2625 4092
430 337 731 397 ΑΝΑΧΑΡΣΙΣ.
1043 336 1084 399 53

78 504 301 585 συμπλοκαῖς,
322 494 431 583 οἶμαι,
453 504 511 582 τῆς
525 496 664 581 ψάμμου
680 492 742 563 τδν
758 491 901 565 ὄλισθον
918 495 1085 583 ἀφαιρού-

78 616 143 681 σης
152 599 207 665 καλ
224 602 440 685 βεβαιοτέραν
452 601 488 665 ἐν
504 602 592 686 ξηρςδ
603 596 812 682 παρεχούσης
826 594 888 682 την
899 594 1084 682 ἀντίληψιν.

77 700 107 761 3.
125 698 159 761 oc
171 696 208 763 δὲ
224 693 439 781 ὀρθοστάδην
456 698 664 781 κεκονιμένοι
678 697 733 762 καὶ
748 692 842 762 αὐτοὶ
856 701 1014 762 παίουσιν
1025 690 1087 762 ἀλ-

78 794 201 878 λήλους
221 794 467 880 προσπεσόντες
480 796 534 861 καὶ
549 799 774 873 λακτίζουσιν·
803 790 917 860 οὑτοσὶ
932 798 1017 876 γοῦν
1032 793 1086 858 καὶ

79 888 157 969 τοὺς
172 888 313 970 ὀδόντας
333 897 442 961 ἐοικεν
462 889 668 958 ἀποπτύσειν
688 888 706 957 ὁ
724 895 954 976 κακοδαίμων,
980 886 1086 967 οὕτως

79 989 216 1073 αἳματος
230 988 320 1080 αὐτῷ
335 993 390 1058 καὶ
403 989 542 1077 ψάμμου
555 987 804 1073 ἀναπέπλησται
817 985 854 1054 τό
871 988 993 1074 στόμα,
1007 987 1085 1072 πύξ,

79 1082 124 1162 ὡς
135 1082 226 1173 ὁρᾷς,
241 1089 468 1173 παταχθέντος
478 1089 511 1165 ἐς
522 1084 583 1172 τὴν
593 1086 735 1171 γνάθον.
757 1083 832 1153 ἀλλ’
846 1082 925 1153 ούδέ
939 1082 958 1153 ὁ
973 1083 1085 1172 ἄρχων

79 1180 194 1250 οὑτοσὶ
210 1188 374 1271 διίστησιν
389 1182 512 1261 αύτούς
532 1185 588 1253 καί
602 1184 674 1250 λύει
692 1181 754 1269 τὴν
768 1182 878 1269 μάχην
892 1224 935 1235 -
950 1189 1085 1269 τεκμαί-

78 1305 179 1365 ρομαι
194 1279 259 1366 γάρ
279 1290 318 1369 τῇ
335 1286 521 1367 πορφυρίδι
536 1288 603 1349 τῶν
617 1278 790 1366 ἀρχόντων
804 1278 878 1348 τινά
900 1287 1021 1349 τοῦτον
1038 1277 1085 1347 τί·

78 1408 193 1448 ναι-
209 1388 239 1450 4.
257 1381 274 1449 ὁ
291 1383 326 1451 δὲ
341 1386 396 1452 καὶ
412 1384 587 1466 ἐποτρύνει
601 1386 655 1450 καὶ
669 1381 731 1450 τόν
745 1382 934 1463 πατάξαντα
947 1385 1084 1450 έτταινεί.

78 1479 174 1549 ἀλλοι
199 1484 235 1550 δὲ
258 1480 421 1570 ἀλλαχόθι
445 1486 566 1563 πάντες
588 1488 766 1571 ἐγκονοῦσι
789 1488 844 1553 καλ
868 1482 1086 1570 ἀναπηδῶσιν
1152 1513 1154 1526 ·

80 1576 192 1664 ῶσπερ
215 1581 354 1661 θέοντες
374 1584 426 1650 ἐπὶ
442 1590 504 1651 τοῦ
525 1580 630 1650 αὐτοῦ
651 1587 809 1667 μένοντες
827 1586 882 1651 καὶ
904 1585 938 1660 ἐς
959 1579 996 1650 τό
1013 1580 1086 1649 ἀνω

78 1676 324 1764 συναλλόμενοι
339 1687 524 1761 λακτίζουσι
538 1678 598 1747 τόν
612 1679 702 1763 ἀέρα.
731 1686 761 1749 5.
776 1689 883 1749 ταῦτα
898 1674 963 1748 οὖν
977 1684 1085 1749 ἐθέλω
1102 1691 1155 1749 886

79 1778 203 1842 εἰδέναι
224 1783 314 1855 τίνος
333 1775 468 1863 ἀγαθοῦ
488 1774 532 1844 ἀν
554 1787 604 1862 είη
626 1793 751 1847 ποιεῖν·
784 1776 829 1857 ὡς
849 1784 961 1864 έμονγε
983 1785 1086 1865 μανίη

77 1880 208 1957 μάλλον
224 1876 366 1942 ἐοικέναι
388 1882 481 1943 δοκεῖ
500 1871 537 1943 τδ
557 1883 709 1962 πρᾶγμα,
735 1878 791 1945 καλ
805 1876 868 1943 ούκ
889 1880 979 1943 ἐστιν
996 1874 1088 1953 ὅστις

78 1966 123 2036 ἀν
139 1973 261 2059 ῥᾳδίως
275 1977 482 2058 μεταπείσειέ
493 1999 533 2057 με
555 1971 598 2051 ῶς
614 1973 655 2040 ού
672 1981 921 2058 παραπαίουσιν
935 1978 970 2042 οί
981 1981 1084 2042 ταῦτα

78 2074 234 2152 δρῶντες.

163 2174 193 2235 6.
211 2175 381 2237 ΣΟΛΩΝ.
399 2172 465 2241 Καὶ
479 2171 623 2256 είκότως,
640 2164 667 2236 ἀ
680 2169 867 2255 Ἀνάχαρσι,
883 2170 1020 2238 τοιαῦτά
1031 2191 1085 2237 σοι

78 2292 118 2331 τα
141 2267 323 2351 γιγνόμενα
343 2274 496 2354 φαίνεται
518 2271 594 2348 ξένα
608 2293 647 2354 γε
668 2264 749 2334 ὄντα
764 2268 819 2335 καλ
839 2263 998 2352 πάμπολυ
1018 2272 1085 2333 τῶν

80 2364 267 2433 Σκυθικῶν
281 2368 373 2434 ἐθῶν
386 2366 573 2457 ἀπᾴδοντα,
587 2367 741 2449 καθάπερ
755 2368 810 2433 καὶ
821 2362 901 2450 ύμῖν
916 2361 1021 2433 πολλά
1037 2369 1085 2430 εί-

79 2461 138 2541 κός
153 2460 238 2531 εἶναι
248 2466 427 2552 μαθήματα
439 2470 493 2535 καὶ
505 2464 746 2551 ἐπιτηδεύματα
760 2478 828 2541 τοῖς
837 2461 993 2549 Ἕλλησιν
1005 2460 1084 2547 ἡμῖν

80 2558 243 2630 ἀλλόκοτα
261 2561 345 2630 εἶναι
367 2566 508 2645 δόξαντα
524 2565 584 2647 ἀν,
607 2572 639 2630 εί
650 2589 700 2640 τις
715 2560 812 2648 ἡμῶν
834 2559 944 2644 ὥσπερ
960 2558 1003 2626 σύ
1018 2567 1085 2625 νῦν

79 2664 229 2746 ἐπισταίη
244 2662 363 2741 αύτοίς.
386 2664 475 2751 πλὴν
488 2661 571 2735 ἀλλά
583 2663 721 2745 θάρρει,
738 2654 867 2744 ὦγαθέ·
889 2658 931 2726 ού
942 2658 1007 2745 γάρ
1019 2684 1085 2743 μα-

79 2766 136 2827 νία
152 2756 192 2826 τά
209 2762 391 2846 γιγνόμενά
411 2765 501 2830 ἐστιν
521 2766 584 2828 ουδ
618 2786 660 2845 εφ
698 2767 794 2845 υβρει
814 2750 908 2825 οὗτοι
927 2763 1084 2823 παίουσιν

80 2856 246 2943 ἀλλήλους
260 2860 314 2926 καὶ
330 2868 505 2928 κυλίουσιν
525 2864 561 2927 έν
579 2867 624 2948 τῷ
639 2866 732 2948 πηλῷ
753 2853 775 2943 ἦ
792 2857 1007 2923 ἐπιτάττουσι
1023 2853 1084 2940 τὴν

79 2956 196 3041 κόνιν,
220 2953 292 3023 ἀλλ’
310 2963 375 3042 ἔχει
392 2956 466 3024 τινὰ
480 2966 593 3044 χρείαν
610 2955 672 3024 οὐκ
687 2953 811 3040 ἀτερπῆ
827 2954 863 3021 τό
879 2962 1015 3039 πρᾶγμα
1029 2954 1085 3021 καλ

79 3052 191 3139 ἀκμὴν
206 3052 247 3120 ού
267 3053 392 3140 μικράν
407 3056 521 3142 ἐπάγει
539 3070 607 3133 τοῖς
623 3053 791 3139 στόμασιν·
812 3048 856 3138 ἢν
869 3059 955 3137 γοῦν
972 3055 1085 3119 ἐνδια-

79 3158 215 3239 τρίυης,
238 3149 348 3237 ῶσπερ
364 3152 457 3239 οἶμαί
473 3174 510 3221 σε
531 3154 700 3239 ποιήσειν,
725 3160 765 3238 τῇ
784 3149 931 3234 Ἑλλάδι,
954 3147 1017 3217 οόιι
1039 3155 1085 3228 είς

78 3246 214 3335 μακράν
229 3244 274 3328 εἷς
283 3253 338 3317 καλ
351 3249 452 3329 αὐτὸς
463 3257 520 3338 έση
535 3259 602 3317 τῶν
613 3252 861 3335 πεπηλωμένων
876 3244 898 3332 ἢ
911 3250 1084 3334 κεκονιμέ-

80 3375 166 3416 νων·
190 3346 278 3416 ούτω
294 3370 347 3417 σοι
363 3346 400 3417 τό
421 3356 557 3435 πρᾶγμα
572 3347 637 3435 ἡδύ
652 3373 689 3416 τε
703 3346 771 3431 ἅμα
786 3348 841 3413 καὶ
857 3348 1023 3424 λυσιτελὲς
1038 3345 1082 3414 ελ-

78 3476 133 3517 ναι
152 3450 249 3529 δόξει.

121 3584 124 3589 ,
164 3554 299 3615 ANAX.
321 3545 463 3631 Ἄπαγε,
486 3539 513 3613 ύ
528 3546 665 3628 Σόλων,
685 3541 764 3629 ύμῖν
780 3552 883 3610 ταῦτα
897 3547 1027 3623 γένοιτο
1042 3542 1083 3610 τά
1098 3553 1153 3611 887
