2625 4092
217 296 278 360 ωε
564 298 873 378 [Λουπικαοη

214 460 268 526 καί
284 455 489 545 ὀγδοήκοντα
504 461 588 527 ἐτῶν
608 461 752 545 νοσήσας
768 463 966 547 ἐτελεύτησε.
999 467 1133 544 Τίραιος
1150 459 1190 528 δέ
1206 460 1222 526 ὁ

214 553 296 642 μεθ’
311 554 514 642 ’Τσπασίνην
527 564 636 640 τρίτος
649 559 848 645 βασιλεύσας
868 559 929 625 δύο
945 561 1000 625 καὶ
1018 557 1222 643 ἐνενήκοντα

214 652 311 741 βιούς
325 656 477 723 ἐτελεύτα
491 657 590 743 νόσω.
611 652 804 743 Ἀρτάβαζος
821 657 857 723 δέ
875 654 892 722 ὁ
910 654 991 741 μετὰ
1010 663 1147 741 Τίραιον
1163 656 1217 741 ἕβ-

214 757 316 837 δομος
329 754 529 840 βασιλεύσας
539 755 574 833 ἓξ
583 755 637 820 καί
648 749 854 838 ὀγδοήκοντα
866 755 950 820 ἐτῶν
965 755 1140 839 καταχθείς
1151 750 1219 819 άπο

211 851 366 934 Πάρθων
381 854 581 938 ἐβασίλευσε.
610 853 666 919 καὶ
683 859 880 936 Μνασκίρης
901 851 937 918 δὲ
952 849 1109 938 βασιλεὺς
1123 858 1220 934 Παρ-

211 955 346 1016 θυαίων
360 951 394 1029 ἐξ
409 952 463 1018 καί
479 949 679 1036 ἐνενήκοντα
693 953 806 1035 ἔζησεν
823 954 887 1034 ἐτη.
919 953 968 1016 17.
984 955 1220 1026 Μασσινισσᾰς

144 1060 196 1114 m
214 1044 250 1112 δέ
263 1051 492 1131 Μαυρουσίων
500 1045 658 1135 βασιλεὺς
667 1045 865 1131 ἐνενήκοντα
876 1050 1013 1134 ἐβίωσεν
1022 1053 1087 1132 ἐτη.
1096 1045 1218 1114 ’Ἀσαν-

213 1147 292 1226 δρος
312 1141 349 1210 δέ
365 1140 383 1212 δ
397 1140 464 1213 ύπδ
482 1153 543 1213 τοῦ
558 1154 647 1214 θεοῦ
664 1153 826 1234 σεβαστοῦ
844 1143 917 1215 ἀντὶ
933 1146 1102 1231 ἐθνάρχου
1118 1153 1219 1231 βασι-

211 1237 290 1320 λεύς
310 1238 551 1328 άναχορευθεὶς
570 1243 749 1329 Βοσπόρου
773 1245 847 1326 περὶ
868 1251 922 1330 ἐτη
946 1241 994 1312 &v
1015 1244 1219 1330 ἐνενήκοντα

210 1341 408 1426 ίππομάχων
421 1343 476 1408 καί
492 1342 685 1428 πεζομάχων
700 1338 838 1419 ούδενός
852 1341 959 1428 ήττων
974 1343 1098 1428 ἐφάνη·
1122 1339 1167 1418 ὡς
1183 1345 1219 1408 δέ

211 1439 298 1523 εἰόρα
311 1435 391 1516 τούς
402 1437 468 1507 ύπδ
478 1447 516 1529 τῇ
527 1440 615 1528 μάχη
625 1447 824 1528 Σκριβωνίῳ
837 1443 1119 1524 προστιθεμένους
1129 1437 1219 1505 άπο-

145 1602 147 1606 ,
209 1535 370 1622 σχόμενος
391 1544 506 1606 σιτίων
522 1539 712 1623 ἐτελεύτησε
733 1535 829 1625 βιούς
849 1544 904 1624 ἐτη
924 1544 998 1622 τρία
1020 1539 1075 1604 καί
1097 1536 1218 1622 ἐνενή-

208 1660 339 1703 κοντα·Δ
356 1636 498 1714 Γόαισος
520 1639 571 1720 δέ,
596 1635 639 1715 ὥς
660 1656 764 1721 φησιν
784 1635 946 1717 Ἰσίδωρος
965 1633 984 1704 ὁ
1004 1633 1216 1719 Χαρακηνός.

209 1735 262 1803 ἐπὶ
277 1740 335 1820 τῆς
350 1735 471 1801 ἑαυτοῦ
488 1733 615 1820 ἡλικίας
625 1734 776 1821 Ὀμανιόν
793 1744 851 1821 τῆς
868 1733 1134 1821 ἀρωματοφόρου
1150 1739 1216 1818 βα-

208 1830 364 1910 σιλεύσας
378 1837 613 1900 πεντεκαίδεκα
625 1836 680 1901 καὶ
695 1831 812 1901 ἑκατόν
824 1831 971 1919 γεγονός
985 1836 1068 1900 ἐτῶν
1083 1830 1217 1900 ἐτελεύ-

208 1949 286 2013 τησε
304 1930 404 2016 νόσω.

245 2082 247 2085 .
293 2029 453 2105 Βασιλέως
463 2028 525 2112 μὲν
539 2020 603 2092 ούν
613 2027 795 2106 τοσούτους
808 2027 1000 2114 ἱστορήκασι
1010 2031 1217 2112 μακροβίους

208 2128 241 2191 οί
259 2121 324 2206 πρό
339 2121 445 2209 ήμῶν.
480 2131 530 2194 18.
547 2127 617 2193 ἐπεὶ
637 2125 673 2192 δέ
690 2128 744 2194 καὶ
766 2127 946 2212 φιλόσοφοι
967 2126 1022 2194 καὶ
1042 2125 1165 2204 πάντες
1184 2129 1217 2191 οί

137 2240 188 2294 221
208 2225 283 2306 περὶ
298 2227 454 2290 παιδείαν
465 2229 609 2310 ἔχοντες,
631 2226 818 2311 ἐπιμέλειάν
834 2252 903 2305 πως
919 2229 973 2293 καὶ
988 2217 1081 2292 ούτοι
1093 2223 1215 2290 ποιού-

206 2321 302 2406 μενοι
320 2324 465 2408 ἑαυτῶν,
489 2329 535 2402 είς
551 2322 680 2410 μακρόν
695 2332 798 2410 χήρας
813 2318 941 2410 ήλθον,
963 2322 1215 2418 ἀναγράφωμεν

205 2422 407 2488 καὶτούτων
423 2419 501 2501 τούς
514 2425 767 2510 ἱστορημένους,
783 2427 836 2491 καί
852 2423 1003 2508 πρώτους
1016 2449 1055 2509 γε
1070 2427 1213 2507 φιλοσό-

206 2546 301 2606 φους.
331 2521 543 2606 Δημόκριτος
558 2522 620 2607 μὲν
637 2520 655 2588 ὁ
671 2521 862 2609 Ἀβδηρίτης
879 2525 961 2591 ἐτῶν
975 2519 1120 2606 γεγονός
1135 2543 1215 2587 τεσ-

204 2621 319 2704 σάρων
336 2621 392 2688 καί
407 2619 526 2688 ἑκατὸν
542 2619 768 2706 ἀποσχόμενος
782 2630 908 2707 τροφής
922 2621 1082 2689 ἐτελεύτα.
1105 2622 1214 2697 Ξενό-

204 2727 303 2804 φιλος
318 2720 355 2786 δὲ
370 2716 388 2784 ό
403 2720 579 2803 μουσικός,
596 2718 640 2796 ὥς
656 2741 760 2805 φησιν
775 2719 1011 2804 Ἀριστόξενος,
1033 2717 1216 2805 προσσχών

203 2825 243 2905 τῇ
257 2817 468 2902 Πυθαγόρου
486 2825 668 2907 φιλοσοφίᾳ
686 2817 769 2900 ὑπὲρ
784 2817 824 2884 τό
839 2823 936 2886 πέντε
950 2819 1004 2886 καί
1021 2817 1140 2886 ἑκατὸν
1154 2825 1213 2903 ἔτη

154 2960 156 2973 1
200 2912 385 3000 Ἀθήνησιν
405 2917 530 3002 ἐβίωσε.
564 2917 686 2984 Σόλων
703 2918 739 2984 δέ
760 2920 813 2984 καὶ
832 2925 940 3001 Θαλῆς
962 2920 1017 2985 καί
1035 2917 1213 3002 Πιττακός,

203 3016 324 3091 οἵτινες
344 3021 412 3081 τῶν
434 3019 629 3101 κληθέντων
650 3013 729 3083 ἑπτὰ
754 3024 871 3100 σοφῶν
891 3017 1061 3099 ἐγένοντο,
1090 3017 1216 3083 ἑκατόν

203 3116 340 3192 ἕκαστος
354 3117 467 3199 ἐζησεν
486 3120 550 3201 ἐτη.
581 3122 629 3183 19.
646 3116 766 3201 Ζήνων
787 3112 822 3180 δέ
840 3111 857 3180 ὁ
873 3121 929 3198 τῆς
943 3119 1094 3199 Στωϊκῆς
1109 3122 1214 3198 φιλο·

202 3218 322 3296 σοφίας
336 3208 480 3298 άρχηχός
491 3210 576 3281 όκτω
589 3216 642 3282 καί
654 3214 872 3299 ἐνενήκοντα,
890 3209 1047 3298 ὅνφασιν
1061 3214 1214 3299 εἰσερχό-

132 3327 184 3384 m
202 3336 307 3396 μενον
319 3315 365 3388 είς
378 3307 440 3396 τήν
450 3313 626 3398 ἐκκλησίαν
639 3314 695 3381 καὶ
708 3319 977 3396 προσπταίσαντα
992 3307 1213 3397 άναφθέγξα-

201 3419 299 3492 σθαι,
329 3415 372 3476 Τί
387 3434 429 3496 με
445 3414 543 3498 βοᾷς;
566 3412 620 3480 καὶ
638 3409 892 3495 ὑποστρέψαντα
914 3413 1027 3479 οίκαδε
1048 3411 1103 3479 καὶ
1123 3407 1212 3477 άπο-

201 3510 365 3592 σχόμενον
386 3516 511 3594 τροφῆς
527 3517 716 3594 τελευτῆσαι
738 3507 796 3576 τόν
817 3517 901 3596 βίον.
936 3511 1115 3595 Κλεάνθης
1136 3507 1210 3578 δδὸ
