2625 4092
448 285 746 344 ΑΝΑΧΑΡΣΙΣ.
1058 285 1099 347 63

93 445 130 510 ἐκ
145 448 293 526 πολέμου
305 445 427 511 σώσειν
446 445 508 529 τὴν
529 443 627 511 πόλιν
644 446 699 512 καὶ
715 447 898 531 ἐλευθέραν
914 451 969 515 καὶ
987 444 1084 517 εύδαί

91 566 180 625 μονα
196 540 423 626 διαφυλάξειν.
451 540 512 627 τὴν
526 542 587 626 μὲν
603 540 642 627 δη
664 540 800 628 πρῶτην
820 542 1015 632 ἀνατροφὴν
1035 542 1098 613 αύ-

91 645 161 705 τῶν
181 637 324 724 μητράσι
347 640 408 707 καί·
421 648 550 717 τίτθαις
566 642 620 707 καί
637 644 861 725 παιδαγωγοῖς
881 644 1098 728 ἐπιτρέπομεν

91 733 159 802 ὑπὸ
178 740 340 813 παιδείαις
360 739 564 820 ἐλευθερίοις
581 736 675 822 ἀγειν
696 763 730 804 τε
744 739 800 807 καὶ
813 740 948 823 τρέφειν
963 737 1097 824 αύτούς,

90 831 230 900 ἐπειδάν
252 834 289 901 δὲ
308 836 441 903 συνετοὶ
462 834 524 920 ἤδη
543 839 724 920 γίγνωνται
739 843 808 903 τῶν
825 845 933 917 καλῶς
954 840 1099 923 ἐχόντων

90 934 146 999 καὶ
160 927 262 1008 αίδῶς
274 932 328 999 καὶ
346 932 499 1017 ἐρύθημα
511 935 564 1000 καὶ
582 932 688 1020 φόβος
704 936 759 1001 καί
770 936 931 1020 ἐπιθυμία
943 942 1011 1002 τῶν
1022 933 1098 1018 ἀρί-

90 1050 181 1096 στων
192 1026 384 1114 ἀναφύηται
395 1028 507 1108 αὐτοῖς
517 1033 571 1099 καὶ
579 1028 665 1098 αύτά
675 1030 738 1117 ἤδη
749 1030 790 1100 τά
799 1033 934 1117 σῶματα
944 1030 1096 1119 ἀξιόχρεα

90 1131 176 1214 δοκῇ
186 1125 270 1212 πρὸς
280 1124 360 1203 τούς
370 1128 497 1205 πόνους
506 1127 695 1214 παγιύτερα
706 1129 889 1216 γιγνόμενα
898 1134 953 1200 καί
965 1130 1049 1217 πρὸς
1058 1130 1095 1200 τὸ

90 1224 310 1311 ἰσχυρότερον
322 1224 564 1311 συνιστάμενα,
582 1234 763 1312 τηνικαῦτα
774 1226 837 1313 ἤδη
847 1229 1096 1315 παραλαβόντες

89 1319 215 1403 αύτούς
236 1322 439 1409 διδάσκομεν
458 1322 541 1390 ἀλλα
559 1325 620 1410 μὲν
641 1331 699 1410 τῆς
716 1334 823 1411 ψυχῆς
842 1327 1022 1412 μαθήματα
1041 1326 1096 1393 καὶ

86 1421 261 1505 γυμνάσια
278 1422 508 1507 προτιθέντες,
532 1420 638 1501 ἄλλως
655 1423 691 1490 δὲ
708 1420 792 1506 πρὸς
804 1420 884 1501 τούς
901 1422 1026 1500 πόνους
1040 1425 1095 1491 καὶ

87 1515 127 1587 τά
146 1519 282 1605 στόματα
300 1522 478 1599 ἐθίζοντες·
508 1518 549 1587 ού
565 1518 631 1605 γάρ
648 1519 767 1588 ίκανόν
782 1519 863 1607 ἡμίν
883 1524 996 1600 ἔδοξεν
1013 1519 1093 1587 αύτδ

87 1618 198 1704 μόνον
213 1624 318 1703 φῦναι
335 1615 378 1695 ῶς
397 1624 463 1704 έφυ
478 1619 615 1695 ἕκαστος
631 1616 702 1703 ἤτοι
716 1617 798 1686 κατά
813 1617 850 1686 τό
866 1625 959 1702 σῶμα
976 1612 1094 1704 ἢκατά

86 1712 150 1800 την
162 1714 288 1801 ψυχήν,
304 1712 387 1784 ἀλλά
399 1718 453 1784 καὶ
466 1715 673 1795 παιδεύσεως
681 1719 736 1784 καὶ
746 1717 956 1802 μαθημάτων
966 1712 1019 1783 ἐπ’
1032 1713 1095 1781 αύ-

86 1810 168 1892 τούς
183 1814 347 1898 δεόμεθα,
370 1810 430 1899 ὑφ’
449 1805 498 1881 ῶν
513 1812 553 1881 τά
569 1839 604 1881 τε
621 1812 756 1897 εὐφυῶς
771 1818 960 1898 διακείμενα
976 1819 1094 1899 βελτίω

86 1909 180 1995 παρά
205 1909 292 1979 πολύ
312 1919 460 1997 γίγνοιτο
482 1908 526 1980 ἀν
551 1915 605 1980 καί
630 1908 670 1978 τά
695 1912 833 1995 φαύλως
852 1916 969 1996 ἔχοντα
991 1936 1093 1995 μετα·
1111 1923 1163 1977 θοθ

85 2023 245 2095 κοσμοῑτο
259 2008 342 2091 πρὸς
354 2007 390 2078 τό
406 2013 553 2096 βέλτιον·
576 2012 629 2078 καὶ
644 2007 682 2077 τό
694 2010 903 2098 παράδειγμα
913 2005 993 2096 ἡμῖν
1004 2005 1093 2091 παρὰ

85 2117 156 2176 τῶν
170 2115 345 2194 γεωργῶν,
363 2116 398 2176 οδ
408 2108 448 2175 τά
463 2107 553 2195 φυτά
568 2113 661 2195 μέχρι
672 2110 735 2194 μὲν
748 2109 909 2195 πρόσγεια
923 2109 978 2174 καὶ
989 2106 1093 2192 νήπιά

85 2210 173 2290 ἐστι,
195 2209 355 2275 σκέπουσι
375 2210 429 2274 καὶ
446 2208 745 2291 περιφράττουσιν,
767 2204 811 2284 ῶς
830 2203 874 2291 μη
892 2206 1092 2291 βλάπτοιντο

85 2302 154 2371 ὑπὸ
170 2311 239 2371 τῶν
254 2308 471 2390 πνευμάτων,
493 2303 628 2373 ἐπειδάν
644 2307 680 2372 δὲ
699 2304 763 2392 ἤδη
779 2305 966 2389 παχύνηται
981 2299 1018 2369 τδ
1036 2307 1092 2386 ἔρ-

15 2478 19 2487 .
86 2430 162 2487 νος,
178 2410 359 2488 τηνικαῦτα
374 2407 610 2489 περιτέμνουσί
625 2430 661 2471 τε
673 2404 714 2470 τά
729 2402 862 2487 περιττά
879 2405 934 2470 καὶ
948 2405 1090 2487 παραδι-

85 2502 203 2580 δόντες
219 2500 303 2569 αύτά
319 2518 386 2581 τοῖς
403 2502 537 2590 ἀνέμοις
552 2507 664 2571 δονεῖν
678 2505 733 2570 καὶ
745 2502 956 2568 διασαλεύειν
970 2524 1092 2585 καρπι-

85 2602 219 2687 μῶτερα
231 2602 465 2685 ἐξεργάζονται.
488 2607 538 2669 21.
550 2599 613 2688 τὴν
624 2600 686 2685 μέν
698 2607 816 2667 τοίνυν
826 2596 937 2685 ψυχὴν
948 2605 1092 2685 μουσικῇ

84 2698 121 2767 τό
139 2706 276 2784 πρῶτον
290 2702 343 2767 καὶ
360 2698 563 2788 ἀριθμητικῇ
574 2698 833 2783 ἀναρριπίζομεν
847 2697 902 2764 καὶ
914 2695 1090 2782 γράμματα

85 2798 282 2883 γράψασθαι
309 2801 363 2866 καὶ
391 2807 496 2884 τορῶς
523 2797 608 2865 αύτά
635 2799 847 2877 ἐπιλέξασθαι
873 2796 1089 2877 διδάσκομεν·
1196 2862 1201 2871 ,

85 2902 242 2981 προϊοῦσι
258 2898 294 2965 δὲ
304 2896 368 2984 ἤδη
379 2906 497 2984 σοφῶν
510 2896 645 2981 ἀνδρῶν
660 2894 794 2982 γνῶμας
805 2896 859 2963 καὶ
871 2900 952 2980 ἔργα
966 2888 1090 2960 παλαιά

84 2996 139 3063 καὶ
154 2996 277 3081 λόγους
293 2995 480 3083 ῶφελίμους
494 3000 531 3066 ἐν
550 2998 681 3083 μέτροις
696 2994 1023 3080 κατακοσμήσαντες,
1046 2989 1090 3069 ῶς

84 3102 213 3177 μᾶλλον
236 3098 497 3182 μνημονεύοιεν,
524 3098 747 3185 ῥαψῳδοῦμεν
769 3089 888 3170 αὐτοῖς.
921 3095 957 3159 οί
975 3090 1011 3158 δέ
1034 3092 1090 3157 καὶ

83 3189 264 3270 ἀκούοντες
280 3191 444 3277 ἀριστείας
453 3192 547 3273 τινάς
557 3196 612 3262 καί
623 3195 757 3277 πράξεις
768 3190 940 3277 ἀοιδίμους
950 3186 1089 3275 ὀρέγον-

83 3317 135 3358 ται
148 3289 231 3358 κατά
248 3291 370 3377 μικρὸν
387 3295 441 3361 καὶ
455 3291 538 3377 πρός
554 3301 693 3379 μίμησιν
710 3294 953 3377 ἐπεγείρονται,
975 3286 1020 3367 ῶς
1034 3291 1089 3356 καὶ

83 3389 177 3456 αύτοὶ
197 3387 332 3475 ᾄδοιντο
354 3392 408 3457 καί
427 3392 653 3477 θαυμάζοιντο
676 3387 742 3457 ύπὸ
763 3396 831 3455 τῶν
850 3384 1011 3473 ὕστερον,
1035 3381 1088 3455 ola

83 3482 189 3553 πολλά
200 3484 351 3565 Ἡσίοδός
364 3513 399 3555 τε
408 3486 488 3575 ἡμῖν
498 3494 552 3556 καὶ
559 3489 703 3575 Ὅμηρος
714 3492 881 3571 ἐποίησαν.
906 3482 1042 3552 ἐπειδάν
1052 3489 1087 3552 δέ
