2625 4092
189 317 250 381 188
543 321 850 382 AOYKIANOY

187 480 243 546 καὶ
259 483 392 561 προσέτι
412 479 479 566 μὴν
496 483 550 550 καὶ
565 478 626 566 τὴν
643 477 762 566 φωνὴν
778 478 884 567 αύτην
899 484 1146 566 ἐπιταράττεται
1160 487 1198 552 ἐν

188 574 294 654 οὕτως
309 574 453 668 εὐφώνῳ
470 579 525 646 καὶ
541 575 670 662 ἠχήεντι
687 587 766 667 οίκῳ
782 582 906 663 λέγων·
939 578 1199 666 ἀντιφθέγγεται

187 672 252 760 γάρ
266 680 320 743 καὶ
331 675 517 761 ἀντιφωνεῖ
526 681 581 745 καὶ
592 676 772 763 ἀντιλέγει,
788 668 967 764 μᾶλλονδὲ
983 682 1198 750 ἐπικαλύπτει

186 773 248 858 τὴν
261 775 363 859 βοήν,
379 771 453 842 οἷόν
466 803 498 842 τι
512 777 568 841 καὶ
585 776 725 860 σάλπιγξ
738 780 801 863 δρᾷ
816 773 876 842 τόν
890 775 1012 862 αύλόν,
1028 785 1059 858 εί
1067 802 1198 846 συναυ-

187 881 294 953 λοῖεν,
309 867 331 956 ἦ
345 870 425 951 τούς
439 870 617 949 κελευστάς
631 871 651 958 ἡ
665 874 832 954 θάλαττα,
848 873 974 942 ὁπόταν
991 876 1074 960 πρός
1088 879 1200 964 κύμα-

187 996 242 1046 τος
257 963 341 1056 ἦχον
361 972 497 1060 ἐπᾴδειν
513 977 553 1058 τῇ
574 977 698 1059 εἰρεσίᾳ
715 973 878 1038 θέλωσιν
907 977 1076 1056 ἐπικρατεῖ
1093 971 1158 1059 γάρ
1177 972 1198 1060 ἡ

186 1074 422 1152 μεγαλοφωνία
440 1069 495 1134 καί
509 1074 703 1155 κατασιωπᾷ
722 1066 759 1134 τό
776 1060 885 1152 ἦττον.
919 1073 968 1136 17.
985 1072 1038 1137 καὶ
1053 1068 1121 1157 μὴν
1136 1069 1199 1138 κά-

172 1180 295 1248 κεῖνο,
316 1162 397 1249 ὅπερ
413 1170 477 1250 ἐφη
493 1164 511 1232 ὁ
530 1162 713 1246 ἀντίδικος,
735 1164 780 1242 ὡς
798 1164 862 1247 ἀρα
878 1165 1036 1252 ἐπεγείρει
1059 1165 1076 1234 ὁ
1096 1165 1199 1246 καλός

187 1261 276 1339 οἶκος
289 1261 349 1329 τόν
360 1266 500 1348 λέγοντα
513 1265 567 1330 καὶ
578 1262 838 1348 προθυμότερον
851 1269 1109 1348 παρασκευάζει,
1126 1267 1199 1350 ἐμοὶ

188 1365 280 1428 δοκεῖ
294 1359 330 1427 τό
349 1365 501 1429 ἐναντίον
520 1375 644 1428 ποιεῖν·
678 1363 849 1447 ἐκπλήττει
865 1358 929 1447 γάρ
947 1365 1002 1430 καί
1024 1369 1127 1449 φοβεῖ
1144 1363 1198 1428 καὶ

186 1457 246 1524 τόν
260 1457 423 1545 λογισμόν
444 1460 650 1541 διαταράττει
667 1461 722 1526 καὶ
739 1459 928 1542 δειλότερον
949 1459 1117 1543 ἐργάζεται
1141 1462 1198 1527 ἐν·

186 1558 408 1643 θυμούμενον
432 1555 476 1635 όις
497 1555 656 1624 ἁπάντων
678 1558 766 1625 ἐστὶν
791 1566 960 1643 αἴσχιστον
979 1560 1015 1624 ἐν
1037 1555 1198 1646 εύμόρφφ

187 1663 295 1745 χωρίῳ
313 1653 358 1741 μὴ
375 1654 512 1742 ὁμοίους
526 1662 710 1741 φαίνεσθαι
726 1652 805 1732 τούς
820 1654 950 1740 λόγους.
975 1657 1118 1740 ἐλέγχων
1132 1652 1198 1740 γάρ

188 1746 286 1832 οὗτός
300 1751 369 1839 γεὸ
382 1753 630 1839 φανερώτατος,
647 1751 758 1833 ὥσπερ
771 1749 814 1818 ἀν
830 1761 863 1819 εί
872 1779 921 1830 τις
934 1758 1125 1819 πανοπλίαν
1136 1779 1198 1819 κα-

187 1851 251 1938 λὴν
267 1850 366 1932 ἐνδύς
381 1859 492 1921 ἔπειτα
507 1853 630 1938 φεύγοι
645 1849 709 1936 πρό
726 1859 795 1918 τῶν
811 1850 940 1934 ἀλλων,
959 1852 1199 1936 ἐπισημότερος

188 1947 236 2016 ἀν
251 1948 361 2029 δειλός
374 1948 439 2018 ἀπὸ
454 1960 522 2019 τῶν
534 1949 657 2018 ὅπλων.
681 1957 779 2017 τοῦτο
793 1953 832 2017 δέ
844 1976 900 2034 μοι
911 1954 1006 2017 δοκεῖ
1017 1949 1199 2035 λογισάμε-

59 2052 62 2062 ’
118 2067 171 2119 200
188 2075 246 2125 νος
261 2046 347 2116 καὶὸ
368 2058 430 2116 τού
445 2047 591 2135 Ὁμήρου
606 2049 716 2137 ῥητωρ
738 2051 864 2126 ἐκεῖνος
884 2045 1067 2134 εύμορφίας
1086 2047 1198 2132 ἐλάχι-

186 2169 266 2212 στον
278 2154 470 2232 φροντίσαι,
485 2156 614 2234 μᾶλλον
626 2147 662 2215 δὲ
673 2150 728 2215 καὶ
737 2152 906 2222 παντελῶς
918 2144 1009 2228 ἀλδρι
1021 2147 1106 2230 φωτί
1118 2146 1198 2212 εἀο-

185 2240 246 2310 τόν
268 2241 460 2329 ἀπεικάσαι,
483 2249 539 2312 ἰὐα
554 2243 644 2334 αὐτῷ
668 2245 936 2327 παραδοξότερον
954 2249 1113 2327 φαιύηται
1128 2249 1198 2309 τῶν

185 2343 297 2426 λόγων
311 2340 349 2409 τό
364 2343 485 2420 κάλλος
497 2346 533 2410 ἐκ
545 2350 602 2428 της
613 2340 697 2424 πρὸς
712 2339 748 2408 τό
761 2339 995 2427 ἀμορφότερον
1010 2339 1195 2418 ἐξετάσεως.

185 2439 293 2518 άλλως
306 2467 342 2508 τε
356 2439 485 2526 ἀνάγκη
501 2448 590 2509 πάσα
605 2441 660 2508 καὶ
677 2437 738 2524 την
754 2447 815 2505 τού
830 2441 985 2522 λέγοντος
999 2435 1105 2504 αὐτοῦ
1121 2439 1198 2504 διά-

185 2565 283 2607 νοιαν
299 2537 511 2624 ἀσχολεῖσθαι
526 2541 602 2621 περὶ
621 2537 683 2624 τὴν
704 2543 791 2606 θέαν
807 2541 935 2624 καὶτῆς
958 2544 1137 2624 φροντίδος
1158 2537 1197 2606 τό

185 2636 317 2727 ἀκριβὲς
333 2640 465 2708 ἐκλύειν
480 2645 537 2724 τῆς
548 2637 655 2718 ὅψεως
667 2639 907 2725 ἐπικρατούσης
922 2639 978 2706 καὶ
991 2637 1077 2722 πρός
1088 2636 1198 2724 αὑτην

185 2740 352 2823 καλούσης
372 2741 425 2806 καὶ
447 2745 492 2826 τῷ
513 2736 601 2827 λόγῳ
619 2741 795 2823 προσέχειν
812 2734 874 2804 οὐκ
895 2736 1007 2821 ἐούσης.
1042 2735 1126 2803 ὥστε
1148 2744 1199 2815 τίς

185 2835 313 2922 μηχανὴ
331 2833 374 2922 μη
392 2835 463 2921 ούχὶ
484 2836 615 2913 πάντως
631 2841 768 2904 ἔλαττον
789 2839 876 2918 ἐρεῖν
891 2833 995 2901 αὐτόν
1015 2842 1072 2920 τῆς
1089 2841 1199 2920 ψυχῆς

186 2935 420 3020 διατριβούσης
435 2937 510 3016 περὶ
530 2932 675 3002 πόντων
695 2934 877 3020 ὁρωμένων
896 2941 1052 3014 ἐπαινον;
1085 2937 1135 3000 18.
1153 2937 1198 3001 ἐώ

186 3029 250 3117 γάρ
262 3036 372 3116 λέγειν
384 3032 435 3098 ότι
446 3035 500 3100 καὶ
514 3038 548 3100 οί
556 3032 719 3113 παρόντες
731 3031 825 3102 αὐτοὶ
838 3035 892 3102 καὶ
904 3031 988 3118 πρὸς
998 3030 1061 3118 την
1070 3030 1198 3117 ἀκρόα-

185 3153 241 3197 σιν
255 3133 514 3216 παρειλημμένοι
528 3130 665 3200 ἐπειδάν
677 3139 723 3211 είς
735 3140 890 3200 τοιοῦτον
905 3130 998 3200 οἰκον
1014 3134 1198 3214 παρέλθω-

186 3252 257 3311 σιν,
281 3225 353 3295 ἀυτὶ
367 3228 541 3311 ἀκροατῶν
560 3233 678 3298 θεαταὶ
698 3239 933 3313 καθίστανται,
956 3234 1009 3298 καὶ
1027 3229 1089 3317 οὐχ
1104 3229 1197 3298 οὕτω

184 3328 383 3414 Δημόδοκος
405 3323 424 3413 ἢ
445 3328 572 3414 Φήμιος
593 3324 614 3414 ἦ
634 3329 784 3416 Θάμυρις
805 3325 827 3414 ἦ
844 3327 992 3414 Ἀμφίων
1012 3325 1033 3414 ἢ
1053 3327 1196 3414 Ὀρφεύς

184 3455 234 3506 τις
254 3432 362 3512 λέγων
377 3430 480 3504 ἐστίν,
506 3425 589 3495 ὥστε
612 3426 804 3497 ἀποσπάσαι
823 3426 885 3514 τὴν
906 3427 1059 3496 διάνοιαν
1081 3427 1197 3496 αὐτῶν

185 3523 251 3594 ἀπό
267 3534 325 3606 τῆς
341 3528 437 3603 θέας·
466 3524 539 3594 ἀλλ’
557 3519 619 3592 οὖν
634 3529 770 3604 ἕκαστος
785 3526 920 3595 ἐπειδάν
934 3526 1042 3610 μόνον
1062 3526 1196 3612 ὑπερβῇ
