2625 4092
420 256 781 321 ’ΦΙΛΟΨΕΥΛΗΣ
1047 253 1108 315 113

95 420 219 502 μικρὸν
233 416 402 505 ἠκούομεν
418 424 563 504 οἰμωγῆς
577 417 794 506 ὀδυρομένων
807 417 857 486 ἐπ’
875 417 974 508 αὐτῷ.
998 422 1048 484 26.
1070 420 1112 482 Τί
1218 445 1220 448 ·

97 514 314 603 θαυμαστόν;
337 512 428 583 εἶπεν
440 514 458 583 ὁ
471 515 674 602 Ἀντίγονος·
697 514 762 602 ἐγώ
772 514 838 603 ’γάρ
854 514 928 584 οἶδά
940 541 1014 583 τινα
1025 513 1110 599 μετά

97 612 252 698 είκοστὴν
267 611 395 699 ἡμέραν
414 606 468 703 ἡὴ
484 612 813 700 ἐτάφηάναστάντα,
828 613 1042 696 θεραπεύσας
1054 607 1110 678 καὶ

95 707 164 793 πρὸ
181 716 242 776 τοῦ
259 710 414 777 θανάτου
432 714 486 779 καὶ
508 713 577 779 ἐπεὶ
592 709 713 798 ἀνέστη
734 708 795 778 τὸν
814 711 1011 794 ἄνθρωπον.
1044 710 1108 775 Καὶ

96 814 184 892 πῶς,
208 799 252 893 ἡν
274 805 305 873 δ’
329 808 410 893 έγιό,
441 811 478 876 ἐν
500 818 626 877 ελκοσιν
648 808 784 896 ἡμέραις
807 808 883 876 οὐτε
907 809 1052 893 ἐμύδησε
1071 803 1107 873 τὸ

98 913 192 990 σῶμα
213 904 290 973 οὐτε
311 904 419 985 άλλως
441 904 506 973 ὑπὸ
529 914 628 994 λιμοῦ
649 906 835 992 διεφθάρη;
865 912 893 973 εί
910 906 954 992 μῆ
975 904 1050 971 τινά
1070 928 1108 988 γε

92 1000 305 1090 Ἐπιμενίδην
317 1005 409 1089 σύγε
421 1006 659 1087 ἐθεράπευσας,
683 1010 733 1071 27.
746 1003 812 1088 ἅμα
824 1010 928 1071 ταῦτα
939 1001 1108 1088 λεγόντων
1122 1024 1153 1077 54

97 1098 194 1186 ἡμῶν
213 1104 414 1187 ἐπεισῆλθον
437 1106 470 1169 οί
482 1110 543 1169 τοῦ
561 1100 757 1185 Εὐκράτους
772 1104 839 1168 υίολ
860 1103 897 1167 ἐκ
916 1107 974 1186 τῆς
989 1107 1109 1165 παλαί-

99 1218 217 1282 στρας,
235 1195 326 1284 ὁμὲν
341 1196 405 1285 ῆδη
417 1202 450 1279 ἐξ
462 1201 614 1285 ἐφήβων,
631 1197 648 1265 ὁ
666 1198 702 1267 δὲ
717 1200 828 1284 ἕτερος
841 1198 927 1284 ἀμφὶ
941 1200 980 1264 τά
991 1222 1108 1263 πεντε-

97 1301 234 1362 καίδεκα
252 1302 325 1382 έτη,
347 1298 402 1363 καί
419 1294 650 1383 ἀσπασάμενοι
668 1294 754 1383 ἡμᾶς
770 1299 967 1375 ἐκαθέζοντο
984 1296 1036 1361 ἐπὶ
1052 1301 1109 1378 τῆς

97 1400 214 1479 κλίνης
223 1393 313 1479 παρὰ
325 1400 370 1483 τῷ
382 1402 495 1478 πατρί·
515 1396 586 1480 ἐμοὶ
598 1394 634 1463 δὲ
646 1402 859 1481 εἰσεκομίσθη
870 1394 1005 1476 θρόνος.
1024 1388 1108 1459 καὶὸ

95 1488 273 1579 Εὐκράτης
289 1490 399 1575 ὥσπερ
415 1489 642 1578 ἀναμνησθεὶς
656 1492 740 1576 πρὸς
753 1492 815 1579 τῆν
825 1490 906 1574 ὄψιν
916 1500 985 1559 τῶν
995 1494 1107 1575 υίέων,

99 1586 217 1666 Οὐτως
238 1589 396 1676 ὀναίμην,
419 1595 500 1676 ἔφη,
524 1592 655 1657 τούτων
673 1633 708 1641 -
726 1589 894 1677 ἐπιβαλών
910 1588 1028 1657 αὐτοῖν
1047 1587 1108 1675 τὴν

97 1701 191 1771 χεῖρα
203 1727 243 1737 —-
257 1684 300 1766 ὥς
315 1686 444 1775 ἀληθῆ,
462 1680 488 1756 οδ
503 1692 666 1775 Τυχιάδη,
685 1690 768 1772 πρός
779 1710 816 1756 σε
830 1692 904 1770 ἐρῶ.
927 1686 989 1774 τὴν
999 1713 1108 1772 μακα-

98 1793 186 1868 ρῖτίν
194 1811 261 1870 μου
270 1802 413 1871 γυναῖκα
422 1786 484 1874 τὴν
494 1790 624 1855 τούτων
633 1792 757 1875 μητέρα
766 1788 887 1865 πάντες
897 1798 1009 1856 ίσασιν
1017 1784 1120 1864 ὅπως*

100 1882 282 1970 ἡγάπησα,
293 1883 442 1969 ἐδήλωσα
464 1884 499 1952 δὲ
516 1880 565 1963 οἷς
582 1890 656 1971 περὶ
672 1884 778 1973 αὐτὴν
798 1890 923 1969 ἔπραξα
937 1882 979 1952 οὐ
1000 1890 1109 1965 ζῶσαν

98 1983 207 2067 μόνον
214 2032 224 2065 ,
236 1978 319 2049 ’ἀλλ’
341 1984 410 2049 ἐπεὶ
430 1985 484 2050 καὶ
506 1980 672 2069 ἀπέθανε,
695 1986 755 2051 τόν
775 2010 810 2051 τε
833 1985 962 2069 κόσμον
977 1980 1108 2049 ἅπαντα

100 2080 377 2165 συγκατακαύσας
389 2083 443 2147 καὶ
455 2078 516 2167 τῆν
531 2084 673 2170 ἐσθῆτα,
691 2075 713 2172 ἡ
725 2088 810 2163 ζῶσα
822 2089 969 2168 ἔχαιρεν·
984 2078 1108 2167 ἑβδόμη
1116 2118 1122 2130 -·

99 2178 136 2245 δέ
153 2174 234 2263 μετά
251 2174 313 2264 τῆν
333 2176 492 2264 τελευτὴν
513 2176 619 2269 ἡμέρη
641 2178 706 2266 ἐγω
729 2180 790 2266 μὲν
811 2182 959 2247 ἐνταῦθα
977 2182 1029 2246 ἐπὶ
1052 2185 1108 2264 τῆς

97 2283 214 2363 κλίνης
231 2276 342 2359 ὥσπερ
359 2284 425 2344 νῦν
445 2280 579 2365 ἐκείμην
593 2280 900 2366 παραμυθούμενος
917 2279 953 2345 τό
970 2305 1007 2365 γε
1027 2282 1107 2344 πέν-

97 2386 178 2453 θος·
210 2372 459 2461 ἀνεγίγνωσκον
477 2376 541 2463 γάρ
562 2377 598 2447 ιδ
622 2381 697 2463 περὶ
719 2387 826 2465 ψυχῆς
846 2385 907 2445 τοῦ
926 2378 1108 2453 Πλάτωνος

96 2481 231 2562 βιβλίον
251 2472 304 2560 ἐφ’
322 2472 474 2561 ἡσυχίας.
500 2478 719 2563 ἐπεισέρχεται
741 2480 777 2545 δὲ
797 2475 919 2562 μεταξύ
938 2475 958 2563 ἡ
974 2487 1108 2562 Δημαι-

97 2576 177 2658 νέτη
194 2570 278 2658 αὐτῆ
295 2575 403 2661 ἐκείνη
422 2576 476 2643 καὶ
491 2581 658 2657 καθίζεται
673 2583 815 2661 πλησίον
832 2572 941 2659 ὥσπερ
958 2582 1024 2641 νῦν
1037 2573 1108 2642 Εὐ-

98 2675 256 2758 κρατίδης
270 2670 401 2757 ούτοσί,
423 2677 529 2754 δείξας
546 2673 606 2741 τὸν
622 2676 788 2761 νεώτερον
809 2682 876 2740 τῶν
893 2676 1009 2741 υίέων·
1039 2671 1056 2739 ὁ
1074 2675 1109 2741 δὲ

98 2768 218 2839 αὐτίκα
236 2776 348 2856 ἔφριξε
369 2772 458 2858 μάλα
482 2777 642 2851 παιδικῶς
659 2775 714 2840 καὶ
736 2773 838 2839 πάλαι
859 2771 922 2858 ῆδη
942 2769 1046 2858 ὠχρὸς
1065 2764 1109 2857 ῆν

98 2868 184 2953 πρὸς
199 2868 260 2956 τὴυ
275 2871 437 2957 διήγησιν.
458 2870 540 2956 Ἐγώ
556 2876 606 2955 δέ,
622 2866 643 2957 ῆ
658 2870 691 2939 δ’
711 2868 748 2950 ὃς
760 2868 778 2940 ὁ
792 2866 984 2957 Εὐκράτης,
1002 2869 1047 2949 ὥς
1063 2870 1109 2938 εί-

97 2974 178 3054 δον,
193 2976 405 3053 περιπλακεὶς
422 2969 506 3057 αὐτῆ
523 2970 689 3056 ἐδάκρυον
706 2970 941 3050 ἀνακωκύσας·
963 2968 1032 3059 ἡδὲ
1046 2969 1108 3039 οὐκ
1122 2991 1157 3044 56

98 3078 151 3137 εία
167 3075 269 3154 βοᾶν,
285 3066 358 3137 ἀλλ’
376 3067 491 3157 η’τιάτό
506 3096 563 3155 με,
585 3068 634 3139 ὅτι
647 3072 687 3140 τά
704 3071 788 3144 ἄλλα
805 3072 914 3139 πάντα
927 3070 1108 3158 χαρισάμε-

97 3193 157 3246 νος
173 3166 258 3253 αὐτῆ
272 3169 420 3252 θάτερον
435 3182 505 3235 τοῖν
520 3174 702 3239 σανδάλοιν
713 3185 852 3257 χρυσοῖν
863 3169 977 3237 ὄντοιν
993 3167 1035 3237 οὐ
1046 3196 1108 3256 κα-

97 3268 317 3353 τακαύσαιμι,
334 3264 418 3345 εἶναι
435 3268 469 3333 δὲ
485 3264 566 3334 αὐτὸ
579 3274 703 3354 ἔφασκε
715 3266 909 3351 παραπεσὸν
921 3265 987 3335 ὑπὸ
1002 3278 1043 3357 τῆ
1056 3296 1107 3336 κι-

97 3373 210 3456 βωτῷ,
228 3368 283 3433 καὶ
300 3363 354 3431 διὰ
369 3372 467 3432 τοῦτο
483 3364 575 3451 ἡμεῖς
592 3366 653 3454 οὐχ
669 3366 822 3452 εὑρόντες
836 3370 984 3452 θάτερον
1000 3369 1109 3455 μόνον

97 3466 297 3550 ἐκαύσαμεν.
321 3470 367 3531 ἔτι
381 3466 416 3530 δὲ
427 3460 523 3549 ἡμῶν
538 3468 784 3552 διαλεγομένων
799 3468 988 3619 κατάρατιὲν
1001 3495 1032 3534 τι
1045 3494 1123 3534 κυ·.
1165 3473 1168 3478 ’

183 3576 289 3615 wem«.
309 3560 355 3616 ΙΙΙ.
