2625 4092
213 299 903 361 ΔΗΜΟΣΘΕΝΟΤΣΕΓΚΩΜΙΟΝ.
998 296 1062 361 379

60 472 127 532 κλεῑ
142 463 177 531 δὲ
193 457 230 529 τύ
247 430 414 547 φρόνημα.
437 460 594 545 ἐκτήσατο
609 466 697 545 γοῦν
712 454 825 536 αὐτοῖς
839 455 977 527 ἀκούειν
991 458 1061 526 E&-

59 571 168 649 βοιαν,
192 560 352 646 Μέγαρα,
371 558 411 626 τά
426 560 504 644 περὶ
520 556 581 626 τὸν
596 556 858 643 Ἑλλήσποντον,
878 554 941 643 τήν
954 564 1062 639 Βοιω·

58 668 137 727 τίαν.
160 658 214 727 καὶ
225 664 333 735 καλῶς
345 682 393 743 γε,
412 660 486 741 ἔφη,
503 660 659 722 ποιοῦσιν
670 650 841 739 Ἀθηναίω
851 654 987 740 Χάρητα
1002 652 1062 739 μέν
1117 699 1118 702 =

58 760 110 825 καλ
125 764 315 842 Διοπείθην
339 756 393 822 καὶ
408 752 581 837 Πρόξενον
600 755 655 821 καὶ
675 752 849 829 τοιούτους
865 748 961 833 τινὰς
977 748 1062 837 άπο-

58 855 246 932 δεικνύντες
260 858 471 937 σίρατηγεϊν,
486 853 716 937 Δημοσθένην
730 849 766 916 δὲ
778 858 857 917 είσω
870 852 1063 935 κατέχοντες

58 956 108 1020 ἐπὶ
127 959 188 1021 τοῦ
210 952 364 1041 βήματος.
395 947 440 1027 ὡς
464 954 495 1016 εί
517 955 636 1015 τοῦτον
659 946 718 1014 τὸν
741 944 927 1030 ἄνθρωπον
947 944 1062 1015 ὅπλων

57 1053 232 1139 άπέφηναν
241 1055 296 1120 καὶ
306 1058 394 1118 νεῶν
406 1050 459 1117 καλ
469 1051 702 1131 στρατοπέδων
712 1050 767 1115 καί
779 1055 906 1130 καιρων
916 1048 972 1114 καί
981 1072 1062 1131 χρη·

57 1152 170 1237 μάτων
185 1151 322 1236 κύριον,
344 1148 435 1218 ὀκνῶ
450 1145 494 1234 μή
512 1149 587 1233 περὶ
601 1154 659 1233 τῆς
673 1152 888 1224 Μακεδονίας
905 1145 949 1212 άν
966 1148 1062 1214 κατέ-

57 1253 156 1336 στησέ
169 1278 225 1335 μοι
240 1246 300 1317 τὸν
314 1249 434 1335 λόγον,
449 1248 552 1326 ὅςκαὶ
566 1244 708 1315 νύνάπδ
725 1246 949 1333 ψηφισμάτων
960 1243 1063 1312 άντα-

56 1350 275 1434 γωνιζάμενος
288 1345 369 1434 ἡμῖν
381 1354 550 1432 πανταχοῦ
565 1347 832 1432 σνμπεριτρέχει,
850 1343 1063 1429 καταλαμθάὁ

57 1472 122 1532 νει,
139 1445 266 1528 πόρους
276 1443 439 1531 εὑρίσκει,
456 1445 601 1529 δύναμιν
614 1449 783 1531 συλλέγει,
799 1442 970 1529 ἐπιμήκεις
983 1439 1062 1509 στό-
1080 1450 1133 1505 ⁶19

56 1552 135 1622 λονς
150 1540 355 1628 ἀποπέμπει,
374 1545 547 1612 συντάττει
565 1545 742 1629 δυνάμεις,
758 1540 1039 1629 άντιμεθίσταται.

139 1647 190 1711 38.
216 1648 361 1709 Τοιαῦτα
378 1644 432 1709 καὶ
450 1641 523 1709 τότε
538 1644 592 1709 καὶ
608 1640 927 1725 πολλάκις-πρύςμε
941 1644 1064 1705 Φίλιπ-

55 1764 115 1817 πος
133 1740 208 1821 περὶ
227 1736 369 1822 τάνδρὸς
389 1745 517 1823 ἔλεγεν,
538 1742 576 1806 ἓν
591 1745 659 1807 τοῖν
679 1736 768 1821 παρά
786 1746 844 1824 τῆς
860 1736 960 1821 τύχης
981 1760 1063 1821 χρη·

55 1845 144 1903 στοάν
158 1839 334 1922 τιθέμενος
351 1838 387 1904 τό
403 1832 447 1921 μή
465 1852 661 1923 στρατηγεῖν
678 1834 738 1904 τὸν
752 1837 998 1922 Δημοσθένην,
1020 1821 1063 1899 ού

55 1960 92 2017 γε
109 1936 165 2003 καὶ
179 1932 258 2012 τούς
274 1934 394 2019 λόγους
411 1932 521 2018 ὥσπερ
537 1933 652 2017 κριούς
665 1931 688 2020 ή
703 1935 909 2011 καταπέλτας
919 1930 1063 2016 Ἀθήνη-

54 2042 120 2098 θεν
135 2028 352 2118 ὁρμωμένους
373 2034 531 2097 διασείειν
546 2029 652 2098 αύτου
669 2034 725 2100 καὶ
737 2031 912 2112 ταράττειν
926 2028 965 2095 τά
981 2037 1064 2115 βον-

55 2126 200 2214 λεύματα
210 2151 217 2165 ·
227 2154 229 2159 ’
239 2128 314 2209 περὶ
328 2127 389 2213 μὲν
404 2125 469 2213 γὰρ
480 2134 693 2209 Χαιρωνείας
702 2128 781 2196 οὐδὲ
791 2126 873 2215 μετά
889 2124 951 2213 τήν
965 2131 1063 2210 νίκην

54 2226 195 2293 ἐπαύετο
210 2224 295 2307 πρὸς
308 2222 394 2311 ἡμᾶς
409 2229 516 2312 λέγων
533 2233 578 2305 είς
592 2226 675 2294 ὅσον
689 2226 873 2310 ἅνθρωπος
886 2223 973 2312 ἡμᾶς
989 2250 1065 2291 κιν-

55 2326 164 2393 δύνου
179 2327 366 2410 κατέστησε.
384 2329 437 2392 καὶ
448 2322 513 2410 γάρ
526 2330 555 2393 εί
565 2322 644 2407 παρ’
659 2329 774 2394 ἐλπίδα
785 2329 841 2394 καὶ
851 2331 951 2411 κακίᾳ
961 2342 1065 2406 στραε

53 2430 166 2509 τηγοίν
181 2424 235 2492 καὶ
251 2430 461 2506 στρατιωτῶν
476 2421 589 2512 ἀταξίᾳ
601 2426 655 2491 καί
667 2434 705 2511 τῇ
719 2422 895 2512 παραδόξῳ
910 2425 996 2508 ῥοπή
1007 2427 1064 2505 τῆς

55 2525 158 2609 τύχης
170 2530 210 2611 τῇ
226 2524 332 2599 πολλοὶ
347 2524 505 2602 πολλάκις
525 2521 605 2609 ἡμῖν
620 2524 886 2610 συνειργασμένη
903 2519 1065 2603 κεκρατή-
1087 2576 1089 2582 ,

53 2647 181 2707 καμεν,
197 2619 270 2689 ἀλλ’
286 2624 338 2689 έπὶ
357 2630 434 2708 μιᾶς
444 2648 482 2708 γε
496 2623 619 2708 ταύτης
629 2619 752 2708 ἡμέρας
766 2618 826 2688 τὸν
839 2622 985 2703 περὶτῆς
1002 2614 1065 2701 άρ·

53 2731 113 2807 χής
128 2723 183 2790 καί
201 2729 257 2806 τῆς
273 2731 378 2809 ψυχῆς
399 2727 560 2791 κίνδυνον
581 2723 741 2804 ἐπέστησέ
757 2746 829 2805 μοι,
852 2716 910 2795 τάς
930 2715 1065 2799 άρίστας

53 2821 169 2897 πόλεις
185 2827 230 2899 είς
250 2824 287 2889 δν
307 2819 509 2908 συναγαγών
523 2823 577 2888 καὶ
593 2828 706 2887 πᾶσαν
718 2813 987 2905 τὴνἙλληνικήν
1004 2814 1066 2881 δύε-

54 2942 160 3004 ναμιν
172 2915 350 3004 ἀθροίσας,
365 2917 564 3005 Ἀθηναίους
576 2918 643 3005 ἅμα
655 2922 709 2987 καί
719 2925 888 3006 Θηβαίους
898 2912 1065 2991 Βοιωτούς

53 3043 89 3084 τε
106 3013 187 3095 τούς
197 3014 319 3095 άλλονς
331 3020 384 3085 καὶ
395 3025 602 3101 Κορινθίους
612 3017 762 3105 Εὐβοέας
772 3044 808 3085 τε
822 3017 877 3085 καί
890 3016 1066 3102 Μεγαρέας

53 3119 109 3183 καί
121 3112 162 3183 τά
171 3116 328 3201 κράτιστα
338 3126 395 3203 τῆς
404 3116 560 3195 Ἑλλάδος
571 3113 840 3193 διακινδυνεύειν
850 3113 1065 3200 συναναγκά-

53 3237 116 3293 σας
132 3215 186 3283 καὶ
201 3212 279 3300 μηδ’
296 3226 375 3283 είσω
389 3242 430 3301 με
446 3223 503 3301 της
519 3214 665 3301 Ἀττικῆς
679 3217 854 3299 ἐπιτρέψας
872 3221 1065 3298 παρελθεῖν

53 3319 106 3382 39.
124 3320 274 3383 τοιοῦτοί
284 3341 370 3392 τινες
380 3308 466 3400 ἦσαν
481 3314 571 3402 αύτῷ
583 3328 730 3400 συνεχεῖς
740 3315 815 3400 περὶ
823 3314 1066 3399 Δημοσθένους

54 3416 89 3480 οί
103 3410 216 3499 λόγοι·
239 3415 293 3480 καί
310 3411 392 3494 πρός
413 3438 450 3499 γε
467 3410 545 3491 τούς
565 3417 722 3499 λέγοντας
740 3411 782 3493 οἱς
794 3416 903 3499 μέγαν
919 3416 987 3497 ἔχοι
1002 3408 1065 3488 τὸν
1083 3426 1135 3480 520

52 3512 245 3597 Ἀθηναίων
263 3516 370 3600 δῆμον
384 3510 651 3598 ἀνταγωνιστήν,
667 3509 753 3597 Ἐμολ
765 3512 989 3597 Δημοσθένης
1002 3509 1066 3596 μό·
