2625 4092
260 299 390 357 ΠΡΟΣ
410 297 507 357 ΤΟΝ
527 296 871 356 ΑΠΑΙΔΕΥΤΟΝ.
1006 291 1064 356 147

58 471 178 524 πεσείν
192 457 234 524 ού
246 458 436 543 δυνάμενον
447 457 595 540 κατέχειν
608 453 667 522 τόν
681 458 816 541 γέλωτα.
840 447 937 532 οὗτος
951 462 1067 522 τοίνυν

59 555 258 640 πυθόμενος
269 553 314 633 ὡς
324 558 506 641 ἐγγελᾶται,
521 552 557 620 τό
570 555 740 638 Αίσχύλου
753 557 880 633 πυξίον,
894 558 939 630 είς
953 547 1066 618 όέκεῖ-

59 679 122 730 νος
137 658 279 739 ἔγραφε,
304 651 369 720 σύν
390 660 496 739 πολλή
517 655 646 740 σπουδή
671 649 874 735 κτησάμενος
895 650 948 716 καί
967 646 1066 726 αὐτὸς

59 748 145 837 ᾤετο
167 757 283 829 ἔνθεος
300 756 436 818 ἔσεσθαι
455 751 511 817 καί
531 749 668 834 κάτοχος
691 751 726 816 ἐκ
747 755 807 814 τοῦ
825 751 962 831 πυξίου,
990 743 1063 812 ἀλλ’

59 846 153 932 ὅμως
171 850 207 915 ἐν
222 846 312 937 αύτῷ
329 852 444 938 ἐκείνφ
466 856 581 935 μακρῷ
601 847 790 932 γελοιότερα
809 851 971 932 ἔγραφεν,
994 839 1065 913 οἷον

59 942 198 1013 κάκεῖνο
213 944 251 1011 τό
259 971 266 984 ·

214 1046 384 1126 Δωρίδιον
398 1035 480 1128 ήκευ
493 1038 514 1127 ἡ
529 1050 715 1109 Διονυσίου
731 1041 826 1128 γυνή.

59 1143 116 1210 καὶ
133 1144 249 1210 πάλιν

214 1249 318 1325 οίμοι,
335 1254 477 1325 γυναῖκα
493 1246 655 1326 χρησίμην
671 1236 834 1306 ἀπώλεσα.

59 1341 115 1406 καλ
130 1346 228 1406 τοῦτο
244 1336 309 1424 γάρ
325 1341 361 1405 ἐκ
378 1345 438 1404 τοῦ
455 1342 591 1416 πυξίου,
610 1339 663 1404 καί
678 1336 732 1404 τό·
1081 1354 1131 1406 113

213 1435 325 1515 αὐτοῖς
336 1434 400 1522 γάρ
410 1439 622 1522 ἐμπαίζουσιν
633 1440 667 1502 οί
675 1438 779 1520 μωροὶ
791 1442 928 1522 βροτῶν.

57 1540 158 1600 τοῦτο
179 1538 241 1620 μέν
256 1561 293 1620 γε
312 1531 396 1619 πρός
417 1535 452 1601 σὲ
473 1535 560 1619 μάλα
581 1532 744 1618 εὐστόχως
761 1530 804 1600 άυ
821 1535 993 1620 εἰρημένον
1011 1541 1061 1619 είη

56 1640 104 1721 τῷ
118 1640 306 1723 Διονυσίῳ,
329 1636 382 1701 καί
398 1631 442 1701 δι’
465 1631 545 1702 αὐτό
563 1639 732 1718 χρυσῶσαι
748 1629 853 1699 αύτού
868 1635 933 1698 ἔδει
954 1635 1060 1699 ἐκεῖνο

57 1729 94 1797 τό
112 1735 240 1808 πυξίον.
266 1737 313 1799 16.
330 1740 403 1798 τίνα
417 1731 481 1818 γάρ
494 1735 608 1799 ἐλπίδα
622 1734 677 1798 καὶ
694 1728 794 1808 αὐτός
809 1737 893 1816 ἔχων
910 1733 941 1807 ἐς
954 1728 992 1796 τά
1007 1737 1060 1815 βι-

55 1836 135 1914 βλία
150 1830 204 1895 καί
219 1826 440 1908 ἀνατυλίττεις
455 1828 506 1898 ἀεὶ
521 1832 575 1897 καί
591 1834 767 1919 διακολλᾷς
782 1831 836 1897 καί
854 1828 1060 1910 περικόπτεις

55 1930 111 1995 καὶ
130 1925 276 2011 ἀλείφεις
293 1937 337 2018 τῷ
350 1930 459 2019 κρόκφ
474 1932 528 1996 καὶ
542 1937 581 2017 τή
595 1931 701 2018 κέδρφ
716 1930 769 1996 καὶ
786 1929 950 2012 διφθέρας
965 1951 1060 2008 περι-

54 2026 192 2112 βάλλεις
202 2029 256 2093 καὶ
268 2024 440 2112 ὀμφαλοὺς
454 2031 601 2114 ἐντίθης,
621 2025 665 2106 ὡς
680 2025 719 2112 δή
735 2034 769 2093 τί
780 2024 982 2093 ἀπολαύσων
997 2021 1059 2090 αύ-

54 2131 142 2202 τωνς
165 2123 256 2189 πάνυ
276 2132 361 2208 γοῦν
380 2123 443 2210 ήδη
460 2132 599 2210 βελτίων
613 2128 789 2210 γεγένησαι
806 2121 860 2190 διά
878 2122 939 2208 τήν
957 2119 1057 2206 ὠνήν,

55 2219 93 2299 ὃς
108 2227 246 2287 τοιαῦτα
262 2219 324 2307 μέν
345 2225 477 2311 φθέγγη
494 2278 500 2291 .
515 2277 544 2291 ..
563 2231 690 2310 μᾶλλον
711 2223 747 2291 δὲ
769 2223 823 2288 καί
841 2228 907 2288 τάν
929 2221 1058 2307 ἰχθύων

54 2319 270 2407 ἀφωνότερος
286 2318 321 2388 εί.
350 2329 433 2409 βιοῖς
448 2325 484 2389 δὲ
499 2319 543 2400 ὡς
558 2318 632 2388 οὐδ’
649 2328 753 2389 είπείν
770 2321 891 2403 καλόν,
912 2334 1006 2403 μίσος
1022 2317 1057 2384 δὲ

54 2419 193 2504 ἀγρίου,
212 2426 309 2504 φασί,
324 2419 413 2502 παρὰ
425 2421 560 2487 πάντων
575 2426 655 2504 ἔχεις
667 2423 718 2487 ἐπὶ
729 2427 768 2508 τή
783 2424 958 2506 βδελυρίᾳ,
975 2415 1019 2496 ὡς
1030 2423 1059 2484 εί

53 2520 228 2598 τοιούτους
241 2520 451 2605 ἀπειργάζετο
467 2520 506 2587 τά
521 2527 648 2606 βιβλία,
671 2526 762 2606 φυγή
779 2517 941 2603 φευκτέον
957 2512 1000 2583 ἀν
1013 2510 1056 2601 ήν

53 2618 326 2705 ὄτιττορρωτάτω
337 2616 395 2685 ἀπ’
409 2616 529 2685 αὐτῶν.
554 2623 601 2685 17.
620 2624 715 2685 δυοῖν
731 2619 765 2683 δὲ
780 2616 909 2700 ὄντοιν,
924 2611 995 2680 ἅττ’
1012 2609 1055 2680 άν
1077 2619 1125 2678 114

53 2715 146 2800 παρά
161 2724 228 2784 τῶν
243 2723 393 2784 παλαιῶν
406 2744 454 2793 τις
469 2718 639 2802 κτήσαιτο,
658 2719 765 2801 λέγειν
775 2741 810 2782 τε
822 2715 989 2782 δύνασθαι
1002 2717 1056 2778 καὶ

53 2816 213 2900 πράττειν
225 2813 264 2881 τά
280 2819 396 2882 δέοντα
408 2817 492 2904 ζήλῳ
503 2823 570 2881 τῶν
582 2813 727 2897 ἀρίστων
738 2817 790 2881 καὶ
807 2820 898 2900 φυγή
910 2819 977 2879 τῶν
988 2837 1056 2896 χει-

55 2914 184 2997 ρόνων,
201 2911 282 2979 ὅταν
296 2913 377 2998 μήτε
398 2917 507 2981 ἐκείνα
523 2915 603 2999 μήτε
618 2921 720 2978 ταυτα
737 2918 895 2996 φαίνηταί
912 2938 960 2987 τις
975 2909 1052 2989 παρ’

53 3009 167 3080 αὐτῶν
179 3009 428 3097 ὠφελούμενος,
444 3020 477 3081 τί
484 3012 564 3096 ἀλλο
576 3007 597 3097 ή
609 3026 676 3088 τοῖς
687 3012 766 3094 μυσί
778 3005 947 3092 διατριβάς
960 3005 1054 3074 ὠνεί-

53 3138 107 3178 ται
130 3110 184 3176 καί
204 3123 274 3188 ταῖς
295 3117 425 3194 τίλφαις
446 3110 588 3194 οἰκήσεις
607 3112 661 3175 καὶ
684 3105 810 3194 πληγάς
835 3104 877 3184 ὡς
896 3105 1054 3191 ἀμελοῦσι

54 3223 122 3288 τοίς
133 3210 290 3290 οίκέταιςς
321 3215 368 3278 18,
386 3216 454 3286 πῶς
471 3208 507 3275 δέ
527 3207 568 3275 ού
585 3208 717 3275 κάκείνο
733 3206 886 3292 αίσχρόν,
907 3216 939 3273 εί
952 3234 1000 3285 τις
1018 3210 1054 3276 ἐν

55 3316 94 3398 τῇ
106 3311 189 3394 χειρί
204 3306 320 3394 ἔχοντα’
331 3328 369 3374 σε
383 3315 513 3394 βιβλίον
528 3309 610 3374 ίδεόν
622 3347 658 3358 -
673 3305 722 3372 ἀεὶ
738 3309 777 3373 δέ
788 3333 818 3372 τι
830 3306 961 3383 πάντως
972 3310 1054 3392 ἔχεις

69 3449 94 3460 ··
108 3414 233 3487 ἔροιτο.
256 3399 388 3484 οὗτινος
404 3401 426 3492 ή
447 3407 585 3490 ῥήτορος
604 3402 625 3492 ή
647 3409 862 3490 ξυγγραφέας
877 3399 898 3488 ή
915 3412 1054 3488 ποιητοῦ

53 3516 137 3576 ἔστι,
161 3528 204 3572 συ
219 3507 255 3572 δὲ
270 3508 305 3571 ἐκ
322 3511 379 3591 της
399 3509 583 3591 ἐπιγραφῆς
599 3502 693 3580 είδώς
710 3503 822 3592 πρᾴως
839 3512 941 3651 afflone
955 3510 1049 3570 τοῦτο
