2625 4092
217 280 281 347 ³74
570 285 874 380 AomANor

218 442 281 512 οὐκ
296 438 340 511 άν
354 445 526 529 παρέργως
541 439 693 511 ἀκοῦσαι.
722 446 788 511 Καὶ
801 443 886 530 μήν,
899 441 1020 528 εἶπον,
1041 440 1107 530 ἤδη
1123 445 1166 530 γέ
1178 467 1226 513 σοι

217 549 285 610 τῶν
301 538 504 628 εὐαγγελίων
522 542 615 627 χάρις
631 543 687 609 καὶ
703 538 743 608 τά
758 538 859 609 λοιπά
873 547 942 608 τῶν
957 543 1056 609 έποίν.
1086 539 1155 627 έγώ
1170 543 1225 628 μὲν

218 633 281 708 οὖν
300 636 363 709 οὐκ
385 638 610 727 ἀπολείψομαί
626 660 690 707 σου
709 640 789 722 πρὶν
808 634 830 726 ἢ
846 635 908 726 ’τὴν
929 638 1112 727 ὑπόσχεσιν
1130 647 1225 728 ἔργον

213 760 271 807 σοι
286 741 454 825 γενέσθαι.
481 736 526 807 σύ
546 736 577 805 δ’
595 738 759 817 είστίακάς
774 764 814 824 με
833 744 994 824 λαμπρῶς
1008 736 1225 826 τήνὉμηρου

216 839 410 925 γενέθλιον,
438 842 548 915 ἔοικας
574 842 594 904 δ
599 835 606 860 ’
635 836 800 905 ἑστιάσειν
824 832 926 915 αὐτὸς
946 838 1001 905 καί
1025 834 1089 923 τὴν
1110 847 1225 924 Δημο-

217 941 370 1016 σθένους.

305 1038 354 1101 27.
371 1031 429 1112 Ὡς
443 1025 507 1101 οὖν
518 1030 651 1120 άνέγνω
662 1030 702 1099 τὰ
716 1028 817 1101 λοιπά
828 1038 889 1100 τοῦ
899 1038 1140 1120 γραμματείαν,
1157 1038 1226 1101 δια-

216 1138 391 1218 τρίψαντες
406 1129 521 1218 ὀλίγον
538 1128 621 1199 όσον
638 1128 826 1198 ἀποδοῦναι
847 1136 893 1221 τῷ
908 1130 1067 1217 ποιήματι
1082 1128 1164 1209 τούς
1178 1138 1228 1199 δι-

216 1236 333 1309 καίους
354 1234 511 1310 ἐπαίνους
531 1230 645 1320 ᾔειμεν
664 1236 710 1308 είς
732 1226 772 1298 τά
792 1230 1026 1314 Θερσαγόρου·
1057 1232 1116 1299 καὶ
1137 1230 1228 1315 μόλις

217 1332 295 1416 μέν,
319 1330 530 1415 ἐπιτυγχάνει
547 1329 581 1398 δὲ
602 1336 649 1419 τῷ
667 1334 794 1418 βιβλίῳ.
828 1326 920 1413 κάγά
941 1327 1056 1415 λαβάν
1074 1327 1151 1396 τότε
1167 1331 1227 1415 μὲν

87 1492 90 1501 ,
217 1426 480 1515 ἀπηλλαττόμην.
504 1424 652 1513 έντνχάν
666 1428 702 1495 δέ
717 1426 806 1496 οὕτω
825 1424 887 1511 τὴν
903 1426 1043 1512 γνώμην
1058 1430 1226 1511 διετέθην,

218 1525 263 1605 ὦς
278 1523 379 1593 οὐδέν
393 1554 424 1593 τι
439 1528 653 1611 περιτρέφας,
675 1523 751 1594 ἄλλ’
769 1522 821 1593 ἐπ’
839 1520 953 1591 αὐτόν
968 1530 1037 1593 τόν
1051 1521 1229 1610 ὀνομάτων

217 1627 322 1692 τεκαὶ
342 1625 499 1712 ῥημάτων
519 1623 598 1711 ὑμῖν
617 1621 824 1710 άναλέξομαι.
854 1619 933 1691 οὐδὲ
952 1623 1018 1707 γάρ
1035 1619 1228 1711 τάσκληπιῷ

218 1725 314 1811 μείόν
328 1750 360 1791 τι
374 1728 501 1809 γίνεται
516 1732 573 1809 τῆς
588 1730 700 1809 τιμῆς,
723 1730 752 1790 εί
760 1774 768 1804 ‚
792 1719 837 1808 μὴ
854 1728 923 1789 τῶν
937 1720 1154 1805 προσιόντων
1169 1719 1229 1788 αό-

218 1830 285 1890 τῶν
306 1820 520 1907 ποιησόντων
535 1828 676 1905 παιᾶνα,
701 1818 740 1888 τά
761 1818 934 1907 Ἰσοδήμου
950 1828 1010 1887 τοῦ
1029 1826 1229 1907 Τροιζηνίου

217 1922 271 1987 καὶ
285 1920 502 2003 Σοφοκλέους
517 1917 645 2010 ᾅδεται,
663 1921 718 1987 καὶ
732 1927 777 2009 τῷ
791 1919 950 2010 Διονύσῳ
965 1916 1002 1987 τό
1018 1921 1082 2006 μέν
1095 1926 1228 2005 ποίησιν

217 2015 338 2102 καινὴν
353 2033 460 2085 ποιεῖν
478 2020 697 2102 ἐκλέλειπται,
718 2015 758 2084 τά
779 2019 815 2085 δὲ
830 2020 1004 2102 προτέροις
1019 2021 1230 2087 συντεθέντα

98 2158 100 2161 ·
146 2136 197 2191 511
218 2130 286 2194 τολς
299 2123 366 2183 νῦν
382 2123 427 2195 είς
442 2117 544 2203 μέσον
562 2120 598 2183 έν
612 2124 716 2207 καιρῷ
729 2123 900 2203 κομίζουσι
913 2116 1011 2202 χάριν
1026 2113 1091 2183 οὐκ
1104 2116 1230 2184 ἐλάττω

217 2215 311 2300 φέρει
330 2220 376 2303 τῷ
399 2213 458 2281 τὸν
477 2214 563 2282 θεὸν
579 2219 691 2283 δοκεῖν
707 2217 923 2300 τετιμηκέναι.
955 2220 1006 2284 28.
1022 2211 1059 2281 τό
1080 2214 1148 2300 μὲν
1169 2208 1231 2284 οὖν

217 2320 348 2401 βιβλίον
361 2320 459 2381 τοῦτο
471 2354 514 2365 --
525 2320 593 2381 έστι
609 2316 644 2381 δέ
655 2321 724 2380 τόν
735 2312 987 2401 ὑπομνημάτων
1001 2311 1038 2381 τό
1053 2322 1231 2399 προσῆκον

215 2411 295 2500 ἡμῖν
308 2415 408 2499 μέρος
424 2413 500 2480 τόδε
517 2418 626 2499 δρᾶμα
637 2454 680 2465 —
691 2410 727 2480 τό
743 2419 876 2502 βιβλίον
891 2421 1010 2500 φησίν,
1023 2412 1232 2505 Ἀντιπάτρῳ

216 2521 430 2601 μεμηνῦσθαι
451 2512 601 2598 παρόντα
616 2510 678 2579 τὸν
695 2510 835 2600 Ἀρχίαν.
868 2510 941 2580 ὁδ’
964 2509 1110 2598 Ἀρχίας,
1137 2522 1175 2583 εί
1185 2540 1233 2591 τις

216 2612 281 2695 άρα
297 2619 364 2679 τόν
378 2614 550 2695 νεωτέρων
566 2610 695 2699 άγνοετ,
717 2611 795 2692 τούς
809 2614 964 2700 φυγάδας
978 2616 1133 2681 ἐτέτακτο
1149 2623 1232 2682 συλ-

216 2713 411 2799 λαμβάνειν.
434 2715 609 2781 έπέσταλτο
625 2710 655 2780 δ’
669 2710 760 2803 αὐτῷ
775 2714 831 2781 καί
843 2714 1073 2799 Δημοσθένην
1087 2710 1159 2781 άπὸ
1177 2721 1233 2799 της

216 2820 409 2896 Καλαυρίας
429 2828 538 2880 πεῖσαι
558 2820 687 2897 μᾶλλον
708 2807 927 2900 ἢβιάσασθαι
942 2810 1025 2895 πρὸς
1043 2809 1106 2879 τόν
1123 2809 1232 2881 Ἀντέ-
1285 2863 1286 2868 1

217 2938 344 2994 πατρον
364 2911 468 2997 ἥκειν.
496 2912 557 2978 ’καὶ
575 2909 615 2996 δη
631 2913 686 2979 καὶ
703 2913 866 2997 μετέωρος
881 2914 933 2979 ἐπὶ
948 2913 1073 2998 ταύτης
1089 2908 1108 2980 ό
1122 2909 1232 2980 Ἀντί·

215 3035 340 3093 πατρος
354 3002 398 3095 ἦν
412 3017 469 3095 τῆς
487 3013 616 3086 ἐλπίδος
633 3008 693 3076 τόν
708 3012 937 3097 Δημοσθένην
950 3008 1000 3078 ἀεὶ
1015 3014 1233 3094 προσδοκῶν.

218 3103 261 3183 ὡς
275 3100 338 3173 οὖν
351 3105 497 3193 ἤκουσεν
512 3104 576 3175 άπὸ
593 3115 651 3193 τῆς
665 3115 858 3191 Καλανρίας
871 3108 996 3195 ἥκοντα
1010 3107 1072 3176 τόν
1084 3107 1229 3197 Ἀρχίαν,

216 3202 323 3282 εὐθὺς
338 3202 381 3282 ὡς
393 3202 477 3290 εἶχεν
490 3207 662 3273 ἐκέλευσεν
677 3216 756 3275 είσω
767 3216 890 3275 καλεῖν.
914 3214 963 3274 29.
980 3208 1050 3275 ἐπεὶ
1066 3204 1102 3275 δ’
1116 3214 1232 3294 είσῆλ-
1283 3285 1284 3310 ¹

215 3312 279 3371 θεν
295 3358 301 3369 .
316 3358 321 3370 .
337 3355 365 3371 ..
385 3300 465 3371 αὐτό
481 3304 603 3388 φράσει
620 3302 658 3371 τά
675 3303 774 3373 λοιπά
789 3302 826 3373 τό
844 3311 985 3393 βιβλίον.

299 3407 396 3467 ΑΡΧ.
418 3406 537 3483 Χαῖρε,
553 3393 793 3486 ὦἈντίπατρε.
1282 3415 1283 3492 η

299 3504 363 3564 AN
365 3503 399 3563 Τ.
413 3502 454 3561 Τί
460 3500 480 3562 δ
483 3494 489 3519 ’
499 3493 541 3563 οὐ
549 3500 658 3582 μέλλω
666 3506 803 3586 χαίρειν,
812 3507 843 3569 εί
847 3504 1076 3588 Δημοσθένην
1088 3498 1234 3589 ἤγαγεςε

1281 3617 1282 3676 λ
