2625 4092
248 276 311 345 376
610 286 898 347 AOYKIANOY
930 281 934 285 ’

247 448 400 527 θρασέως
422 444 678 531 ἐξαναστάντας,
699 441 767 515 εἶτα
783 446 967 532 πτήξαντας
982 443 1046 513 οὐκ
1062 452 1109 525 είς
1126 443 1248 533 μακράν

248 546 343 629 δίκην
358 549 426 609 τῶν
438 546 592 611 δειλινῶν
606 543 823 629 πνευμάτων,
839 541 964 612 καὶτὸν
974 544 1118 611 ἄπιστον
1129 542 1248 625 ‘1¹:201-

247 644 326 728 δην,
342 639 404 709 τόν
422 636 547 726 άφιλον
562 642 793 728 δημοκόλακα,
816 639 876 708 τόν
890 638 993 709 οὐδέν
1007 638 1148 727 αἰσχρόν
1163 649 1248 727 νομί-

247 757 351 830 σαντα
362 746 518 829 κολακείᾳ
526 747 588 807 τοῦ
600 740 753 825 πλήθους
763 746 1017 825 σνκοφαντησαι
1027 741 1249 825 Δημοσθένην

247 833 320 903 οὐδ’
339 834 446 906 αὑτὸν
463 843 508 915 είς
524 844 626 905 ταῦτα
648 848 830 921 παρασχεῖν
844 835 1005 904 διάκονον
1019 833 1074 921 ἐφ’
1087 832 1146 915 οἷς
1165 833 1250 905 αὐτοὶ

247 934 467 1021 μετενόησαν,
485 930 534 1013 οἷς
545 937 723 1021 ἐχαρίζετο·
745 931 817 1019 μετ’
833 933 876 1000 οὐ
885 931 974 1002 πολι)
987 942 1072 1020 γοῦν
1083 942 1145 1019 τῆς
1155 953 1251 1001 συκο-

247 1026 737 1119 φαντίαςλαμπροτέρανῆκαά
750 1027 962 1117 Ἀλκιβιάδην
973 1029 1063 1121 αὐτῷ
1073 1030 1140 1117 τὴν
1150 1032 1252 1100 κάθο-

247 1135 309 1199 δον
328 1127 520 1216 άιιηκόαμεν
541 1133 709 1217 γενέσθαι.
743 1135 789 1219 τῷ
807 1128 840 1195 δ’
863 1126 926 1197 οὐκ
947 1136 1062 1214 ἔμελεν
1078 1128 1159 1197 οὐδ’
1180 1133 1253 1218 έκη·

248 1230 386 1315 σχόνετο
402 1226 484 1296 κατά
505 1235 573 1295 τῶν
591 1252 672 1294 ποτε
687 1227 857 1313 φιλτάτων
876 1235 917 1317 τη
931 1226 1060 1317 γλάττη
1074 1228 1253 1315 χριόμενος.

246 1324 289 1413 ἣν
303 1330 403 1413 ἐχρῆν
420 1326 530 1414 δήπου
546 1333 604 1412 τῆς
619 1323 862 1411 ἀγνωμοσύνης
877 1328 1032 1411 ἐκτεμεῖν.

290 1426 293 1431 ’
331 1430 383 1495 32.
399 1433 499 1497 APX..
521 1432 564 1493 Τί
579 1422 632 1505 δ’;
647 1420 718 1491 οὐκ
738 1426 870 1509 ἐχθράν
884 1424 965 1511 ἡμῖν
977 1429 1134 1509 ἐχθιστος
1154 1422 1175 1492 ὁ
1192 1435 1253 1510 Ars

246 1526 430 1613 μοσθέυηςς

330 1630 435 1690 ΑΝΤ.
462 1618 533 1709 Οὐχ
548 1621 614 1713 ότῳ
634 1616 727 1708 μέλει
741 1621 869 1706 τρόπον
887 1627 1043 1705 πίστεως,
1067 1628 1177 1705 φίλον
1196 1628 1253 1687 πᾶν

246 1720 371 1789 ἄδολον
387 1724 446 1789 καὶ
468 1726 604 1809 βέβαιον
620 1714 706 1807 ἦθος
727 1718 919 1811 ἡγουμένῳ·
952 1720 993 1788 τά
1009 1720 1073 1807 γάρ
1097 1746 1153 1787 τοι
1178 1717 1252 1787 καλά

246 1822 301 1887 καὶ
316 1815 397 1902 παρ’
417 1820 547 1904 ἐχθροῖς
568 1818 654 1887 καλά
678 1821 732 1886 καὶ
746 1815 783 1885 τό
805 1825 862 1904 τῆς
876 1816 994 1904 άρετῆς
1014 1826 1195 1905 πανταχοῦ
1215 1829 1252 1885 τί·

247 1942 333 2003 μιον,
357 1914 435 1985 οὐδὲ
451 1924 579 1985 κακίαν
594 1915 660 2004 ε’γώ
674 1920 800 1999 Ξέρξου
820 1922 881 1983 τοῦ
895 1924 1023 1985 Βοῦλιν
1037 1919 1095 1985 καὶ
1109 1921 1253 2003 Σπέρχιν

174 2065 180 2069 -
246 2009 324 2093 τοὺς
339 2018 625 2101 Λακεδαιμονίους
639 2015 879 2100 θαυμάσαντος
891 2022 964 2102 καί,
986 2029 1115 2084 κτεῖναι
1136 2015 1253 2097 παρόν.

178 2132 229 2184 514
248 2110 399 2197 ἀφέντος.
429 2109 502 2180 ἄλλ’
523 2120 552 2181 εί
566 2113 607 2202 δη’
624 2142 697 2182 τινα
717 2115 855 2181 πάντων
877 2115 930 2181 καί
947 2119 1187 2201 Δημοσθένην
1203 2112 1253 2180 σά
1288 2101 1291 2171 Ι

245 2210 301 2289 τ’ός
320 2236 356 2277 τε
373 2212 422 2289 δίς
438 2209 639 2300 Ἀθήνησιν,
668 2219 698 2281 εί
722 2214 777 2281 καί
799 2210 844 2299 μη
864 2209 948 2279 κατά
969 2211 1101 2297 πολλὴν
1121 2212 1254 2298 σχολήν.
1288 2273 1290 2313 Ι

246 2309 492 2396 συγγενόμενος
505 2314 559 2379 καί
574 2309 664 2395 παρά
679 2319 748 2379 τῶν
758 2311 871 2380 ἄλλων
880 2309 1218 2397 ἀναπυνθανόμενος
1227 2317 1254 2375 ἔι

246 2434 279 2475 τε
294 2416 363 2475 τεόν
376 2409 628 2495 πολιτευμάτων
643 2408 756 2477 αὐτῶν
771 2408 858 2496 είχον
872 2410 1066 2496 θαυμάσας,
1083 2408 1152 2499 οὐχ
1164 2408 1211 2488 ὡς
1220 2406 1254 2475 άι

246 2512 395 2595 νομίσειέ
407 2536 473 2595 τις,
496 2518 552 2596 τῆς
572 2517 639 2577 τάν
661 2510 774 2596 λόγων
794 2510 999 2596 δεινότητος,
1026 2516 1055 2577 εί
1074 2513 1133 2577 καὶ
1159 2509 1255 2597 μηδὲν

245 2606 337 2693 μένό
353 2609 483 2676 Πύθων
500 2607 584 2695 πρὸς
600 2606 721 2695 αὐτόν,
741 2614 777 2678 οί
789 2608 819 2676 δ’
834 2610 971 2678 Ἀττικοί
988 2608 1131 2696 ῥήτορες
1147 2604 1254 2676 παιδιά

244 2707 473 2795 παραβάλλειν
487 2715 531 2797 τῷ
546 2708 670 2776 τούτου
685 2711 795 2800 κρότῳ
813 2710 868 2777 καὶ
885 2708 972 2797 τόνῳ
988 2709 1041 2774 καὶ
1057 2709 1193 2787 λέξεων
1209 2705 1254 2773 εδ

245 2813 373 2895 ρυθμίῳ
394 2809 449 2875 καὶ
469 2820 539 2883 ταῖς
560 2814 628 2873 τῶν
654 2813 815 2876 διανοιῶν
835 2820 1056 2895 περιγραφαῖς
1078 2810 1141 2874 καὶ
1165 2829 1255 2874 συνε
1283 2825 1286 2876 λ

246 2910 347 2988 χείαις
365 2902 566 2985 ἀποδείξεων
587 2909 641 2973 καὶ
661 2916 709 2996 τῳ
722 2915 912 2997 συνακτικῷ
932 2933 967 2973 τε
982 2906 1036 2972 καὶ
1048 2911 1256 2991 κρουστικῷ·
1282 2919 1285 3020 χ

247 3011 470 3087 μετενοοὺμεν
478 2996 564 3089 γοῦν
573 3004 628 3074 ὅτε
637 3004 882 3091 τοδςἝλληνας
895 3003 1053 3091 Ἀθήναζε
1066 2998 1257 3091 συνηγάγο
1282 3035 1284 3158 l

248 3127 309 3186 μεν
321 3098 365 3179 ὡς
376 3104 562 3187 ἐλέγξοντες
574 3102 783 3191 Ἀθηναίους,
791 3105 935 3173 Πύθωνι
947 3107 999 3170 καὶ
1009 3114 1081 3181 τοίς
1087 3106 1260 3176 Πύθωνα·

247 3203 468 3286 ἐπαγγέλμασι
488 3203 757 3281 πεπιστευκότες,
786 3202 854 3271 εἶτα
876 3205 1095 3289 Δημοσθένει
1120 3205 1187 3271 καὶ
1202 3214 1259 3275 τοῖς
1281 3177 1283 3298 ἐ

247 3306 492 3383 Δημοσθένους
505 3303 647 3386 ἐλέγχοις
661 3303 904 3386 περιπεσόντες.
928 3299 1001 3369 ἀλλ’
1015 3298 1102 3387 ἡμῖν
1116 3299 1259 3385 άπρόσι·

247 3422 302 3474 τος
322 3392 343 3482 ἡ
361 3397 501 3484 δύναμις
519 3396 609 3488 αὐτῷ
625 3400 815 3484 τοῦλόγου.
843 3403 894 3467 33.
912 3397 974 3486 ἐγοδ
991 3400 1028 3467 δέ
1046 3400 1192 3489 ταύτην
1211 3400 1259 3486 μὲν

248 3496 407 3576 δευτέραν
422 3500 555 3564 ἔταττον
570 3498 607 3562 ἐν
623 3496 715 3583 χάρη
730 3500 835 3575 τιθείς
847 3494 1011 3584 ὀργάνου,
1027 3504 1257 3584 Δημοσθένην
