2625 4092
221 296 609 359 ΔΗΜΟΣΘΕΝΟΤΣ
630 298 911 359 ΕΓΚΩΜΙΟΝ.
1004 297 1067 361 383

61 460 247 545 Ἀθηναίων
268 458 470 536 Μακεδόνας
494 462 547 526 καὶ
575 465 641 525 νῦν
662 462 809 543 μετέχειν
831 466 888 546 τῆς
908 457 1069 545 ὑμετέρας

64 557 177 644 τύχης,
195 564 225 626 εί
239 555 320 644 μετά
336 560 601 653 Καλλιμέδοντος
615 559 671 625 καὶ
681 560 823 625 Πυθέου
837 561 892 626 καὶ
903 559 1069 645 Δημάδου

65 656 326 749 σννετοιττόμην·
347 658 425 741 ε’ξήν
439 650 503 723 κάν
516 652 576 734 όψδ
591 662 647 741 τῆς
662 655 761 741 τύχης
775 655 1067 741 μεθαρμόσασθαι,

64 760 94 821 εί
105 752 150 840 μή
163 752 222 833 τάς
235 752 412 840 Ἐρεχθέως
425 757 614 839 θυγατέρας
630 757 685 821 καὶ
700 751 761 821 τόν
772 754 908 836 Κόδρον
925 758 1069 841 ἐπησχν-

63 854 178 939 νόμην.
203 850 331 919 οῦκουν
345 844 501 939 ᾑρούμην
516 849 758 937 αὐτομολοῦντι
773 861 820 943 τῷ
834 859 967 940 δαίμονι
983 872 1070 938 συμ-

63 952 343 1038 μεταβάλλεσθαι·
376 949 480 1019 καλόν
504 950 568 1037 γάρ
595 952 832 1038 κρησφύγετον
856 952 1005 1030 θάνατος
1032 956 1069 1019 έν

62 1048 232 1140 ἀκινδύνῳ
244 1047 367 1127 παντός
381 1056 519 1135 αἰσχροῦ
532 1053 701 1136 γενέσθαι.
724 1052 779 1116 καὶ
794 1057 876 1131 νῦν,
886 1048 1014 1135 Ἀρχία,
1029 1045 1066 1116 τό

63 1148 136 1216 κατ’
153 1146 296 1233 ε’μαυτόν
306 1146 347 1214 ού
359 1147 567 1233 καταισχύνω
583 1144 641 1225 τὰς
655 1144 800 1234 Ἀθήνας
815 1152 971 1215 δουλείαν
982 1142 1068 1213 ἕκῦν

64 1248 229 1332 ἑλόμενος,
245 1248 404 1331 ἐντάφιον
416 1247 452 1314 δὲ
463 1243 500 1313 τό
513 1247 691 1315 κάλλιστον
702 1242 763 1331 τήν
776 1248 974 1330 ἐλευθερίαν
984 1270 1069 1329 προ-

62 1352 187 1429 έμενος
210 1350 260 1414 47.
275 1342 358 1413 ἀλλά
373 1350 503 1412 δίκαιον
518 1345 598 1432 γάρ,
619 1351 699 1431 ἔφη,
722 1347 774 1411 σοδ
790 1349 858 1411 τοῖν
871 1346 1067 1433 τραγῳδιῶν
1086 1362 1136 1415 525

63 1443 304 1530 μνημονεύειν,
322 1434 364 1510 οῦ
377 1443 502 1529 σεμνόν
514 1440 552 1510 τό
568 1444 689 1529 λεχθὲν

475 1539 495 1627 ἡ
512 1543 548 1608 δὲ
565 1544 618 1607 καὶ
633 1539 821 1627 θνήσκονσ’
840 1539 930 1627 ὅμως

88 1670 89 1677 “
190 1638 317 1726 πολλήν
333 1641 496 1725 πρόνοιαν
512 1638 596 1725 εἶχεν
613 1638 783 1726 εόσχήμως
797 1654 926 1709 πεσεῖν·

61 1737 145 1823 κόρη
167 1740 360 1807 καὶταῦτα·
392 1740 614 1825 Δημοσθένης
635 1739 670 1805 δὲ
691 1736 894 1824 εὐσχήμονος
916 1737 1070 1807 θανάτου

61 1842 139 1923 βίον
155 1850 331 1920 προκρινεῖ
342 1833 513 1924 ἀσχήμονα
532 1844 600 1903 τιῦν
614 1837 845 1920 Ξενοκράτους
864 1840 919 1905 καὶ
929 1838 1069 1907 Πλάτω-

61 1960 122 2011 νος
138 1930 221 2015 ὑπὲρ
240 1931 426 2011 ἀθανασίας
446 1933 557 2019 λόγων
578 1938 821 2020 ε’κλαθόμενοςς
842 1942 901 2003 καί
919 1963 995 2004 τινα
1015 1937 1069 2004 καὶ
1190 1992 1194 1999 .

62 2030 264 2112 πικρότερον
280 2036 369 2115 ἔλεγε
382 2035 561 2118 προαχθεὶς
576 2039 621 2112 είς
636 2030 717 2110 τοῦς
727 2047 798 2111 ταῖς
813 2032 925 2119 τύχαις
939 2037 1070 2121 έξυβρίτ

62 2135 187 2209 ζοντας.
210 2125 292 2196 ἀλλά
307 2136 341 2196 τί
349 2133 399 2196 δεῖ
412 2138 477 2197 νῦν
490 2133 600 2217 λέγειν
614 2135 673 2219 ἐμέ
678 2161 687 2212 3
709 2133 801 2211 τέλος
815 2129 846 2199 δ’
861 2135 943 2217 ἐμοῦ
953 2131 992 2199 τῦ
1008 2134 1069 2218 μέν

62 2229 242 2311 δεομένου,
267 2224 307 2293 τά
328 2225 359 2293 δ’
382 2226 616 2313 ἀπειλοῦντος,
645 2226 778 2315 ἁπαλήν
799 2236 930 2316 μοῦσαν
953 2236 1070 2317 στερεᾷ

61 2325 304 2409 κεραννύντας,
328 2324 504 2411 Ἐπείσθην
526 2325 586 2411 όν,
608 2333 688 2413 ἔφη,
717 2327 846 2405 τούτοις
869 2324 995 2412 Ἀρχίας
1011 2324 1068 2411 όόν,

62 2427 133 2492 ἐπεὶ
149 2426 185 2492 δὲ
199 2427 422 2511 Δημοσθένης
440 2431 520 2511 είμί,
543 2428 754 2511 συγγίνωσκέ
767 2451 840 2510 μοι,
865 2419 891 2491 ιῦ
908 2426 1069 2510 δαιμόνιε,

62 2522 107 2609 μή
126 2522 290 2609 πεφυκότι
305 2530 396 2615 κακῷ
410 2521 579 2612 γενέσθαι.
601 2531 651 2593 48.
668 2526 742 2593 τότε
755 2524 795 2609 δή
809 2523 883 2591 τότε
899 2520 982 2605 πρός
993 2530 1071 2608 βίαν

62 2620 169 2688 αὐτὸν
185 2620 340 2689 ἀποσπᾶν
362 2624 579 2710 διενοούμην·
608 2621 625 2691 ό
642 2620 671 2689 δ’
690 2620 734 2701 ὡς
748 2620 889 2709 ᾔσθετο,
915 2627 1015 2709 δῆλος
1027 2616 1071 2707 ἦν

62 2726 255 2805 καταγελῶν
276 2722 330 2789 καὶ
349 2720 410 2789 τόν
426 2721 761 2809 θεόνπροσβλέψας,
781 2720 911 2789 Ἔοικεν
932 2718 1068 2806 Ἀρχίας,

65 2816 173 2903 εἶπεν,
195 2816 281 2886 ὅπλα
296 2821 383 2904 μόνα
398 2824 451 2889 καὶ
467 2824 611 2908 τριήρεις
621 2823 675 2889 καὶ
692 2829 779 2906 τείχη
797 2823 851 2888 καί
865 2821 1070 2901 στρατόπεδα

64 2918 225 3003 δυνάμεις
238 2917 387 2988 εἶναικαὶ
401 2924 615 3007 κρησφύγετα
630 2935 701 2999 ταῖς
712 2917 940 3001 ἀνθρωπίναις
952 2933 1072 3004 ψυχαῖς

63 3016 328 3104 ὑπολαμβάνειν,
345 3026 401 3103 τῆς
416 3017 447 3085 δ’
459 3022 536 3104 έμής
550 3025 762 3105 παρασκευῆς
777 3032 1013 3101 καταφρονεῖν,
1028 3014 1071 3103 ήν

64 3115 127 3185 οῦκ
142 3114 186 3183 ἀν
198 3121 361 3203 έλέγξειαν
373 3115 524 3201 Ἰλλυριοὶ
541 3121 595 3187 καὶ
610 3119 788 3206 Τριβαλλοὶ
803 3120 857 3185 καὶ
873 3118 1070 3194 Μακεδόνες
1089 3132 1140 3187 ⁵26

64 3221 271 3301 ε’χνρωτέραν
289 3212 310 3302 ή
326 3216 461 3295 ξύλινόν
478 3243 556 3283 ποτε
572 3233 676 3303 τεῖχος
693 3215 787 3301 ἡμῖν,
809 3213 923 3293 όθεδς
941 3214 1072 3283 ἀνεῖλεν

64 3314 262 3403 ἀπόρθητον
280 3314 378 3382 εἶναι·
412 3311 491 3399 μεθ’
514 3307 553 3401 ής
573 3312 615 3381 ἀν
637 3323 694 3400 τῆς
710 3324 869 3396 προνοίας
888 3314 993 3393 ἀδεοῦς
1009 3315 1070 3399 μὲν

65 3414 348 3499 έπολιτευσάμην,
369 3411 462 3491 ἀδεὲς
477 3418 515 3480 δέ
528 3441 583 3501 μοι
601 3413 636 3481 τό
654 3412 737 3484 κατὰ
754 3416 966 3481 Μακεδόνων
981 3413 1070 3495 θάρ-

65 3536 141 3600 σος,
159 3518 294 3600 έμέλησε
310 3511 341 3579 δ’
358 3510 458 3581 οῦδὲν
474 3512 536 3581 οῦκ
551 3511 780 3602 Εὐκτήμονος,
800 3510 862 3579 οῦκ
875 3510 1071 3595 Ἀριστογεί-
