2625 4092
248 309 311 377 370
451 300 455 309 ⁴
605 283 895 375 Λονιιιαιιον

248 502 305 562 μοι
330 481 390 542 τοῦ
411 474 470 553 τάς
490 471 599 561 ὀφρῦς
620 474 827 559 συνάγοντος
848 475 904 543 καὶ
929 475 1077 554 δεδιότος
1099 474 1148 560 μὴ
1169 474 1254 560 λόγω

248 578 567 660 τωνΔημοσθένους
579 569 800 657 αότδνέργων
809 576 1001 642 έπιλίποιεν.
1021 578 1071 642 17.
1080 572 1181 651 Ἴσως
1188 574 1254 659 γάρ,

248 678 349 759 ε’φην,
368 665 497 759 ὦγαθέ,
512 677 655 758 νομίζεις
667 671 723 757 ἐμὲ
734 669 774 758 δὴ
784 671 892 758 μόνον
905 679 973 739 τοῖν
984 674 1021 739 έν
1031 674 1196 760 ῥητορικῇ
1206 678 1254 759 βε·

248 770 421 857 βιωκότων
431 767 475 857 μὴ
489 774 776 854 διατεθρυλῆσθαι
790 766 831 836 τά
847 762 913 837 άτα
928 784 997 848 ταῖς
1011 770 1255 855 Δημοσθένους

247 868 424 955 πράξεσινχ
446 876 553 955 Εέγε,
571 874 651 959 ἔφη,
668 870 743 952 περὶ
757 865 818 935 τόν
833 866 936 954 λόγον
950 870 1149 949 ἐπικουρίας
1162 867 1255 947 τινός,

248 965 291 1045 ὥς
306 963 349 1035 σι)
368 966 449 1053 φής,
466 966 628 1051 δεόμεθα·
652 963 740 1051 πλὴν
761 970 792 1033 εί
802 965 848 1051 μή
865 986 902 1036 σε
916 964 1119 1033 τούναντίον
1135 968 1255 1049 κατέχει

248 1067 373 1149 πάθος,
398 1060 471 1132 οἷον
486 1061 590 1150 αὐγῆς
605 1063 876 1150 περιλαμποάσης
893 1062 955 1131 οὐκ
974 1070 1057 1149 ἔχεις
1072 1061 1163 1146 πρὸς
1180 1073 1256 1147 λαμ-

121 1248 124 1259 ,
178 1180 230 1237 604
249 1161 339 1246 πράν
354 1162 416 1251 τὴν
431 1168 677 1251 Δημοσθένους
696 1163 798 1241 δόξαν
816 1160 880 1248 τὴν
894 1160 973 1243 ὅφιν
992 1160 1187 1244 άπερεῑσαι·
1210 1162 1255 1225 καὶ

62 1255 65 1261 “
247 1261 311 1349 γάρ
327 1262 427 1342 αὐτός
446 1290 478 1330 τι
499 1269 653 1330 τοιοῦτον
675 1256 730 1346 ἐφ’
751 1257 882 1351 Ὁμήρῳ
897 1259 980 1329 κατά
1001 1258 1060 1337 τάς
1082 1256 1193 1344 ἀρχάς
1207 1262 1256 1324 κε’·

247 1370 370 1428 πονθα.
383 1362 567 1448 κατέβαλον
575 1366 661 1446 γοῦν
670 1365 794 1444 μικροῦ
802 1362 884 1441 δεῖν,
896 1357 940 1437 ὡς
948 1355 1011 1426 οὐκ
1020 1356 1255 1451 άντιβλεπτέον

247 1456 287 1525 ὄν
302 1483 358 1545 μοι
373 1456 457 1542 πρός
471 1456 532 1546 τὴν
546 1457 723 1526 ὑπόθεσιν.
749 1455 807 1525 εἶτ’
825 1456 889 1543 έγιδ
904 1461 983 1545 μέν,
1002 1456 1065 1526 οὐκ
1078 1454 1149 1525 οἷδ’
1163 1455 1254 1533 ὅπως.

247 1553 431 1643 άνήνεγκα,
453 1560 507 1623 καὶ
524 1561 613 1623 δοκοῖ
635 1582 692 1642 μοι
708 1553 792 1622 κατά
814 1555 958 1642 σμικρόν
976 1556 1255 1640 προσεθιζόμενος

247 1650 362 1722 άντίον
373 1650 474 1739 ὁρᾶν,
490 1650 567 1739 μηδ’
580 1650 779 1737 ἀποτρέπων
790 1650 901 1740 ὥσπερ
912 1653 1010 1741 ἡλίου
1020 1651 1081 1731 τοὶς
1094 1650 1196 1733 ὄψεις
1205 1652 1253 1717 νό

246 1760 310 1841 θος
327 1758 388 1819 τοῦ
405 1758 472 1818 τῶν
491 1750 679 1837 Ὁμηριδῶν
697 1755 816 1836 γένους
831 1753 1033 1839 ἐλέγχεσθαι.
1070 1757 1124 1821 18.
1145 1750 1209 1817 σὸν
1226 1752 1254 1815 δέ

245 1875 301 1935 μοι
322 1855 475 1935 φαίνεται
492 1851 677 1937 καὶτοῦτο,
704 1855 785 1935 ἔφη,
804 1848 894 1918 ’πολύ
909 1854 993 1940 ῥᾷον
1013 1845 1035 1936 ἢ
1057 1847 1095 1916 τό
1114 1846 1195 1917 κατ’
1210 1848 1254 1933 ἐμὲ

247 1945 348 2014 εἶναι·
370 1954 428 2033 τῆς
444 1947 505 2033 μέν
519 1946 584 2033 γάρ
597 1945 745 2033 Ὁμήρου
761 1948 859 2034 δόξης
877 1944 949 2017 οἷον
965 1952 1016 2016 ε’πὶ
1033 1954 1116 2034 μιᾶς
1134 1946 1253 2034 ὁρμοά-

246 2065 306 2128 σης
320 2051 377 2130 τῆς
391 2053 561 2132 ποιητικῆς
579 2048 753 2131 δυνάμεως
765 2043 900 2129 άθρόως
911 2051 943 2127 ἐξ
955 2045 1108 2132 άνάγκης
1117 2041 1169 2126 ἦν
1179 2044 1255 2113 άπά-

246 2162 305 2227 σης
327 2146 504 2229 λαβέσθαι·
536 2148 580 2211 σὺ
600 2143 632 2211 δ’
655 2150 686 2212 εέ
705 2144 767 2229 μὲν
783 2146 835 2213 έπὶ
854 2143 915 2213 τὸν
930 2148 1169 2231 Δημοσθένην
1185 2143 1255 2211 ὅλον

245 2240 374 2323 ἐφάπαξ
386 2247 425 2327 τῇ
440 2245 557 2330 γνώμη
569 2243 719 2325 τράποιο,
735 2244 790 2309 καὶ
802 2241 891 2327 μάλα
906 2238 950 2308 άν
961 2240 1102 2323 άποροῖς
1114 2245 1198 2324 περὶ
1207 2240 1254 2308 τόι

244 2339 347 2425 λόγον
365 2338 473 2429 ᾄττων
494 2339 567 2407 οὐδ’
586 2347 670 2426 ἔχων
687 2339 768 2409 ὅτου
785 2342 920 2426 πρώτου
934 2348 974 2429 τη
990 2341 1115 2429 γνώμη
1132 2343 1253 2429 λάβοιο

244 2437 399 2522 καθάπερ
414 2444 448 2507 ολ
461 2444 566 2525 λίχνοι
579 2442 745 2527 πάσχουσι
760 2440 835 2521 περὶ
852 2438 910 2517 τάς
923 2446 1173 2520 Συρακουσίας
1185 2467 1253 2522 τρι·

244 2530 376 2621 πέζαςῆ
392 2542 426 2603 ολ
439 2540 595 2625 φιλήκοοι
616 2543 671 2607 καὶ
691 2540 936 2626 φιλοθεάμονες
951 2548 997 2620 εές
1010 2548 1141 2627 μυρίας
1158 2542 1253 2611 άιιου

244 2636 379 2722 σμάτων
396 2638 450 2705 καὶ
465 2638 647 2724 θεαμάτων
663 2638 860 2724 ἐμπεσόντες
873 2637 1013 2727 ἡδονάς·
1042 2638 1111 2707 οὐκ
1128 2648 1252 2727 ἔχουσιν

244 2733 299 2821 ἐφ’
315 2732 359 2823 ἧν
380 2743 527 2805 ἔλθωσιν
543 2735 593 2806 άεὶ
614 2737 676 2825 τὴν
698 2741 880 2826 ἐπιθυμίαν
899 2743 1149 2826 μετατιθέντες.
1174 2741 1250 2827 οἶμαι
1285 2789 1286 2792 ι

244 2833 280 2903 δὲ
289 2837 343 2901 καὶ
354 2836 390 2901 σέ
401 2840 594 2921 μεταπηδᾶν
605 2832 667 2903 οὐκ
679 2842 794 2921 έχοντα
806 2834 860 2921 ἐφ’
874 2835 894 2904 ὅ
904 2865 934 2905 τι
945 2846 1077 2923 σταίης,
1097 2843 1141 2907 ἐν
1151 2843 1252 2925 κύκλῳ

244 2953 281 2999 σε
295 2934 541 3015 περιελκόντων
552 2936 688 3019 φάσεως
701 2942 989 3020 μεγαλοπρεποῦς,
1012 2937 1125 3025 ὁρμῆς
1141 2940 1253 3009 διαπό-

244 3055 317 3114 ρου,
333 3038 410 3116 βίον
426 3032 611 3117 σιόφρονος,
632 3036 737 3119 λόγου
755 3036 951 3119 δεινότητος,
967 3038 1075 3123 τῆςέν
1086 3054 1165 3118 ταῖς
1175 3040 1253 3119 πρά-

174 3140 224 3195 θθὸ
246 3138 334 3207 ξεσιν
351 3128 520 3215 άνδρείας,
539 3136 719 3219 λημμάτων
738 3140 871 3200 πολλῶν
890 3137 944 3201 καλ
961 3136 1125 3220 μεγάλων
1138 3136 1246 3221 ὑπερο

246 3238 335 3309 υίας,
365 3231 579 3317 δικαιοσύνης
604 3240 860 3322 φιλανθρωπίας
877 3239 1015 3310 πίστεως
1038 3240 1253 3323 φρονήματος

243 3327 426 3409 συνέσεως,
450 3330 591 3396 ἑκάστου
612 3339 680 3397 τῶν
696 3337 829 3399 πολλῶν
850 3334 903 3398 καὶ
925 3332 1083 3417 μεγάλων
1102 3346 1252 3404 πολιτειε

243 3421 366 3506 μάτων.
401 3432 480 3501 ἴσως
500 3419 562 3492 οὖν
578 3426 669 3511 ὀρῶν
690 3437 790 3497 ἔνθεν
810 3432 872 3515 μὲν
889 3438 1087 3516 ψηφίσματα
1104 3439 1252 3523 πρέσβεις

240 3525 446 3605 ’δημηγορίας
467 3522 608 3610 νόμους,
634 3530 765 3595 έκεῑθεν
785 3526 999 3625 άποστόλους
1007 3530 1171 3625 Εὔβοιαν
1189 3538 1253 3601 Mi·
1271 3577 1275 3588 ·
