2625 4092
298 288 523 351 νωτοοιιιι
542 289 882 377 ammam.
1049 283 1091 349 οε

83 454 142 520 καλ
158 458 227 519 πᾶν
250 448 365 522 ὁτιοῦν
388 447 564 535 ὑπομείναι
585 446 695 527 ἀξιον·
730 449 848 526 σκόπει
866 456 952 536 γοῦν
973 446 1091 522 ὁπόσοι
1108 465 1128 523 θ

83 553 163 627 τέως
178 549 283 634 μηδὲν
304 546 398 629 όντες
413 550 540 626 ἐνδοξοι
563 546 617 615 καλ
637 545 792 615 πλούσιοι
813 549 868 617 καλ
888 545 929 633 νῆ
945 554 1012 617 Δία
1033 543 1091 613 εδ-

83 650 274 732 γενέστατοι
289 650 405 733 ἔδοξαν
419 641 484 713 ἀπό
500 652 568 711 τῶν
582 643 701 728 λόγων.
725 650 756 711 3.
771 643 861 729 ὅμως
873 646 908 711 δὲ
923 642 967 730 μῆ
981 645 1090 715 δέδιθι

83 743 166 830 μηδὲ
183 741 268 826 πρός
281 741 319 810 τό
335 746 478 828 μέγεθος
494 748 562 811 τῶν
580 743 802 828 ἐλπιζομένων
817 740 1092 833 ἀποδυσπετήσῃς

85 848 226 925 μυρίους
241 838 334 919 τινάς
344 839 422 918 τούς
437 841 564 918 πόνους
578 847 788 925 προπονῆσαι
804 847 946 927 οἰηθείς·
969 838 1011 909 οὐ
1025 841 1091 927 γάρ

84 962 121 1005 σε
135 940 291 1025 τραχεῖάν
311 966 386 1007 τινα
408 935 486 1009 οὐδὲ
501 936 613 1023 όρειον
634 939 688 1007 καλ
706 941 844 1021 ἱδρῶτος
856 936 981 1025 μεστήν
999 936 1092 1028 ἡμεῖς
1120 1009 1122 1012 ,
1197 952 1201 962 ’

82 1064 121 1126 γε
138 1036 276 1124 ἄξομεν,
293 1036 338 1117 ὡς
352 1040 388 1107 ἐκ
399 1041 499 1123 μέσης
511 1034 612 1122 αὐτῆς
622 1033 828 1119 ἀναστρέψαι
839 1035 1006 1123 καμόντα,
1022 1035 1092 1106 ἐπεὶ

85 1134 185 1205 οάδὲν
201 1132 244 1203 ἀν
260 1136 457 1221 διεφέρομεν
471 1142 538 1203 τῶν
553 1132 681 1217 ἀλλων,
697 1131 771 1199 ὅσοι
783 1131 845 1221 τήν
857 1134 993 1221 συνήθη
1006 1137 1092 1202 ἐκεί-

83 1262 149 1321 νην
166 1232 326 1321 ἡγοῦνται
343 1232 476 1320 μακράν
491 1236 545 1302 καὶ
562 1231 690 1317 ἀνάντη
701 1236 757 1300 καλ
770 1230 966 1319 καματηρὰν
981 1234 1036 1304 καλ
1046 1229 1092 1313 ,ὡς

82 1336 136 1403 ἐπὶ
150 1331 187 1400 τό
206 1332 293 1403 πολό
306 1331 577 1418 ἀπεγνωσμένην.
601 1328 686 1399 ἀλλά
702 1331 739 1397 τό
749 1356 788 1416 γε
803 1328 882 1415 παρ’
895 1326 991 1416 ἡμῶν
1005 1333 1093 1411 ἐξαί-

81 1431 182 1515 ρετόν
194 1452 250 1499 σοι
261 1438 318 1517 τῆς
332 1437 522 1518 συμβουλῆς
532 1428 622 1497 τοῦτ’
637 1435 743 1511 ἔστιν,
760 1426 810 1495 ότι
824 1426 962 1515 ἡδίστην
976 1456 1011 1496 τε
1022 1426 1090 1513 ἅμα

82 1534 136 1597 καλ
150 1530 400 1615 ἐπιτομωτάτην
416 1532 470 1597 καλ
484 1528 670 1615 ἱππήλατον
685 1530 738 1595 καὶ
751 1527 896 1612 κατάντη
907 1525 973 1595 σόν
984 1533 1091 1613 πολλῆ

82 1635 123 1714 τῆ
139 1632 291 1716 θυμηδίᾳ
305 1632 359 1697 καλ
375 1635 486 1715 τρυφή
502 1624 556 1696 διά
570 1628 744 1711 λειμώνων
760 1624 917 1693 εὐανθῶν
930 1630 986 1698 καλ
996 1634 1090 1704 σκιάς

81 1724 245 1811 ἀκριβοῦς
263 1734 368 1814 ,σχολῇ
383 1728 437 1796 καλ
458 1726 566 1811 βάδην
581 1722 688 1791 ἀνιῶν
703 1722 859 1807 ἀνιδρωτὶ
877 1724 1035 1813 ἐπιστήση
1051 1730 1091 1811 τῆ

81 1823 172 1912 ἀκρᾳ
186 1829 241 1898 καὶ
256 1827 406 1913 αἱρήσεις
426 1824 468 1893 οὐ
483 1822 600 1911 καμάν
621 1826 675 1891 καὶ
690 1821 732 1907 νῆ
746 1820 803 1893 Δί’
823 1820 973 1909 εὐωχήση
989 1848 1091 1889 κατα-

80 1930 249 2009 κείμενος,
266 1931 410 2003 ἔκπνοος
421 1922 541 1997 όπόσοι
553 1920 613 2007 τήν
628 1923 742 2003 ἑτέραν
754 1919 937 2004 ε’τράποντο
952 1918 1090 1987 ἀπὸτοῦ

83 2019 218 2107 ὑψηλοῦ
239 2026 428 2090 ἐπισκοπῶν
447 2028 484 2089 ἐν
504 2030 543 2109 τῆ
559 2020 707 2107 ὑπωρείᾳ
722 2029 780 2105 τῆς
797 2018 924 2088 ἀνόδου
942 2026 988 2087 ἔτι
1006 2016 1088 2094 κατά
1108 2036 1126 2087 λ

81 2118 261 2203 δυσβάτων
276 2122 331 2187 καὶ
346 2116 539 2207 ὀλισθηρῶν
554 2126 622 2189 τῶν
636 2124 797 2203 κρημνῶν
813 2118 909 2203 μόλις
924 2115 1090 2202 ἀνέρπον-

79 2242 152 2297 τας,
164 2214 449 2302 ἀποκυλιομένους
462 2221 513 2286 ἐπὶ
525 2216 676 2303 κεφαλήν
687 2218 792 2283 ἐνίοτε
803 2219 858 2285 καλ
869 2213 975 2285 πολλά
986 2214 1090 2301 τραύ-

79 2341 169 2399 ματα
181 2318 413 2402 λαμβάνοντας
423 2320 497 2400 περλ
507 2324 670 2402 τραχείαις
680 2328 749 2393 ταῖς
759 2318 907 2399 πέτραις·
925 2312 968 2381 σύ
979 2313 1014 2390 δὲ
1025 2312 1089 2395 πρὸ

79 2421 211 2481 πολλοῶ
223 2413 293 2480 ἀνω
305 2417 576 2501 ἐστεφανωμένος
586 2414 879 2501 εὐδαιμονέστατος
890 2419 948 2503 ἔση
958 2411 1090 2480 ἅπαντα

80 2516 119 2580 ἐν
129 2518 249 2599 βραχεῖ
257 2512 318 2579 ὅσα
330 2516 417 2581 ἐστὶν
429 2513 543 2601 ἀγαθοὶ
554 2514 644 2599 παρὰ
655 2522 712 2602 τῆς
723 2517 898 2600 ῥητορικῆς
910 2516 1091 2602 μονονουχὶ

80 2611 265 2680 καθεύδων
283 2614 405 2698 λοβῶν.
434 2620 463 2681 4.
480 2611 578 2699 ἡμὲν
593 2613 633 2699 δή
650 2612 829 2699 ὑπόσχεσις
844 2611 933 2679 οὕτω
941 2613 1090 2707 μεγάλη·

80 2708 125 2777 σύ
147 2710 185 2778 δὲ
205 2708 290 2795 πρός
305 2720 421 2797 φιλίου
436 2710 480 2797 μῆ
499 2712 695 2801 ἀπιστήσῃς,
717 2716 747 2776 εί
764 2710 869 2797 &qimi
891 2736 926 2777 τε
947 2708 1015 2794 ἅμα
1037 2712 1090 2777 καὶ

79 2810 202 2895 ῆδιστά
217 2831 269 2877 σοι
284 2818 387 2877 ταῦτα
402 2814 575 2891 ἐπιδείξειν
591 2814 711 2897 φαμέν.
742 2817 771 2876 εί
786 2808 849 2894 γάρ
865 2807 1015 2887 Ἡσίοδος
1028 2813 1091 2895 μὲν

79 2907 178 2995 ὀλίγα
194 2908 304 2993 φύλλα
320 2912 355 2976 ἐκ
368 2917 429 2978 τοῦ
438 2908 613 2989 Ἑλικῶνος
629 2908 744 2997 λαβοδν
758 2908 874 2977 αὐτίκα
887 2910 976 2994 μάλα
993 2934 1091 2995 ποιη-

79 3007 141 3095 τής
158 3011 194 3076 ἐκ
215 3010 372 3093 ποιμένος
383 3012 526 3093 κατέστη
542 3012 597 3077 καὶ
613 3004 673 3098 ᾖδε
689 3018 781 3078 θεῶν
798 3014 852 3078 καὶ
872 3008 995 3096 ἡρῶον
1010 3012 1090 3095 γένη

79 3109 220 3192 κάτοχος
231 3110 267 3175 ἐκ
280 3116 432 3177 Μουσῶν
442 3111 639 3195 γενόμενος,
655 3110 780 3193 ῥήτορα
795 3111 835 3177 δέ
838 3161 845 3183 ,
861 3106 881 3175 ό
896 3107 984 3177 πολὺ
996 3115 1090 3192 ἔνερ-

79 3216 147 3273 θεν
163 3214 221 3291 τῆς
235 3216 406 3292 ποιητικῆς
421 3214 665 3294 μεγαληγορίας
679 3209 783 3291 ἐστίν,
803 3205 973 3283 ἀδύνατον
990 3235 1091 3275 κατα-

80 3311 200 3389 στῆναι
227 3309 264 3371 ἐν
281 3314 415 3391 βραχεῖ.
442 3316 476 3374 εί
493 3334 542 3384 τις
565 3308 708 3392 έκμοὶθοι
728 3304 790 3393 τῆν
814 3315 969 3393 ταχίστην
991 3305 1089 3388 όδόνς

80 3410 108 3469 5.
134 3400 180 3481 ὡς
202 3408 305 3489 ἔγωγε
330 3405 385 3473 καὶ
411 3406 637 3492 διηγήσασθαί
659 3428 712 3475 σοι
737 3405 901 3491 βούλομαι
920 3411 1090 3482 Σιδωνίου

82 3500 173 3584 τινός
193 3504 343 3589 ἐμπόρου
365 3507 515 3572 ἐπίνοιαν
537 3503 582 3573 δι’
606 3502 761 3577 ἀπιστίαν
786 3504 884 3591 ἀτελῆ
905 3507 1091 3591 γενομένην
