2625 4092
228 320 292 385 214
583 323 891 382 AOYKIANOY

229 509 304 567 ρειν
325 484 457 570 φράσας
481 492 528 573 τῷ
547 489 721 574 Αἰγυπτίῳ
742 491 905 574 ναυπηγῷ
928 487 1179 575 περιηγουμένῳ
1202 513 1236 550 το

229 590 348 650 πλοῖον
365 585 550 668 παρέστηκε
567 583 742 668 δακρύων,
761 580 873 667 ὥσπερ
892 593 1009 651 εἴωθε·
1031 586 1238 671 ταχύδακρυς

228 677 294 766 γάρ
312 676 330 748 ὁ
349 678 435 766 ἀνὴρ
452 683 485 759 ἐς
498 677 539 747 τά
557 681 707 763 ἐρωτικά.

313 788 414 848 ΛΤΚ.
436 782 503 847 Καὶ
520 777 587 865 μὴν
604 777 646 846 ού
661 778 753 846 πάνυ
769 779 885 864 καλός,
905 771 932 846 ἀ
942 781 1121 865 Σάμιππε,
1140 775 1239 864 ὁμει-

229 888 387 965 ρακίσκος
402 885 494 960 ἔδοξέ
506 906 580 966 μοι,
598 878 642 959 όνς
656 875 702 947 ἀν
719 883 773 948 καὶ
788 877 1002 965 Ἀδείμαντον
1018 883 1192 967 ἐκπλῆξαι,
1214 868 1240 966 φ’

228 987 384 1048 τοσοῦτοι
394 977 556 1067 Ἀθήνησι
565 982 661 1047 καλοὶ
670 980 817 1065 ἕπονται,
827 980 949 1056 πάντες
958 980 1146 1063 ἐλεύθεροι,
1157 998 1235 1044 στω-

230 1077 332 1163 μύλοι
340 1074 378 1144 τό
389 1081 537 1164 φθέγμα,
547 1085 751 1160 παλαίστρας
761 1075 996 1163 ἀποπνέοντες,
1006 1073 1056 1156 οἷς
1067 1079 1123 1144 καί
1132 1100 1237 1158 παρα-

229 1181 394 1261 δακρῦσαι
406 1174 469 1243 οὐκ
480 1173 635 1262 ἀγεννές·
658 1168 756 1254 οὗτος
772 1175 807 1244 δὲ
818 1173 902 1259 πρὸς
914 1183 959 1266 τῷ
975 1175 1183 1261 μελάγχρους
1195 1171 1239 1240 ελ-

158 1288 211 1344 249
232 1302 287 1343 ναι
302 1275 358 1343 καὶ
371 1275 545 1361 πρόχειλός
561 1276 694 1343 ἐστικαὶ
708 1271 827 1353 λεπτός
842 1271 929 1359 ἀγαν
943 1288 1016 1341 τοῖν
1026 1283 1171 1359 σκελοῖν,
1189 1274 1239 1338 καλ

230 1374 414 1459 ἐφθέγγετο
435 1375 697 1459 ἐπισεσυρμένον
713 1399 745 1440 τι
763 1375 818 1441 καὶ
835 1373 970 1458 συνεχὲς
985 1374 1040 1440 καὶ
1057 1374 1239 1457 ἐπίτροχον.

225 1470 409 1559 Ελληνιστὶ
428 1474 508 1558 μέν,
531 1470 614 1550 ἐς
580 1498 617 1538 το
641 1471 785 1554 πάτριον
808 1475 844 1538 δὲ
860 1477 906 1560 τῷ
929 1470 1030 1592 φόφφ
1051 1472 1108 1538 καί
1124 1477 1171 1559 τῷ
1187 1475 1243 1552 τῆς

231 1578 347 1657 φωνῆς
358 1570 462 1660 τόνφ,
478 1566 597 1656 ἡκόμη
608 1573 644 1637 δε
655 1571 710 1639 καὶ
722 1573 754 1648 ἐς
765 1567 912 1637 τούπίσω
926 1595 944 1636 ο
932 1567 1129 1655 πλόκαμος
1143 1589 1242 1635 συνε-

231 1671 452 1753 σπειραμένος
467 1668 531 1736 οὐκ
547 1671 732 1754 ἐλεύθερον
747 1666 852 1738 αὐτόν
867 1689 973 1755 φησιν
987 1667 1082 1736 εἶναι.

192 1774 194 1777 ’
316 1773 346 1834 3.
372 1774 468 1835 ΤΙΜ.
495 1775 601 1835 Τοῦτο
619 1795 681 1853 μεν
698 1766 881 1854 εὐγενείας,
904 1761 1085 1853 ωΛυκῖνε,
1104 1767 1241 1854 σημεῖόν
1300 1741 1302 1816 λ

231 1871 322 1935 ἐστιν
334 1872 518 1951 Αἰγυπτίας
534 1867 555 1954 ἡ
570 1869 673 1955 κόμη·
697 1868 841 1946 ἅπαντες
854 1865 918 1953 γὰρ
933 1863 1040 1953 αὐτὴν
1054 1871 1090 1934 οί
1102 1865 1239 1934 ἐλεύθε-

232 1991 287 2048 ροι
304 1967 419 2043 παῖδες
433 1961 677 2035 ἀναπλέκονται
692 1972 764 2034 ἐστε
779 1961 863 2049 πρὸς
879 1961 916 2031 τό
934 1964 1115 2051 ἐφηβικόν,
1137 1968 1240 2048 ἔμπα·

232 2072 285 2131 λιν
301 2056 323 2149 ἢ
338 2066 373 2128 ολ
386 2063 549 2149 πρόγονοι
571 2062 684 2150 ἡμῶν,
708 2060 757 2142 οἷς
773 2063 883 2131 ἐδόκει
905 2061 1011 2130 καλὸν
1031 2059 1119 2129 εἶναι
1134 2070 1242 2148 κομᾶν
1300 2117 1301 2128 ,

231 2159 310 2238 τούς
324 2162 484 2246 γέροντας
498 2158 750 2248 ἀναδουμένους
763 2161 941 2247 κρωβύλον
951 2157 1017 2229 ὑπό
1029 2161 1149 2245 τέττιγι
1161 2186 1243 2244 χρυ-

230 2265 279 2348 σῷ
297 2256 551 2344 ἀνειλημμένον.

316 2365 429 2426 ΣΑΜ.
452 2351 504 2427 Εὖ
517 2385 572 2445 γε,
592 2387 618 2427 ω
606 2352 838 2446 Τιμόλαε,”
818 2387 869 2428 οτι
884 2355 1245 2446 ημάςάναμιμνήσκεις

231 2467 300 2526 τιόν
314 2464 528 2527 Θουκυδίδου
542 2461 828 2546 συγγραμμάτων,
845 2487 866 2526 α
853 2456 918 2526 “gv
932 2466 978 2550 τῷ
993 2466 1158 2549 προοιμίῳ
1170 2461 1244 2540 περὶ

230 2556 323 2644 τῆς’
305 2564 441 2644 αρχαίας
455 2557 552 2647 ἡμῶν
569 2566 698 2646 τρυφῆς
713 2557 805 2627 εἶπεν
822 2562 858 2627 ἐν
875 2574 943 2638 τοῖς
948 2556 1113 2643 Ίωσιν,“
1096 2560 1201 2627 οπότε
1217 2562 1246 2626 οί

231 2658 306 2726 τότε
322 2667 642 2749 συναπῳκίσθησαν.

162 2773 214 2826 25⁰
317 2762 346 2824 4.
366 2765 462 2828 ΤΙΜ.
482 2756 589 2840 Ἀτάρ,
607 2751 816 2843 ιάΣάμιππε,
831 2764 897 2826 νῦν
911 2756 1143 2844 ἀνεμνήσθην,
1161 2756 1245 2826 ὁπό-

231 2868 296 2924 θεν
312 2855 409 2943 ἡμῶν
429 2856 618 2944 ἀπελείφθη
636 2854 861 2942 Ἀδείμαντος,
886 2854 941 2924 ότε
958 2854 1048 2940 παρὰ
1071 2854 1133 2924 τόν
1150 2856 1245 2925 ίστόν
1296 2847 1297 2860 ’

232 2958 284 3025 ε’πὶ
299 2953 386 3024 πολύ
403 2962 543 3042 ἔστημεν
556 2954 819 3044 ἀναβλέποντες,
835 2953 1060 3041 ἀριθμοῦντες
1074 2963 1143 3024 τοῖν
1159 2965 1244 3045 βυρ-

232 3063 303 3125 σῶν
316 3053 375 3134 τάς
397 3054 553 3144 ἐπιβολάς
567 3059 622 3126 καὶ
636 3056 865 3142 θαυμάζοντες
880 3052 1020 3122 ἀνιόντα
1034 3052 1094 3122 τόν
1116 3056 1244 3142 ναύτην
1295 3065 1296 3108 ἒ

233 3152 289 3222 διά
305 3163 374 3222 τῶν
389 3156 517 3243 κάλων,
536 3154 604 3225 εἶτα
621 3158 674 3225 ἐπὶ
687 3164 744 3242 τῆς
759 3161 893 3241 κεραίας
907 3153 980 3221 ἀνω
996 3151 1155 3240 ἀσφαλῶς
1172 3159 1243 3224 δια-

232 3256 358 3322 θέοντα
371 3263 439 3321 τοίν
454 3256 640 3337 κεροιάκων
656 3256 908 3341 ἐπειλημμένον.

315 3360 429 3420 ΣΑΜ.
458 3347 509 3422 Εὖ
531 3358 644 3442 λέγεις.
677 3361 711 3422 τί
728 3352 759 3422 δ’
783 3347 849 3421 ούν
868 3349 930 3440 χρὴ
952 3368 1062 3422 ποιεῖν
1082 3350 1169 3441 ἡμᾶς
1191 3358 1240 3423 ε’ν-

231 3458 359 3534 ταύθα;
382 3457 583 3535 καραδοκεῖν
594 3452 716 3537 αὐτόν,
730 3449 752 3539 ἢ
765 3455 892 3531 ἐθέλεις
901 3449 966 3537 ἐγοδ
978 3447 1082 3532 αὖθις
1091 3454 1241 3540 ἐπάνειμι

232 3552 266 3627 ἐς
281 3550 319 3617 τό
336 3559 474 3629 πλοῖον;
