2625 4092
73 358 78 374 ,
146 309 261 367 ΠΕΡΙ
280 309 378 366 ΤΗΣ
396 308 720 368 ΠΕΡΕΓΡΙΝΟΥ
740 309 1014 368 ΤΕΛΕΤΤΗΣ.
1057 305 1119 370 283

109 468 177 534 ἐπεὶ
198 469 249 534 καὶ
265 464 409 545 πολλοὺς
424 473 522 534 τοῦτο
534 469 722 553 πάσχοντας
737 456 868 553 ἐώρωνζ
886 466 1041 554 ἀπῆλθον
1055 496 1121 555 μα-

109 566 175 647 κρά
188 573 316 652 χαίρειν
340 568 470 651 φράσας
492 574 696 634 θανατιῶντι
709 576 851 656 σοφιστῇ
866 565 927 634 τόν
944 570 1121 653 ἐπιτάφιον

109 667 234 730 ἑαυτοῦ
248 661 311 748 πρό
327 671 480 750 τελευτῆς
498 665 663 744 διεξιόντι.
687 671 739 732 33.
755 664 842 752 πλήν
856 667 893 733 τό
909 693 947 752 γε
958 673 1121 732 τοσοῦτον

110 761 295 844 ἐπήκουσα·
330 769 392 848 ἐφη
415 761 478 847 γάρ
500 765 685 848 βούλεσθαι
703 774 814 854 χρυσῷ
834 771 896 854 βίφ
911 771 1038 849 χρυσῆν
1061 789 1120 832 κο-

109 860 225 944 ρώνην
240 862 423 926 ἐπιθεῖναι·
447 869 565 946 χρῆναι
577 860 641 946 γάρ
654 860 713 928 τόν
724 861 921 945 Ἡρακλείως
934 863 1118 950 βεβιωκότα

108 958 308 1040 Ἡρακλείως
325 956 512 1028 ἀποθανεῖν
529 963 583 1027 καί
605 958 831 1045 ἀναμιχθῆναι
847 969 893 1048 τῷ
915 965 1035 1042 αἰθέρι.
1065 961 1120 1027 καὶ

109 1054 291 1142 ώφελῆσαι,
311 1062 385 1141 ἐφη,
402 1058 566 1144 βούλομαι
579 1053 658 1135 τούς
669 1055 874 1139 ἀνθρώπους
884 1061 991 1137 δείξας
1006 1055 1119 1134 αὐτοῖς

110 1152 151 1221 ὂν
166 1153 225 1240 χρῆ
249 1155 375 1238 τρόπον
395 1156 549 1222 θανάτου
567 1171 807 1241 καταφρονεῖν·
836 1155 963 1233 πάντας
984 1147 1047 1221 οὖν
1069 1159 1121 1221 δεῖ

108 1280 166 1338 μοι
184 1249 261 1330 τοός
277 1250 482 1337 ἀνθρώπους
503 1255 706 1338 Φιλοκτήτας
725 1256 893 1337 γενέσθαι.
924 1257 958 1319 ολ
976 1252 1038 1337 μέν
1053 1245 1117 1318 οὖν
1136 1267 1187 1320 355

108 1349 323 1434 ἀνοητότεροι
339 1357 407 1417 τῶν
421 1349 615 1434 ἀνθρώπων
627 1352 795 1435 ἐδάκρυον
811 1352 865 1419 καὶ
881 1352 989 1438 ἐβόων
1000 1350 1118 1430 Σώζου

110 1447 357 1535 τοίςἝλλησιυ,
382 1454 416 1517 οἱ
430 1450 465 1517 δέ
486 1447 748 1533 ἀνδρωδέστεροι
770 1449 1005 1533 έκεκράγεισαν
1026 1448 1118 1515 Τέλει

110 1547 149 1615 τὰ
166 1548 366 1634 δεδογμένα,
389 1546 451 1635 ὑφ’
474 1539 521 1614 ὧν
539 1545 556 1614 ὁ
577 1545 763 1632 πρεσβύτης
779 1544 819 1612 οὐ
840 1554 978 1631 μετρίως
994 1548 1117 1629 ἐθορυ-

109 1648 201 1734 βήθη
217 1650 355 1728 ἐλπίζων
372 1650 496 1724 πάντας
513 1642 645 1725 ἕξεσθαι
661 1642 767 1711 αὐτοῦ
781 1645 835 1710 καί
849 1644 893 1728 μή
909 1642 1116 1728 προήσεσθαι

110 1752 155 1832 τῷ
171 1751 275 1834 πυρί,
300 1743 383 1814 ἀλλά
404 1745 529 1812 ἀκοντα
550 1740 591 1828 δή
613 1744 767 1820 καθέξειν
790 1744 825 1806 ἐν
846 1747 891 1829 τῷ
912 1746 982 1828 βίφ.
1017 1737 1054 1805 τό
1076 1737 1116 1824 δή

110 1850 217 1908 τελείυ
239 1840 278 1908 τά
306 1847 488 1930 δεδογμένα
509 1843 601 1908 πάνυ
627 1838 794 1925 ἀδόκητον
814 1836 904 1928 αὐτῷ
925 1833 1117 1921 προσπεσόν

107 1937 235 2024 ώχριάν
244 1947 290 2008 ἐτι
300 1949 426 2026 μᾶλλον
436 1943 578 2026 ἐποίησε,
587 1944 692 2005 καίτοι
700 1936 764 2023 ῆδη
776 1943 936 2017 κεκρικώς
944 1932 1005 2020 τῆν
1014 1934 1118 2018 χρόαν

108 2045 235 2124 ἔχοντι,
252 2041 305 2106 καὶ
322 2037 363 2124 νῆ
379 2046 445 2108 Δία
461 2041 514 2106 καὶ
530 2034 747 2121 ὑποτρέμειν,
765 2033 847 2102 ώστε
861 2038 1047 2102 κατέπαυσε
1058 2031 1119 2100 τόν

107 2136 221 2222 λόγον,
244 2141 295 2204 34.
313 2134 376 2221 έγώ
394 2140 432 2204 δέ
438 2188 448 2222 ,
472 2137 624 2216 εἰκάζεις,
648 2132 755 2218 οἶμαι,
781 2141 851 2210 πώς
871 2135 1010 2218 ἐγέλων·
1039 2128 1117 2198 οὐδὲ

107 2233 174 2320 γὰρ
190 2239 293 2303 έλεεῖν
309 2231 403 2313 ἀξιον
415 2230 458 2322 ῆν
469 2233 557 2301 οὕτω
572 2237 742 2317 δυσέρωτα
754 2240 811 2318 τῆς
822 2233 920 2316 δόξης
931 2230 1117 2312 ἄνθρωπον

108 2332 193 2415 ὑπὲρ
214 2331 378 2416 ἅπαντας,
399 2331 473 2400 ὅσοι
491 2341 530 2420 τῆ
552 2332 635 2420 αὐτῆ
656 2340 757 2420 ποιυῆ
777 2334 983 2400 ἐλαύνονται.
1013 2355 1118 2410 παρε-

111 2435 257 2517 πέμπετο
272 2432 306 2498 δὲ
323 2431 411 2518 ὅμως
434 2431 502 2500 ὑπό
516 2439 650 2500 πολλῶν
670 2434 725 2499 καὶ
741 2434 931 2516 ἐνεφορεῖτο
947 2439 1004 2512 τῆς
1021 2429 1119 2513 δόξης

107 2528 310 2615 ἀποβλέπων
331 2535 363 2607 ἐς
377 2529 413 2598 τό
430 2539 561 2617 πλῆθος
577 2539 644 2598 τών
661 2530 919 2614 θαυμαζόντων,
943 2525 1005 2594 οὐκ
1023 2523 1118 2604 εἰδώς
1136 2541 1189 2597 356

110 2629 129 2696 ὁ
144 2629 262 2708 ἀθλιος
276 2627 326 2698 ότι
339 2635 393 2697 καὶ
408 2646 474 2708 τοῖς
486 2633 536 2697 ἐπὶ
553 2628 612 2697 τόν
623 2626 772 2709 σταυρόν
782 2627 1005 2713 ἀπαγομένοις
1018 2623 1039 2711 ῆ
1051 2622 1116 2692 ὑπὸ

110 2735 171 2794 τοῦ
184 2732 304 2813 δημίου
320 2730 486 2814 ἐχομένοις
500 2737 613 2817 πολλῷ
628 2734 762 2805 πλείους
774 2728 917 2793 ἕπονται.
941 2731 992 2793 35.
1010 2725 1063 2790 καὶ
1076 2721 1116 2809 δή

110 2826 150 2892 τά
169 2826 230 2911 μὲν
252 2823 410 2911 Ὀλύμπια
428 2829 519 2904 τέλος
536 2825 615 2912 εἶχε,
641 2829 800 2894 κάλλιστα
814 2825 1002 2909 Ὀλυμπίων
1019 2824 1117 2908 γενό-

111 2951 195 3012 μενα
217 2918 265 2990 ών
285 2924 348 3011 ἐγώ
370 2924 473 3011 εἶδον,
499 2928 650 3010 τετράκις
671 2925 734 3012 ήδη
752 2924 851 3008 ὁρῶν.
886 2922 950 3008 ἐγώ
971 2927 1007 2989 δὲ
1023 2919 1118 2989 αοά

110 3022 175 3112 γάρ
199 3019 241 3110 ῆν
268 3022 450 3110 εὐπορῆσαι
469 3025 632 3111 ὀχήματος
657 3024 725 3111 ἅμα
744 3031 881 3092 πολλῶν
901 3023 1058 3103 ἐξιόντων
1078 3064 1117 3072 -

110 3123 203 3190 ἀκων
214 3121 452 3209 ὑπελειπόμην.
475 3121 493 3190 ὁ
509 3123 543 3191 δέ
555 3122 605 3192 ἀεὶ
616 3121 888 3211 ἀναβαλλόμενος
900 3123 1005 3191 νόκτα
1015 3121 1053 3189 τό
1063 3148 1119 3189 τε·

110 3233 265 3290 λευταίον
286 3223 475 3307 προειρήκει
500 3226 727 3304 ἐπιδείξασθαι
749 3220 811 3309 τήν
831 3229 968 3291 καῦσιν·
1001 3229 1059 3290 καί
1077 3248 1118 3309 με

111 3329 178 3389 τών
192 3325 332 3405 ἑταίρων
342 3320 432 3400 τινός
446 3326 697 3409 παραλαβόντος
708 3327 783 3406 περὶ
798 3326 899 3409 μέσας
909 3323 1033 3399 νύκτας
1043 3325 1118 3401 ἐξα-

111 3418 233 3497 ναστάς
257 3418 377 3507 ἀπήειν
403 3417 491 3487 εάθό
517 3429 574 3505 τῆς
600 3417 771 3508 Ἁρπίνης,
804 3429 889 3489 ἔνθα
910 3414 992 3505 ῆνῆ
1016 3421 1116 3500 πυρά.

112 3520 240 3586 στάδιοι
256 3518 376 3596 πάντες
388 3510 481 3585 οὗτοι
493 3527 616 3587 είκοσιν
627 3518 693 3588 ἀπό
705 3529 762 3608 τῆς
775 3519 953 3604 Ὀλυμπίας
965 3519 1046 3586 κατά
1061 3545 1118 3584 τον
