2625 4092
230 279 293 342 282
386 274 390 286 ¹
589 283 888 345 AOYKIANOY

271 440 346 511 ἀλλ’
362 441 489 511 ὁπόταν
499 445 648 522 Κυνικὸς
660 443 882 528 πολυώνυμος
896 446 928 521 ές
940 445 1050 530 φλόγα
1066 446 1193 526 πολλὴν

272 541 401 631 πηδήσῃ
419 542 516 628 δόξης
532 541 590 610 ὑπ’
608 543 715 627 ἐρινύι
733 539 847 627 θυμόν
865 541 1027 625 ὀρινθείς,

271 637 312 725 δὴ
326 641 399 706 τότε
414 638 492 719 τούς
507 639 629 719 ἀλλους
644 642 900 724 κυναλώπεκας,
917 642 952 706 οἵ
964 645 998 708 ολ
1012 642 1158 721 ἕπονται,

270 747 442 823 μιμεῖσθαι
456 738 516 824 χρη
535 739 664 823 πότμον
681 738 912 822 ἀποιχομένοιο
929 738 1052 805 λύκοιο.

270 833 306 914 ὃς
322 838 361 903 δέ
373 863 409 904 κε
426 835 535 916 δειλὸς
549 834 615 904 έάν
629 839 739 924 φεύγη
754 840 853 923 μένος
861 835 1064 922 Ἡφαίστοιο,

271 935 407 1002 λάεσσιν
422 936 553 1021 βαλέειν
569 942 690 1001 τοῦτον
706 935 787 1019 τάχα
803 936 930 1012 πάντας
944 931 1100 1019 Ἀχαιούς,
1174 935 1177 939 ’

273 1029 315 1110 ὡς
330 1029 374 1117 μὴ
389 1030 516 1118 ψυχρὸς
532 1029 596 1100 έάν
610 1036 852 1118 θερμηγορέειν
870 1035 1014 1120 ἐπιχειρῇ

271 1136 382 1217 χρυσῷ
397 1131 581 1213 σαξάμενος
596 1129 707 1215 πήρην
722 1132 811 1214 μάλα
824 1127 931 1196 πολλὰ
945 1131 1114 1208 δανείζων.

272 1231 308 1293 ἐν
324 1236 438 1305 καλαῖς
452 1228 638 1312 Πάτραισιν
655 1234 739 1312 ἔχων
755 1229 825 1310 τρὶς.
838 1229 935 1294 πέντε
951 1227 1104 1294 τάλαντα.

228 1333 262 1393 τί
273 1323 352 1411 ὑμῖν
372 1330 477 1404 δοκεῖ,
500 1324 636 1408 ἀνδρεςς
660 1319 723 1408 ἀρα
745 1324 951 1411 φαυλότερος
970 1323 1225 1410 χρησμολόγοςο

229 1425 330 1501 Βάκις
346 1430 403 1508 της
424 1423 593 1510 Σιβύλλης
615 1422 714 1499 εἷναις
742 1422 825 1490 ἀστε
847 1421 918 1504 ὥρα
941 1437 1008 1500 τοῖς
1027 1433 1228 1508 θαυμαστοῖς

159 1541 209 1596 353
229 1522 358 1601 τούτοις
379 1520 548 1609 ὁμιληταῖς
566 1529 626 1590 τοῦ
641 1526 803 1604 Πρωτέως
824 1537 1037 1605 περισκυπελν
1053 1527 1138 1590 ἔνθα
1155 1525 1225 1589 ἑαυ-
1298 1538 1299 1545 ’

226 1618 306 1697 τούς
322 1619 559 1703 έξαερύσουσι·
583 1627 681 1687 τοῦτο
693 1619 758 1706 γάρ
772 1618 834 1706 την
848 1629 969 1689 καύσιν
983 1628 1132 1688 καλοῦσι.

312 1725 362 1787 31.
383 1716 484 1786 Ταῦτ’
499 1717 648 1796 εἰπόντος
657 1715 847 1805 ἀνεβόησαν
857 1723 892 1784 οί
900 1723 1113 1800 περιεστῶτες
1124 1717 1231 1784 ἀπαν-

226 1840 279 1893 τες
292 1814 375 1900 Ἤδη
392 1819 604 1882 καιέσθωσαν
618 1812 704 1894 ἄξιοι
718 1822 778 1882 τοῦ
794 1817 908 1895 πυρός.
931 1817 985 1880 καὶ
1002 1811 1020 1882 ὁ
1036 1814 1097 1899 μὲν
1112 1818 1233 1900 κατέβη

227 1919 350 1999 γελῶν,
374 1916 550 1997 ,,Νέστορα
572 1911 603 1979 δ’
627 1911 689 1980 ούκ
711 1919 834 1982 ἔλαθεν
855 1914 969 1998 ίαχη,“
989 1913 1049 1979 τόν
1072 1915 1234 1999 Θεαγένη,

227 2009 301 2081 ἀλλ’
324 2010 367 2090 ὡς
384 2010 514 2097 ἤκουσε,
529 2021 585 2099 τῆς
596 2021 696 2100 βοῆς,
716 2005 798 2098 ἧκεν
816 2010 921 2090 εὐθὺς
937 2016 992 2080 καλ
1012 2003 1141 2099 ἀναβάς
1161 2016 1235 2079 έκε·

226 2112 342 2196 κράγει
357 2112 411 2177 καὶ
427 2119 528 2195 μυρία
550 2109 636 2178 κακά
655 2112 773 2200 διεξηει
787 2112 862 2193 περὶ
876 2118 937 2179 τοῦ
952 2111 1236 2198 καταβεβηκότος·

226 2206 268 2276 ού
290 2205 354 2294 γάρ
375 2205 448 2274 οἶδα
470 2205 558 2287 ὅστις
580 2206 596 2275 ό
613 2211 780 2294 βέλτιστος
795 2212 919 2286 ἐκεῖνος
935 2211 1092 2277 ἐκαλεῖτο.
1114 2208 1184 2295 ἐγώ
1203 2212 1237 2274 δὲ

225 2306 321 2392 ἀφεὶς
353 2303 456 2374 αὐτόν
487 2306 778 2392 διαρρηγνύμενον
805 2304 926 2395 ἀπῄειν
956 2302 1123 2390 ὀψόμενος
1156 2305 1238 2382 τούς

226 2401 388 2488 ἀθλητάς·
411 2402 473 2488 ἤδη
488 2403 552 2490 γάρ
570 2409 601 2471 oc
615 2402 841 2472 Ἑλλανοδίκαι
858 2407 1010 2490 ἐλέγοντο
1032 2401 1117 2471 εἶναι
1135 2407 1175 2470 έν
1190 2410 1236 2492 τῷ

225 2508 384 2588 πλεθρίφ.
408 2510 510 2569 ταῦτα
523 2503 585 2586 μέν
602 2524 655 2568 σοι
671 2500 709 2568 τά
726 2500 888 2568 ένἪλιδι.
910 2507 961 2567 32.
977 2503 1046 2568 ἐπεὶ
1059 2504 1093 2567 δὲ
1110 2508 1157 2578 είς
1175 2503 1238 2585 τὴν

223 2599 404 2685 Ὀλυμπίαν
425 2597 637 2685 ἀφικόμεθα,
666 2598 783 2684 μεστός
807 2592 887 2684 ἦνὸ
915 2597 1144 2684 ὀπισθόδομος
1165 2606 1237 2665 τῶν

225 2700 502 2786 κατηγορούντων
514 2705 675 2781 Πρωτέως
691 2694 709 2784 η’
721 2697 951 2766 ἐπαινούντων
961 2695 1022 2783 την
1037 2702 1238 2781 προαίρεσιν

225 2797 346 2882 αὐτοῦ,
367 2797 448 2866 ὥστε
464 2802 518 2866 καὶ
536 2805 581 2876 είς
591 2813 700 2883 χεῖρας
716 2795 827 2864 αὐτῶν
841 2790 951 2883 ἦλθον
963 2801 997 2864 ολ
1005 2803 1139 2882 πολλοί,
1157 2794 1238 2882 ἄχρι
1300 2848 1301 2857 ,

225 2895 265 2980 δὴ
281 2895 461 2979 παρελθόν
475 2895 574 2975 αύτός
589 2893 606 2962 ὁ
623 2894 781 2982 Πρωτεύς
798 2901 905 2982 μυρίῳ
920 2903 965 2983 τῷ
985 2897 1106 2981 πλήθει
1122 2920 1235 2976 παρα-

225 2997 434 3078 πεμπόμενος
456 2999 595 3064 κατόπιν
612 3005 672 3063 τού
694 3003 761 3062 των
782 2995 940 3081 κηρύκων
960 2993 1089 3081 ἀγώνιος
1110 2993 1238 3080 λόγους

155 3113 207 3168 354
225 3091 318 3170 τινάς
335 3097 486 3177 διεξῆλθε
504 3101 576 3177 περὶ
593 3095 698 3162 αὑτοῦ
715 3094 774 3162 τόν
788 3103 864 3183 βίον
878 3123 914 3163 τε
930 3093 972 3174 ὥς
989 3099 1067 3182 ε’βίω
1081 3096 1137 3162 καὶ
1153 3093 1237 3171 τοὺς

225 3190 405 3267 κινδύνους
415 3187 473 3268 ούς
484 3194 698 3259 ἐκινδύνευσε
710 3193 929 3278 διηγούμενος
940 3196 993 3258 καὶ
1003 3189 1065 3258 ὅσα
1076 3193 1235 3275 πράγμα-

223 3317 262 3355 τα
273 3296 471 3375 φιλοσοφίας
480 3289 576 3356 ἕνεκα
586 3287 751 3374 ὑπέμεινε.
764 3289 803 3356 τά
813 3292 875 3375 μὲν
884 3283 949 3356 οόν
958 3291 1113 3374 εἰρημένα
1125 3287 1235 3355 πολλὰ

224 3380 281 3472 ἦν·
304 3384 368 3472 έγά
383 3388 418 3454 δὲ
434 3385 556 3472 ὀλίγων
572 3385 699 3473 ἥκουσα
714 3387 779 3455 ὑπὸ
798 3389 951 3475 πλήθους
965 3394 1033 3453 τάν
1050 3387 1233 3469 περιεστώ-

223 3510 290 3550 των
331 3483 397 3552 εἶτα
414 3489 576 3571 φοβηθεὶς
597 3485 640 3571 μὴ
658 3495 871 3575 συντριβείην
890 3489 928 3554 ἐν
945 3487 1091 3574 τοσαύτη
1111 3486 1235 3574 τύρβη,
