2625 4092
586 291 887 351 AOYKIANOY

338 561 783 630 ΔΗΜΟΣΘΕΝΟΥΣ
814 560 1128 629 ΕΓΚΩΜΙΟΝ.

312 745 340 808 1.
356 744 531 819 Βαδλξοντί
539 764 595 823 μοι
607 734 691 805 κατὰ
702 734 764 822 τὴν
774 739 879 804 στοὰν
888 735 950 823 την
960 739 1123 804 ἐντεῦθεν
1134 737 1230 815 ε’ξιόν-

106 914 109 921 .
158 858 205 912 491
228 836 529 925 τωνένάριστερᾷ,
552 844 608 923 τῆς
620 838 715 920 ἕκτης
726 838 778 904 ἐπὶ
789 840 868 903 δέκα
879 835 1022 922 σμικρόν
1032 835 1099 919 πρό
1111 856 1234 923 μεσημ-

227 942 340 1025 βρίας,
364 936 577 1021 Θερσαγόρας
594 935 836 1020 περιτυγχάνει.
866 936 948 1020 τάχα
962 932 1049 1012 τινὲς
1065 932 1235 1018 ὑμῶναό-

227 1033 287 1102 τόν
304 1038 502 1103 ἐπίστανται.
525 1033 664 1119 σμικρός
679 1039 728 1109 τίς
745 1036 812 1101 ἐστι
831 1031 961 1119 γρυπὸς
977 1030 1171 1111 ὑπόλευκος
1182 1032 1236 1100 ἆν-
1287 1080 1288 1095 ,

228 1130 342 1215 δρικός
357 1132 418 1218 την
436 1133 550 1217 φάσιν.
574 1130 657 1200 λδιόν
675 1124 738 1198 οὖν
750 1130 855 1200 αὐτόν
872 1139 918 1200 ἔτι
929 1134 1135 1216 προσιόντα,
1156 1141 1238 1213 Θερ-

227 1232 389 1315 σαγόρας,
413 1237 516 1317 ἔφην,
539 1227 556 1296 ὁ
573 1230 713 1316 ποιητὴς
729 1246 791 1300 ποτ
804 1230 846 1317 δὴ
858 1233 913 1299 καὶ
926 1233 1052 1309 πόδενς
1078 1239 1238 1312 Ολκοθεν,

227 1322 248 1414 ἦ
272 1326 340 1394 δ’
328 1327 379 1412 ός,
408 1332 566 1396 ἐνταῦθα.
608 1330 777 1414 Πότερον,
805 1357 849 1415 ην
872 1327 943 1397 δ
943 1330 1008 1414 γεό,
1036 1334 1238 1416 διαβαδιῶν;

225 1425 350 1511 Ἀμέλει
361 1417 476 1512 μὲν
434 1452 498 1493 ουν
505 1432 609 1512 ,ἒφη,
621 1427 675 1494 καὶ
687 1427 810 1494 τούτου
822 1428 997 1512 δεόμενος
1017 1426 1103 1511 άωρὶ
1115 1429 1185 1513 γάρ
1195 1453 1239 1493 τοι

228 1532 296 1593 τῶν
307 1534 440 1592 νυκτῶν
451 1522 630 1605 ἐξαναστάς
641 1527 735 1603 ἔδοξέ
744 1550 801 1609 μοι
811 1534 930 1611 χρῆναι
940 1540 1009 1603 τοῖς
1020 1523 1179 1643 Ὁμήρου
1188 1552 1238 1611 γε·

227 1630 425 1702 νεδλίοις
387 1651 443 1708 της
455 1630 625 1709 ποιητικῆς
636 1621 859 1706 ἀπάρξασθαι.
880 1631 1000 1699 Καλῶς
1011 1649 1050 1708 γε
1061 1621 1107 1690 σό
1123 1632 1239 1703 ποιεῖν,

229 1727 325 1807 ἔφην,
338 1723 392 1789 καλ
403 1718 443 1788 τά
454 1735 593 1806 τροφεῖα
604 1728 662 1806 τῆς
674 1720 876 1798 παιδεύσεως
887 1723 1002 1809 ἐκείνῳ
1014 1727 1133 1790 τίνων.
1147 1719 1239 1789 Ἐκεῖ-

227 1828 292 1886 θεν
309 1812 374 1886 οὖν
391 1816 591 1904 ἀρξάμενος,
614 1812 635 1903 ἦ
653 1815 686 1884 δ’
704 1816 758 1901 ὅς,
782 1825 908 1887 ἔλαθον
920 1818 1067 1905 ἐμαυτόν
1082 1826 1133 1898 εἰς
1145 1829 1239 1887 τοῦτο

228 1925 285 2003 τῆς
296 1924 500 2004 μεσημβρίας
512 1917 671 1985 ἐκπεσιόν.
695 1916 778 2000 ὅπερ
791 1909 854 1984 οὖν
866 1924 968 2004 ἔφην,
984 1921 1037 1985 δεῖ
1043 1920 1108 2003 μέν
1121 1921 1239 2004 μοικαὶ

228 2022 288 2082 τοῦ
306 2015 499 2098 περιπάτου.
523 2020 551 2083 2.
565 2013 651 2083 πολι)
667 2018 780 2099 μέντοι
797 2016 978 2102 πρότερον,
1000 2024 1083 2103 ἔφη,
1108 2037 1241 2100 προσει-

228 2128 303 2181 πεῖν
319 2118 453 2181 τουτονὶ
473 2115 629 2200 δεόμενος
640 2112 712 2199 ἥκω
725 2155 762 2165 -
776 2122 817 2204 τῇ
832 2117 914 2199 χειρὶ
930 2113 991 2184 τόν
998 2113 1155 2201 Ὅμηρον
1174 2119 1240 2183 ἐπι-

160 2230 211 2287 ⁴92
229 2215 352 2292 δείξας·
384 2222 453 2281 λστε
471 2214 511 2299 δη
532 2239 599 2280 που
619 2210 680 2281 τὸν
697 2216 735 2280 ἐν
752 2217 843 2302 δεξιᾷ
858 2221 921 2280 τοῦ
939 2220 1006 2280 τῶν
1021 2220 1242 2298 Πτολεμαίων

228 2313 311 2397 νειό,
329 2310 389 2379 τὸν
407 2310 610 2398 καθειμένον
622 2310 681 2391 τᾶς
691 2311 797 2398 κόμας
808 2354 850 2363 -
861 2317 1036 2394 προσερεόν
1047 2335 1084 2377 τε
1101 2304 1173 2377 οὖν
1184 2309 1241 2376 αό-

228 2411 287 2479 τόν
305 2410 492 2497 ἀφικόμην,
510 2415 590 2497 ἔφη,
609 2438 665 2478 και
654 2412 946 2496 προσευξόμενος
961 2406 1138 2494 ἀφθόνων
1154 2410 1241 2476 διδό-

228 2538 284 2577 ναι
294 2536 362 2577 των
373 2513 538 2577 ἐπων
495 2510 745 2596 Ελγάρ,ε”φην,
762 2507 845 2577 ἐν
810 2524 920 2594 ευχαις
930 2536 971 2575 τα
982 2534 1168 2593 πράγματα
1179 2517 1241 2591 εἰη

228 2609 331 2676 πάλαι
342 2609 406 2693 γάρ
418 2634 468 2675 τοι
480 2608 589 2674 καλ’
547 2609 646 2687 αυτὸς
657 2612 804 2694 ἐνοχλειν
815 2634 871 2693 μοι
883 2606 1016 2674 δοκῶ
982 2633 1042 2675 τον
1054 2610 1241 2695 Δημοσθέ-

229 2736 293 2793 νην
312 2710 533 2793 ἕπικουρησαλ
549 2735 581 2775 τι
593 2706 677 2790 πρός
697 2735 760 2795 την
777 2705 883 2778 αὐτοῦ
905 2709 1095 2793 γενέθλιον.
1136 2712 1169 2775 ελ
1183 2732 1241 2774 ονι

228 2805 307 2894 ἡμῖν
319 2808 494 2887 ἐπαρκέσοι
504 2804 542 2873 τὸ
555 2804 731 2892 εὔχεσθαι,
750 2813 1004 2892 συμβουλοίμην
1019 2804 1064 2871 άν
1075 2826 1152 2872 σοι·
1174 2831 1242 2872 κοι·

229 2903 293 2972 νόν
306 2902 370 2989 γάρ
381 2901 461 2989 ἡμῖν
471 2902 509 2971 τό
521 2906 669 2990 ἕρμαιον.
685 2903 765 2989 Ἐγώ
776 2909 855 2991 μέν,
867 2910 948 2991 ἔφη,
960 2907 1014 2971 καὶ
1025 2913 1096 2970 τῶν
1110 2905 1241 2983 νόιιτσρ

229 3028 264 3069 τε
285 3003 340 3069 καὶ
362 3003 506 3087 τήμερον
524 3006 758 3088 πεποιημένων
775 3006 866 3069 δοκῶ
881 3028 938 3088 μοι
956 3008 1013 3086 της
1030 2997 1174 3083 εὐροίας
1188 2998 1242 3067 τόν

230 3097 379 3185 Ὅμηρον
391 3100 656 3184 ἐπιγράψασθαι·
679 3106 779 3179 θείως
790 3101 855 3185 γάρ
866 3125 937 3176 πως
948 3102 1003 3166 καὶ
1015 3110 1193 3183 μαντικῶς
1203 3103 1242 3173 εἰς

228 3194 290 3283 τὴν
310 3203 444 3282 ποίησιν
468 3197 724 3284 ἐξεβακχεύθην.
753 3212 878 3280 κρινεῖς
898 3194 930 3263 δ’
951 3194 1070 3273 αὐτός·
1094 3200 1243 3283 ἐπίτηδες

230 3297 294 3382 γάρ
305 3323 356 3362 τοι
366 3298 457 3362 τουτὶ
469 3293 504 3362 τό
516 3312 741 3381 γραμματεῖον
750 3297 974 3383 περιηγόμην,
987 3300 1018 3363 ελ
1026 3293 1095 3376 άρα
1110 3303 1161 3385 τῷ
1172 3316 1243 3379 σχο-

230 3394 292 3481 λὴν
304 3394 419 3481 ἄγοντι
430 3400 498 3462 τῶν
508 3397 646 3478 ἑταίρων
658 3397 875 3482 περιτόχοιμι.
899 3401 1008 3473 δοκεῖς
1018 3387 1086 3460 οὖν
1099 3397 1142 3462 ἐν
1159 3396 1243 3479 καλῷ

230 3520 287 3579 μοι
298 3492 341 3559 σὺ
351 3500 410 3577 τῆς
426 3499 544 3578 σχολῆς
555 3492 647 3563 εἶναι.
681 3502 711 3564 3.
731 3495 907 3578 Μακάριος
920 3492 984 3580 γάρ
997 3491 1042 3579 εἶ,
1060 3486 1110 3579 ἦν
1123 3491 1160 3560 δ’
1173 3493 1242 3579 ἐγώ,
