2625 4092
228 269 291 330 290
585 265 886 324 AOYKIANOY

228 438 285 515 τῆς
299 427 460 514 ἀμαθίας,
480 419 507 494 ιδ
522 425 688 510 θύγατερ,
712 425 766 492 καὶ
781 420 865 509 αὐτή
880 421 976 512 δρᾷς,
999 422 1064 510 ἐγω
1080 429 1135 506 δέ,
1154 425 1233 492 ἐλεῶ

228 527 292 613 γὰρ
308 525 447 608 αὑτούς,
469 525 506 592 σὲ
521 519 563 609 ήυ
578 523 686 609 μόνην
700 523 860 589 ἰάσασθαι
875 517 919 588 άν
931 519 971 588 τά
987 521 1173 608 γιγνόμενα
1185 519 1235 587 οἶ·
1307 600 1308 613 ¹

228 653 302 712 μαι,
322 631 504 708 προκρίνας
520 626 552 702 ἐξ
567 619 726 688 ἁπάντων
740 619 834 706 ἡμῶν
848 624 965 706 πέμπω
979 626 1184 714 ἰασομένην,

313 731 341 790 6.
359 731 484 790 ΖΕΥΣ.
510 719 593 789 Οίδα
608 717 714 787 πολλά
731 722 902 786 καὶταῦτα
917 716 1114 786 είπωντότε.
1138 716 1183 785 σὺ
1201 719 1235 782 δὲ
1307 714 1308 769 δ

229 821 267 889 τά
284 819 364 906 μετὰ
382 827 484 887 ταῦτα
500 817 562 904 ήδη
578 822 668 903 λέγε,
684 817 775 896 ὅπως
789 818 851 903 μὲν
865 815 1066 896 ὑπεδέξαντό
1080 839 1118 883 σε
1133 843 1236 882 κατα·
1307 858 1308 911 3

229 923 400 1005 πταμένην
410 916 447 985 τό
460 925 610 1000 πρῶτον,
623 916 721 984 ἅτινα
731 919 768 982 δὲ
779 924 844 982 νῦν
855 914 915 982 ὑπ’
928 913 1039 982 αὐτῶν
1050 921 1234 992 πέπονθας.
1307 922 1308 931 ’

314 1026 403 1086 ΦΙΛ.
424 1010 517 1096 Ἦιξα
537 1019 615 1101 μέν,
638 1008 800 1096 ὦπάτερ,
825 1013 887 1081 οὐκ
909 1017 961 1081 ἐπὶ
981 1013 1060 1092 τοὺς
1073 1013 1237 1100 Ἕλληνας

230 1115 351 1199 εὐθύς,
365 1112 439 1182 ἀλλ’
458 1113 540 1196 ὅπερ
556 1115 664 1182 ἐδόκει
678 1139 735 1198 μοι
750 1112 980 1198 χαλεπώτερον
994 1119 1055 1179 τοῦ
1071 1118 1175 1198 έργου
1190 1110 1238 1178 εἶ·
1307 1146 1308 1167 1

227 1242 284 1282 ναι
298 1211 335 1281 τό
351 1213 543 1301 βαρβάρους
557 1213 730 1282 παιδεύειν
746 1214 801 1279 καὶ
816 1211 1001 1296 διδάσκειν,
1023 1219 1123 1278 τοῦτο
1142 1217 1238 1293 πρῶ-

160 1328 210 1382 369
230 1340 290 1379 τον
300 1311 416 1397 ἠξίουν
428 1310 650 1396 ἐργάσασθαι,
664 1307 700 1376 τό
710 1306 906 1395 Ἑλληνικὸν
917 1312 953 1376 δὲ
964 1319 1042 1376 εἴων
1054 1309 1097 1386 ὡς
1111 1311 1239 1395 ῥᾷστον

229 1409 461 1497 ὑποβαλέσθαι
476 1411 530 1475 καὶ
546 1408 697 1492 τάχιστα,
715 1405 760 1486 ὥς
769 1434 808 1493 γε
823 1406 932 1496 ᾤμην,
949 1409 1167 1491 ἐνδεξόμενον
1178 1404 1240 1472 τόν

229 1504 367 1592 χαλινόν
384 1508 438 1571 καὶ
457 1503 739 1591 ὑπαχθησόμενον
759 1513 806 1591 τῷ
821 1512 923 1594 ζυγῷ,
946 1503 1120 1590 ὁρμήσασα
1136 1505 1176 1570 δὲ
1193 1509 1241 1580 εἰς

226 1603 352 1683 Ἰυδοὺς
366 1603 403 1670 τό
427 1610 576 1687 πρῶτον,
600 1609 701 1679 ἔθνος
716 1605 872 1688 μέγιστον
886 1611 954 1669 τῶν
970 1606 1007 1670 ἐν
1027 1609 1074 1690 τῷ
1090 1609 1171 1690 βίφ,
1198 1599 1242 1669 οὑ

230 1709 378 1788 χαλεπῶς
398 1707 512 1769 ἔπεισα
534 1701 742 1787 καταβάντας
763 1699 829 1768 άπὸ
855 1709 923 1768 τῶν
951 1703 1143 1788 ἐλεφάντων
1166 1702 1242 1785 ἐμοὶ

231 1815 397 1868 συνεῖναι·
410 1799 493 1866 ὥστε
503 1803 557 1866 καὶ
566 1802 663 1885 γένος
673 1797 754 1866 ὅλον
763 1805 995 1885 οίΒραχμᾱνες
1004 1799 1243 1883 τοῖςΝεχρέοις

230 1903 284 1965 καὶ
299 1897 510 1980 Ὀξυδράκαις
526 1895 643 1983 ὅμοροι
660 1889 754 1965 οὑτοι
768 1901 890 1977 πάντες
904 1895 964 1964 ὑπ’
981 1900 1052 1983 ἐμοὶ
1064 1897 1244 1963 τάττονται

231 2000 285 2063 καὶ
307 2003 420 2083 βιοῦσί
437 2022 473 2062 τε
493 1994 576 2063 κατά
599 1993 639 2062 τὰ
661 1992 741 2081 ἡμῖν
760 2001 926 2063 δοκοὺυτα
948 1996 1129 2082 τιμώμενοι
1154 1991 1245 2076 πρὸς

230 2103 298 2163 τῶν
319 2102 497 2176 περιοίκων
516 2092 676 2161 ἁπάντων
692 2097 746 2162 καὶ
768 2092 1022 2181 ἀποθνήσκουσι
1045 2094 1246 2177 παράδοξόν

231 2220 306 2261 τινα
322 2201 382 2259 τοῦ
395 2193 548 2262 θανάτου
562 2195 698 2278 τρόπον.

317 2298 345 2360 7.
363 2300 488 2360 ΖΕΥΣ.
514 2292 601 2372 Τοὺς
612 2293 884 2380 γυμνοσοφιστὰς
895 2297 1007 2379 λέγεις.
1026 2290 1140 2360 άκοὺω
1152 2300 1247 2378 γοῦν

232 2393 272 2459 τά
287 2417 322 2458 τε
336 2389 419 2458 άλλα
434 2394 508 2476 περὶ
523 2389 634 2460 αὐτῶν
652 2396 708 2461 καὶ
720 2391 772 2461 ότι
786 2397 838 2461 ἐπὶ
852 2392 965 2477 πυράν
978 2400 1135 2479 μεγίστην
1154 2390 1247 2458 άνα-

233 2492 352 2580 βάντες
371 2489 544 2576 ἀνέχονται
561 2494 733 2579 καιόμενοι
755 2491 856 2562 οὐδὲν
874 2502 935 2560 τοῦ
956 2493 1118 2578 σχήματος
1134 2486 1159 2576 ἢ
1184 2499 1249 2575 τῆς

234 2595 400 2673 καθέδρας
411 2595 631 2674 ἐκτρέποντες.
643 2589 718 2660 ἄλλ’
732 2589 773 2658 οὐ
783 2595 867 2678 μέγα
877 2600 990 2684 τοῦτο·
1003 2597 1138 2675 ἔναγχος
1152 2597 1249 2674 γοῦν

233 2693 287 2758 καὶ
299 2688 492 2776 Ὀλυμπίασι
508 2688 544 2757 τό
557 2689 677 2777 ὅμοιον
692 2689 757 2775 ἐγὼ
775 2689 864 2758 εἶδον
877 2690 1077 2776 γευόμενον·
1100 2687 1194 2767 εἰκός
1207 2689 1250 2756 δὲ

233 2792 288 2856 καὶ
302 2790 338 2856 σὲ
356 2805 509 2873 παρεῖναι
521 2795 701 2875 καιομένου
712 2791 786 2856 τότε
802 2796 863 2857 τοῦ
877 2791 1040 2874 γέροντος.

318 2894 407 2956 ΦΙΛ.
433 2885 522 2956 Οὐδὲ
537 2886 705 2974 άνήλθον,
733 2881 761 2954 ω’
775 2887 894 2969 πάτερ,
914 2893 959 2965 είς
973 2886 1156 2973 Ὀλυμπίαν
1174 2891 1249 2955 δέει

233 2993 301 3052 τῶν
315 2985 509 3067 καταράτων
526 2990 680 3071 ἐκείνων,
703 2983 762 3064 οὑς
778 2993 880 3072 ἔφην,
903 2985 953 3053 ότι
967 2987 1111 3064 πολλοὺς
1125 2985 1251 3053 αὑτων

234 3084 349 3166 ἑώρων
367 3083 541 3172 ἀπιόντας,
567 3085 611 3164 αἱς
631 3088 884 3172 λοιδορήσαιντο
906 3101 973 3164 τοῖς
993 3087 1251 3170 ξυνεληλυθόσι

234 3184 288 3250 καὶ
297 3190 377 3270 βοής
386 3181 445 3251 τόν
453 3183 685 3272 ὀπισθόδομον
694 3184 905 3271 ἐμπλήσωσιν
914 3183 1145 3269 ὑλακτοῦντες,
1156 3183 1252 3251 ὥστε

235 3279 314 3368 οὑδὲ
333 3280 422 3349 εἶδον
438 3285 566 3351 ἐκείνου
583 3282 674 3362 ὅπως
687 3281 847 3352 ἀπέθανε.
879 3292 910 3352 8.
926 3281 1006 3369 μετά
1027 3281 1059 3350 δ’
1078 3276 1142 3350 οὑυ
1161 3280 1253 3359 τούς
1304 3346 1305 3383 ,

165 3389 218 3448 ³70
236 3387 432 3464 Βραχμᾶνας
444 3386 489 3460 είς
499 3387 684 3449 Αἰθιοπίαν
695 3381 811 3468 εὐθύς,
828 3380 895 3452 εἶτα
905 3386 949 3460 είς
958 3391 1131 3467 Αίγνπτον
1142 3383 1253 3448 κατέ-
1304 3400 1305 3417 ’

235 3484 316 3562 βην,
332 3478 385 3545 καὶ
401 3482 624 3566 ξυγγενομένη
633 3479 705 3559 ’τοῖς
716 3484 841 3563 ίερεῠσι
856 3482 910 3548 καὶ
926 3478 1112 3566 προφήταις
1126 3477 1252 3546 αὐτῶν
