2625 4092
262 302 326 364 ιιο
602 303 924 381 [ποντικαοη

195 482 246 535 004
265 459 398 552 εῦκολία
411 466 606 548 διαδραμεῖν
622 463 763 529 ἑκάστου
779 466 898 545 πρᾶξιν
914 462 969 530 καί
983 466 1140 545 δννοιανς
1161 466 1194 529 οί
1207 463 1259 547 γάρ

263 582 326 630 σου
343 565 418 630 θεοί
431 563 590 649 κότταβος
605 574 672 638 τοῖς
688 554 727 627 εὖ
742 568 930 646 φρονοῦσιν
948 564 1113 646 ἐγένοντο.

348 666 395 729 18.
412 666 492 726 KPI
493 665 527 724 T.
549 659 650 726 Πάνυ
661 651 700 724 εὖ
711 660 815 742 λέγεις
821 709 834 740 ‚.
847 665 905 725 καί
917 684 957 743 με
972 657 1208 744 ἀντιστρόφως
1217 666 1260 742 ιής

261 759 390 844 Νιόβης
411 767 551 824 παθεῖν·
582 759 619 824 ἐκ
639 755 759 842 στήλης
776 754 840 839 γάρ
860 755 1041 838 ἀνθρωπος
1057 752 1259 842 ἀναπέφηνα.

263 854 346 922 ὥστε
363 862 484 921 τοῦτον
503 851 665 922 τὸνθεόν
680 861 853 936 προστιθῶ
869 873 939 936 σοι,
962 851 1007 938 μή
1024 855 1136 920 κακόν
1159 881 1191 922 τι
1210 880 1261 921 πα-

261 965 338 1024 &etv
355 951 437 1036 παρ’
451 955 541 1038 ἐμοῦ.

349 1058 491 1120 Tmo.
514 1059 618 1134 Είπερ
631 1053 667 1116 ἐκ
681 1053 817 1129 καρδίας
830 1045 866 1132 μ’
882 1045 986 1124 ὄντας
998 1055 1128 1131 φιλεῖς,
1143 1046 1192 1134 μή
1209 1053 1262 1116 ε’τε

263 1150 357 1231 ροϊόν
371 1177 402 1216 τι
414 1149 552 1237 ποιήσης
563 1152 600 1215 όν
611 1149 680 1232 ἐμοὶ
698 1148 773 1228 ,μιαί
789 1146 904 1228 ἕτερον
915 1146 976 1228 μὲν
987 1145 1112 1233 κεύσης
1128 1148 1183 1214 ἐνὶ
1194 1173 1263 1231 φρι-

263 1254 332 1333 σίν,
355 1247 436 1315 ἀλλο
457 1248 492 1315 δὲ
514 1253 641 1336 ελπης.“
663 1243 736 1314 ἀλλ’
757 1243 816 1332 ἀγε
833 1243 874 1330 δή
893 1242 929 1311 τό
945 1245 1147 1328 θαυμάσιον
1169 1249 1263 1314 ἐκεῖνο

262 1343 489 1429 ἀκονσμάτιον
503 1343 635 1429 ἀεισον,
660 1342 750 1421 ὅπως
764 1339 855 1428 κάγεό
877 1343 1092 1427 κατωχριάσω
1117 1347 1177 1411 καὶ
1194 1344 1263 1420 ὅλας

263 1439 457 1526 ἀλλοιωθῦ,
474 1445 529 1511 καί
544 1441 605 1529 οῦχ
619 1441 664 1521 ὡς
677 1440 698 1528 ἡ
713 1443 823 1529 Νιόβη
839 1439 1038 1527 ἀπαοδήσο,
1056 1440 1137 1510 ἀλλ’
1156 1440 1203 1521 ὥς
1216 1441 1263 1528 ἀη

193 1556 244 1609 600
265 1536 334 1606 διόν
350 1537 471 1620 ὄρνεον
485 1539 668 1625 γενήσομαι
682 1542 737 1608 καὶ
747 1537 809 1626 τήν
822 1544 1017 1623 θαυμασίαν
1033 1559 1101 1606 σου
1117 1545 1263 1625 ἔκπληξιν

263 1665 323 1705 κατ
326 1633 509 1722 ’ἀνθηρόν
521 1645 668 1723 λειμωνα
684 1637 930 1762 ἐκτραγῳδήσει).

347 1742 461 1804 ΚΡΙΤ.
487 1735 565 1821 Νήν
584 1734 645 1804 τόν
661 1735 738 1804 νίὸν
757 1734 818 1803 τὸν
831 1739 868 1803 εἰι
887 1731 1013 1817 πατρός
1036 1733 1080 1802 οῦ
1101 1745 1208 1804 τοῦτο
1221 1764 1262 1822 γι»

263 1834 406 1919 ιη’σετοα.

350 1938 490 2001 ΤΡΙΕΦ.
507 1938 591 2017 Λέγε
602 1931 691 2014 παρὰ
702 1940 762 1999 τοῦ
774 1933 961 2018 πνεύματος
976 1933 1130 2018 δύναμιν
1144 1960 1210 2001 του
1195 1939 1261 2000 λό

263 2056 326 2116 γον
341 2033 470 2118 λαβών,
488 2030 552 2118 δγό
570 2037 606 2100 δὲ
622 2035 828 2116 καθεδοῦμαι

390 2133 546 2217 δέγμενος
559 2135 723 2216 Αἰακίδην
739 2127 838 2196 ὁπότε
851 2128 978 2214 λήξειεν
994 2127 1129 2196 ἀείδων.

348 2235 397 2297 19.
412 2236 491 2298 KPI
492 2237 527 2297 Τ.
539 2228 674 2319 Ἀπήειν
684 2231 736 2296 ἐπὶ
746 2225 808 2314 τήν
820 2228 995 2312 λεωφόρον
1007 2225 1228 2316 ἀνησόμενός
1236 2255 1261 2314 γε

264 2325 302 2394 τά
316 2332 570 2413 χρειωδέστατα,
588 2331 642 2396 καὶ
659 2326 698 2414 δή
715 2327 783 2410 ὁρῶ
795 2333 924 2411 πλῆθος
939 2325 1100 2411 πάμπολυ
1117 2331 1152 2406 ἐς
1167 2327 1205 2395 τό
1218 2320 1261 2402 ⁰63

263 2431 516 2512 ψνθνρίζοντας,
531 2429 582 2495 ἐπὶ
598 2430 634 2494 δὲ
648 2435 688 2514 τῇ
703 2424 787 2514 ἀκοή
803 2429 927 2511 ἐφῦντο
942 2441 1008 2506 τοῖς
1022 2435 1193 2514 χείλεσιν·
1213 2425 1259 2516 ἐμὲ

263 2527 299 2592 δὲ
322 2526 493 2610 παπτήνας
512 2529 545 2603 ἐς
567 2525 715 2605 ἅπαντας
732 2528 787 2593 καὶ
807 2522 867 2611 τήν
888 2541 978 2612 χεῖρα
999 2542 1067 2605 τοῖς
1087 2531 1259 2615 βλεφάροις
1286 2529 1289 2544 ⁴

263 2625 471 2708 περικάμψας
486 2627 681 2707 ἐσκοπίαζον
698 2623 972 2709 ἀξυδερκέστατα,
995 2634 1027 2691 εί
1048 2627 1120 2692 πού
1142 2630 1187 2713 γε’
1203 2653 1259 2695 τινι

262 2730 455 2809 τῶνφίλων
473 2726 655 2844 θεάσφμαι.
689 2722 758 2806 ὁρῶ
778 2723 813 2792 δε
830 2720 1042 2805 Κράτωνα
1008 2750 1069 2790 τον
1084 2723 1288 2795 πολιτικόι

192 2835 243 2889 000
262 2821 428 2891 παιδόθεν
445 2824 578 2907 φίλον”
561 2849 640 2889 οντα
656 2824 711 2890 καὶ
725 2821 942 2908 συμποτικόν.
1286 2827 1287 2915 6

349 2927 491 2989 ΤΡῙΕΦ.
513 2921 743 3006 Αίσθάνομαι·
766 2919 957 2988 τοῦτοντόν
971 2920 1190 3008 ἐξισωτήν
1145 2949 1214 3010 γαρ
1229 2933 1263 2988 ελ-

263 3044 373 3103 ρηκας.
395 3017 464 3085 εἶτα
478 3026 526 3099 τίς
633 3076 635 3079 .
1285 3055 1286 3095 6

347 3123 459 3186 KPIT.
483 3120 549 3184 Καὶ
564 3114 604 3202 δή
622 3118 766 3196 πολλοὺς
781 3117 1126 3204 παραγκωνισάμενος
1141 3113 1229 3208 ἧκον
1241 3125 1285 3196 ἐς

261 3242 300 3281 τα
318 3216 432 3295 πρόσω
453 3212 558 3284 καὶ
524 3243 560 3283 το
585 3212 731 3284 εωθινὸν
747 3231 837 3302 χαῖρε
858 3213 962 3284 εἰπόν
978 3216 1180 3300 ἐχώρουν“
1152 3246 1202 3299 ως
1214 3217 1265 3286 τό·
1284 3197 1285 3273 6

259 3313 327 3378 τόν.
351 3318 400 3378 λθ.
417 3309 651 3391 ἀνθρωπίσκος
665 3316 703 3381 δέ
715 3341 763 3391 τις
774 3340 922 3399 τοννομα
933 3321 1132 3397 Χαρίκενος.
1147 3337 1265 3444 σεσημ-

192 3433 241 3485 607
263 3409 549 3494 μίνονγερόντιον
560 3414 680 3532 βέγχοα
691 3440 730 3501 τη
717 3415 818 3498 ῥινί,
833 3412 1053 3500 ῦπίβηττε’
1005 3440 1142 3532 μφχιον,
1160 3423 1283 3504 ἐχρέμ-

261 3530 356 3572 πτετο
378 3509 655 3593 επισεσυρμένοι,
677 3506 694 3576 ὁ
716 3510 751 3575 δε
767 3514 908 3589 πτύελος
929 3508 1144 3595 κνανοότερος
1162 3515 1260 3582 θανιΙ
