2625 4092
255 300 320 365 422
601 306 916 386 [Αονιιικαον]

253 472 400 558 θόμενός
417 500 452 541 τε
465 481 519 542 καλ
534 469 827 559 παρανυττόμενος
847 469 938 555 παρά
953 479 1015 540 τοῦ
1032 475 1252 560 πεπαλαιωμέ

252 597 317 639 νου
326 575 457 640 ἐκείνου
470 576 656 657 δαιμονίου.
680 577 729 639 23.
743 576 788 649 είς
798 571 920 658 λόγους
928 572 964 640 δὲ
974 578 1083 640 ταῦτα
1096 582 1255 658 παρεκτειῑ

253 696 370 750 ναντες
389 677 501 759 πείθει
518 698 558 757 με
584 670 645 740 τδυ
667 675 894 756 κακοδαίμονα
918 677 963 748 είς
986 672 1116 757 γόητας
1135 671 1253 755 ἀνθρό

251 796 336 849 πους
345 772 595 857 παραγενέσθαι
607 771 662 838 καλ
672 767 845 855 ἀποφράδι
856 767 892 838 τό
906 768 946 857 δή
959 770 1156 856 λεγόμενον
1166 769 1257 858 ἡμέρᾳ

252 878 474 958 συγκυρήσαι·
498 876 623 954 ἔφασκε
641 865 707 954 γὰρ
725 866 833 936 πάντα
855 873 887 950 ἐξ
909 867 1023 936 αὐτόν
1042 890 1258 955 μυσταγωγη

251 978 364 1057 θῆναι.
389 971 443 1039 καὶ
454 965 494 1056 δή
510 969 696 1055 διήλθομεν
707 967 862 1054 σιδηρέας
872 994 908 1034 τε
917 968 1026 1046 πύλας
1038 969 1097 1036 καλ
1108 970 1258 1054 χαλκέους

252 1070 383 1147 οόδοός.
418 1067 617 1156 ἀναβάθρας
641 1069 678 1135 δὲ
700 1074 853 1146 πλείστας
875 1071 1218 1154 περικυκλωσάμενοι
1237 1072 1260 1145 ἐς
1291 1135 1292 1162 η

251 1168 467 1256 χρυσόροφου
484 1165 577 1234 οἷκον
594 1163 803 1252 ἀνήλθομεν,
826 1160 898 1234 οἷον
911 1164 1055 1252 Ὅμηρος
1074 1164 1141 1234 τόν
1160 1175 1260 1234 Mem·
1291 1193 1292 1200 ¹

181 1287 234 1343 612
251 1267 337 1336 λάου
350 1274 442 1356 φησί.
473 1268 529 1335 καὶ
549 1264 589 1353 δή
612 1264 744 1333 ἅπαντα
766 1267 959 1346 ἐσκοπίαζον
981 1263 1044 1333 ὅσα
1064 1265 1083 1330 ὁ
1107 1267 1262 1352 νησιώτης

251 1369 376 1448 ἐκεῖνος
386 1371 567 1442 νεανίσκος.
597 1361 666 1448 ὁρῶ
679 1363 714 1432 δὲ
726 1362 787 1451 οὐχ
798 1361 948 1451 Ἑλένην,
965 1361 1011 1449 μά
1020 1361 1100 1448 Δί’,
1120 1363 1202 1434 ἀλλ’
1214 1366 1262 1434 ἀι·-
1291 1435 1292 1442 ¹

251 1472 332 1551 δρας
349 1464 589 1549 ἐπικεκυφότας
607 1464 663 1532 καί
684 1465 991 1551 κατωχριωμένους·
1025 1468 1061 1530 oc
1081 1465 1121 1534 δὲ
1146 1466 1262 1541 ἰδόντες

250 1567 406 1655 γήθησαν
417 1564 472 1632 καλ
481 1566 514 1643 ἐξ
525 1565 676 1642 ἐναντίας
686 1564 921 1650 παρεγένοντο·
942 1569 1095 1647 ἔφασκον
1107 1563 1181 1650 γάρ
1194 1563 1265 1644 &get

250 1692 325 1732 τινα
342 1660 470 1748 λυγράν
488 1658 645 1747 ἀγγελίαν
664 1660 861 1748 ἀγάγοιμεν·
890 1665 1069 1748 ἐφαίνοντο
1091 1661 1165 1748 γάρ
1184 1659 1262 1731 οὗτοι

252 1761 296 1841 ἀς
306 1759 346 1830 τά
356 1760 494 1829 κάκιστα
507 1757 679 1845 εὐχόμενοι
696 1763 751 1828 καλ
767 1765 897 1845 ἔχαιρον
911 1764 963 1828 ἐπὶ
973 1775 1039 1839 τοῖς
1053 1769 1203 1847 λυγροῖς
1215 1761 1263 1838 ὥς

252 1887 314 1945 περ
326 1863 364 1927 αί
371 1859 558 1927 ποινοποιολ
570 1859 623 1926 ἐπὶ
633 1860 775 1946 θέατρα,
793 1856 851 1938 τάς
867 1857 1012 1943 κεφαλάς
1024 1855 1057 1924 δ’
1072 1857 1160 1945 ἀγχι
1179 1859 1262 1946 σχόν

247 1983 304 2037 Ιτες
315 1956 518 2042 ίψιθόριζον.
539 1953 619 2043 μετά
632 1960 668 2025 δέ
680 1955 718 2024 τά
731 1955 852 2043 ήροντό
863 1984 913 2044 με,

315 2064 362 2134 τίς
373 2054 481 2122 πόθεν
493 2052 538 2133 είς
549 2053 700 2142 ἀνδρῶν,
715 2056 799 2123 πόθι
810 2065 860 2123 τοι
871 2055 966 2134 πόλις
975 2051 1033 2141 ήδέ
1044 2065 1195 2142 τοκῆες;

251 2152 391 2242 χρηστὸς
400 2153 463 2238 γάρ
476 2147 518 2219 ἀν
531 2164 598 2239 εἴης
609 2151 676 2220 ἀπό
687 2181 725 2238 γε
736 2163 797 2221 τοῦ
808 2155 977 2240 σχήματος.
992 2145 1035 2238 ήν
1046 2151 1081 2220 δ’
1094 2155 1183 2242 ἐγώ,
1192 2153 1260 2224 '025-

250 2281 304 2341 γοι
315 2279 352 2337 γε
362 2259 512 2339 χρηστοί,
526 2251 637 2337 ὥσπερ
648 2254 760 2339 βλέπω
772 2259 955 2338 πανταχοῦ·
986 2257 1131 2334 Κριτίας
1147 2253 1186 2322 δὲ
1198 2253 1260 2320 τοίε

251 2379 351 2439 νομα,
371 2350 465 2428 πόλις
477 2353 516 2417 δέ
529 2377 585 2434 μοι
596 2356 698 2420 ἔνθεν
717 2350 800 2419 ὅθεν
812 2354 866 2418 καὶ
877 2348 965 2435 ὑμῖν.
994 2353 1044 2418 24.
1060 2347 1109 2428 ὦς
1124 2348 1163 2418 δ’
1178 2351 1260 2435 ἀερο
1291 2435 1292 2446 ¹

251 2457 430 2538 βατοῦυτες
444 2450 694 2533 ἐπυνθάνοντο,
716 2459 794 2528 Πῶς
805 2450 844 2516 τά
861 2457 919 2536 τῆς
930 2448 1057 2527 πόλεως
1075 2452 1139 2518 καὶ
1159 2451 1203 2518 τά
1216 2456 1260 2518 τοτ’

249 2551 396 2634 κόσμου;
415 2540 459 2634 ήν
476 2545 508 2614 δ’
521 2547 601 2633 έγεό,
621 2554 788 2629 Χαίρουσί
795 2573 831 2633 γε
842 2547 963 2626 πάντες
978 2547 1033 2613 καλ
1044 2551 1095 2615 ἔτι
1114 2575 1161 2634 γε
1173 2547 1260 2634 χαρή-
1291 2555 1292 2560 ’

251 2671 375 2716 σονται.
398 2649 434 2715 οδ
441 2645 477 2713 δὲ
488 2643 651 2714 ἀνένευον
663 2660 732 2724 ταῖς
746 2642 907 2730 ὀφρύσιν,
927 2640 998 2730 Οὐχ
1011 2641 1125 2710 οὕτεν
1153 2651 1259 2713 δυστο·

250 2759 304 2812 κελ
310 2740 374 2830 γάρ
385 2740 406 2830 ἡ
418 2742 520 2821 πόλις.
533 2735 576 2829 ήν
586 2741 618 2809 δ’
629 2742 694 2828 ἐγώ
706 2743 787 2810 κατά
796 2740 857 2828 τήν
867 2741 979 2809 αὐτῶν
987 2741 1153 2829 γνώμην·
1174 2744 1263 2829 Ὑμεῖς

251 2840 423 2927 πεδάρσιοι
440 2840 534 2919 ὅντες
551 2843 604 2907 καὶ
617 2837 659 2918 ἀς
674 2838 738 2908 ἀπὸ
751 2838 882 2926 ὑψηλοῦ
899 2839 1030 2908 ἅπαντα
1047 2852 1263 2926 καθορῶντες

180 2960 232 3017 613
251 2939 510 3022 όξυδερκέστατα
526 2941 581 3005 καὶ
597 2938 676 3006 τάδε
693 2939 881 3025 νενυήκατε.
903 2936 1020 3017 πώςδέ
1035 2933 1079 3005 τά
1090 2949 1165 3006 τοῦ
1183 2939 1265 3006 αίθέ-

251 3064 325 3121 ρος,
347 3047 420 3122 μῶν
431 3040 572 3117 ἐκλείψει
583 3033 601 3104 ὁ
613 3036 721 3124 ήλιος,
739 3033 808 3123 ήδδ
819 3036 939 3124 σελήνη
950 3035 1032 3104 κατὰ
1046 3036 1212 3106 κάθετον
1221 3061 1266 3122 γε-

250 3136 402 3221 νήσεται;
425 3131 555 3220 δ”Λρης
570 3140 600 3202 εί
614 3135 853 3222 τετραγοιυήσει
871 3131 1007 3203 τδνΛία
1024 3139 1082 3203 καί
1105 3133 1127 3202 ὁ
1142 3136 1267 3220 Κρόνος

214 3232 216 3235 ’
251 3233 459 3320 διαμετρήσει
476 3230 536 3300 τόν
553 3232 664 3319 ήλιου;
690 3231 710 3320 ή
729 3232 903 3320 Ἀφροδίτη
921 3240 951 3302 εί
966 3231 1047 3319 μετά
1065 3243 1138 3303 τοῦ
1150 3233 1267 3320 Ἑρμεῖ·

251 3332 448 3400 συνοδεύσει
469 3333 525 3398 καὶ
541 3329 820 3418 Ἑρμαφροδίτους
841 3331 1120 3420 ἀποκνήσουσιν,
1150 3331 1210 3421 ἐφ’
1231 3325 1268 3406 υἷι·

250 3429 342 3515 ὑμεῖς
358 3426 496 3515 ήδεσθε;
520 3435 550 3496 εί
564 3432 744 3515 ῥαγδαίους
761 3427 878 3508 ὑετοὺς
895 3432 1154 3516 έκπέμψουσινς
1180 3438 1214 3499 εί
1227 3457 1266 3494 νι-

251 3523 354 3610 φετδν
367 3525 474 3594 πολὺν
485 3526 791 3612 ίπιστρωννόσουσι
801 3535 841 3616 τῇ
850 3535 904 3618 γή,
915 3527 1062 3614 χάλαζαυ
1071 3529 1114 3598 δὲ
1126 3534 1191 3600 καλ
1202 3534 1266 3610 έρῑι
