2625 4092
451 298 716 355 APAHETAI.
1025 297 1085 361 291

76 463 135 526 καί
148 457 187 525 τά
202 470 280 528 θεία
297 457 505 525 παιδεύσασα
525 460 558 534 ἐς
566 464 755 544 Βαβυλῶνα
771 456 883 545 ἀπῆρα
900 465 1088 537 Χαλδαίους

77 559 133 624 καί
147 557 276 643 μάγους
289 555 481 643 μυήσουσα,
498 552 566 621 εἶτα
582 557 615 632 ἐς
626 562 784 623 Σκυθίαν
798 560 947 642 ἐκεῖθεν,
971 555 1039 625 εἶτα
1055 561 1089 638 ἐς

79 657 232 745 Θράκην,
249 662 333 724 ἔνθα
346 680 402 740 μοι
413 651 592 738 Εῦμολπος
606 656 661 723 καὶ
674 653 814 742 Ὀρφεὺς
825 659 1086 741 συνεγενέσθην,

77 752 138 832 οῦς
154 758 207 821 καὶ
222 759 508 837 προαποστείλασα
526 753 558 828 ἐς
575 751 637 836 τῆν
648 750 789 820 Ἑλλάδα
805 752 864 821 τόν
878 757 957 838 μέν,
974 749 1018 831 ῶς
1034 777 1088 819 τε-

76 857 205 920 λέσειεν
216 848 349 933 αὐτούς,
361 847 422 916 τόν
430 847 611 933 Εὔμολπον
621 852 873 939 -έμεμαθῆκει
884 851 949 938 γάρ
959 851 1000 919 τά
1010 861 1090 918 θεία

76 947 158 1033 παρ’
178 949 274 1035 ἡμῶν
295 947 425 1015 ἅπαντα
439 987 482 998 -
495 946 556 1014 τόν
579 951 632 1034 δέ,
657 948 701 1027 ῶς
717 950 851 1039 ἐπᾴδων
871 950 1088 1037 προσβιβάζοι

76 1056 119 1136 τῆ
136 1056 294 1135 μουσικῇ,
315 1044 398 1113 κατά
418 1045 522 1123 πόδας
539 1043 645 1125 εῦθῦς
667 1047 816 1134 εἱπόμην.
850 1055 879 1115 9.
898 1050 953 1115 καὶ
967 1045 1003 1114 τό
1026 1047 1088 1133 μὲν

76 1153 214 1227 πρῶτον
226 1140 331 1223 εῦθῦς
342 1147 511 1212 ἐλθοῦσαν
526 1141 602 1211 οὔτε
617 1147 709 1213 πάνυ
725 1146 916 1233 ἠσπάσαντο
930 1144 1088 1232 οίἝλλη-

77 1271 136 1322 νες
151 1241 228 1311 οῦτε
239 1240 554 1321 όλωςάπέκλεισαν·
575 1241 647 1310 κατ’
662 1241 776 1330 ὀλίγον
790 1246 826 1311 δέ
838 1252 1087 1329 προσομιλοῦσα

77 1340 159 1409 ἑπτά
177 1346 213 1408 ἐκ
226 1348 293 1408 τῶν
309 1338 469 1407 ἁπάντων
483 1342 633 1425 ἑταίρους
648 1346 703 1410 καί
713 1343 866 1429 μαθητάς
875 1341 1087 1428 προσηγαγό-

76 1469 147 1526 μην
161 1442 216 1508 καὶ
227 1439 330 1507 ἀλλον
342 1441 378 1506 ἐκ
390 1439 511 1524 Σάμου
522 1442 575 1506 καὶ
589 1437 693 1508 ἀλλον
704 1445 736 1521 ἐξ
751 1440 889 1527 Ἐφέσου
903 1443 958 1508 καὶ
971 1441 1087 1527 Ἀβδη-

78 1541 186 1621 ρόθεν
197 1538 311 1620 ἀλλον,
328 1535 460 1622 ὀλίγους
478 1539 678 1605 παντάπασι.
703 1545 751 1607 10.
771 1538 850 1625 μεθ’
864 1539 924 1616 οῦς
938 1538 974 1606 τό
987 1560 1086 1624 σοφι-

77 1645 168 1704 στῶν
186 1644 297 1721 φῦλον
314 1635 376 1703 οῦκ
394 1634 457 1703 οἷδ’
470 1635 560 1715 ὅπως
570 1664 626 1722 μοι
636 1641 865 1724 παρενεφύετο
876 1639 953 1707 οὔτε
966 1645 1087 1723 ζηλοῦν

76 1733 166 1820 τάμά
181 1738 213 1812 ἐς
230 1734 338 1821 βάθος
354 1733 432 1801 οὔτε
448 1739 567 1822 κομιδῆ
584 1733 730 1823 ἀπᾷδον,
747 1733 820 1803 ἀλλ’
837 1732 910 1804 οἷον
927 1734 962 1802 τό
975 1734 1087 1803 Ἱππο-

8 1845 9 1922 ζ
78 1835 275 1915 κενταύριον
290 1835 402 1919 γένος,
418 1834 588 1900 σύνθετόν
602 1861 633 1900 τι
647 1838 699 1902 καὶ
715 1834 834 1920 μικτόν
851 1838 888 1901 ἐν
902 1838 991 1924 μέσφ
1005 1831 1088 1900 ἀλα-

8 1945 9 1968 ³
78 1938 205 2012 ζονείας
220 1933 274 1997 καὶ
290 1937 488 2016 φιλοσοφίας
508 1931 731 2016 πλαζόμενον,
754 1932 832 1999 οῦτε
847 1939 887 2020 τῆ
901 1931 1019 2017 ἀγνοίᾳ
1034 1933 1087 1996 τέ·

78 2041 158 2098 λεον
184 2027 431 2114 προσεχόμενον
452 2027 529 2094 οὔτε
551 2026 636 2114 ἡμᾶς
659 2027 786 2098 ἀτενέσι
808 2044 877 2110 τοῖς
898 2028 1092 2115 ὀφθαλμοῖς·

78 2135 234 2209 καθορᾶν
255 2126 462 2210 δυνάμενον,
487 2122 558 2193 ἀλλ’
576 2122 650 2194 οἷον
668 2136 837 2214 λημῶντες
853 2127 918 2194 ὑπὸ
941 2133 1002 2192 τοῦ
1023 2125 1088 2211 ἀμ-

78 2223 261 2312 βλυῶττειν
273 2221 398 2309 ἀσαφές
413 2251 443 2289 τι
457 2226 511 2290 καὶ
526 2221 680 2309 ἀμυδρόν
694 2225 789 2312 ἡμῶν
804 2231 944 2295 είδωλον
955 2221 976 2311 ῆ
988 2223 1088 2291 σκιάν

77 2329 184 2392 ἐνίοτε
196 2323 324 2401 ίδόντες
337 2319 381 2390 ἀν
394 2327 429 2391 οί
438 2327 473 2390 δὲ
487 2321 593 2411 χόουτο
608 2323 753 2412 ἀκριβῶς
765 2325 873 2391 πάντα
884 2349 1088 2408 κατανενοη-

78 2424 183 2491 κέναι.
207 2419 291 2489 ὅθεν
305 2417 385 2505 παρ’
398 2419 540 2509 αῦτοίςῆ
553 2421 682 2510 ἀχρεῖος
695 2426 803 2509 ἐκείνη
818 2426 871 2490 καὶ
880 2421 1013 2508 περιττῆ
1026 2443 1085 2488 σο-
1104 2435 1153 2490 371

78 2527 141 2606 φία
159 2525 229 2605 καί,
258 2517 302 2597 ῶς
317 2517 410 2588 αὐτοὶ
432 2521 553 2612 ᾤοντο,
581 2521 792 2608 ἀπρόσμαχος
813 2519 1029 2606 ἀνεφλέγετο,
1053 2524 1090 2587 αί

77 2621 205 2705 κομψαὶ
224 2622 279 2686 καὶ
298 2618 418 2702 ἀποροι
434 2621 487 2687 καὶ
505 2619 622 2688 ἀτοποι
637 2618 826 2702 ἀποκρίσεις
846 2622 900 2686 καὶ
915 2620 1086 2698 δυσέξοδοι

78 2722 135 2788 καὶ
153 2720 419 2807 λαβυρινθώδεις
439 2719 622 2804 ἐρωτήσεις.
658 2725 707 2787 11.
726 2717 793 2786 εἶτα
811 2719 1018 2803 κωλυόμενοι
1033 2721 1086 2784 καὶ

79 2821 289 2905 ἐλεγχόμενοι
299 2817 381 2902 πρός
392 2826 458 2886 τῶν
474 2823 612 2901 ἑταίρων
626 2825 694 2886 τῶν
709 2821 798 2902 ἐμῶν
809 2815 1022 2902 ἠγανάκτουν
1033 2817 1087 2884 καὶ

79 2923 277 2986 συνίσταντο
300 2915 351 2984 ἐπ’
369 2915 510 3003 αὐτούς,
533 2921 587 2984 καὶ
607 2921 698 2995 τέλος
717 2922 937 3003 δικαστηρίοις
954 2914 1087 3002 ὑπῆγον

78 3021 135 3086 καὶ
149 3021 372 3099 παρεδίδοσαν
389 3019 569 3102 πιομένους
584 3025 643 3083 τοῦ
659 3022 810 3085 κωνείου.
836 3019 935 3101 ἐχρῆν
948 3015 1009 3100 μὲν
1024 3007 1088 3081 οῦν

78 3129 160 3196 ίσως
174 3118 246 3185 τότε
259 3132 379 3202 φυγεῖν
392 3114 496 3194 εὐθὺς
508 3120 563 3184 καὶ
572 3122 686 3202 μηκέτι
697 3114 875 3202 ἀνέχεσθαι
886 3115 947 3200 τῆν
960 3134 1088 3181 συνου-

78 3226 157 3286 σίαν
168 3216 289 3303 αὐτῶν,
302 3223 368 3284 νῦν
379 3216 415 3284 δὲ
428 3217 638 3301 Ἀντισθένης
651 3242 690 3300 με
701 3217 755 3282 καὶ
766 3216 929 3299 Διογένης
940 3215 994 3281 καὶ
1005 3210 1086 3297 μετά

11 3337 16 3346 ·
79 3317 202 3403 μικρὸν
214 3318 346 3402 Κράτης
358 3318 412 3383 καὶ
423 3320 600 3392 Μένιππος
617 3307 714 3393 οὗτος
729 3320 864 3382 ἔπεισαν
880 3311 995 3400 ὀλίγον
1005 3312 1086 3379 ὅσον

78 3421 293 3503 ἐπιμετρῆσαι
311 3424 368 3501 τῆς
381 3425 494 3502 μονῆς.
528 3413 572 3493 ῶς
586 3414 712 3499 μήποτε
727 3411 877 3496 ῶφελον·
907 3409 948 3478 οῦ
964 3409 1029 3497 γάρ
1044 3406 1087 3477 ἀν

78 3525 223 3582 τοσαῦτα
238 3514 441 3581 ἐπεπόνθειν
456 3513 606 3593 ὕστερον.
880 3601 918 3662 19
933 3603 945 3633 ῃ
