2625 4092
315 308 580 370 ETAIPIKOI
599 309 860 368 ΔΙΛΛΟΓΟΙ.
1027 309 1089 370 209

100 534 103 546 ,
169 477 269 550 ΔΩΡ.
291 467 447 550 Ἐκελυοςς
468 467 562 556 ᾔδειν
578 469 641 554 γάρ
658 490 694 533 σε
709 469 810 536 πάλαι
827 474 977 553 ἔχουσαν.

172 574 302 636 M‘PPT.
331 563 416 636 Ἀλλ’
443 562 484 633 δν
506 563 611 651 ᾔδεις,
638 563 725 634 πολὺ
752 567 945 650 λεπτότερος
969 559 1012 652 ἦν
1034 569 1088 631 καὶ

83 667 299 752 σμαράγδους
315 663 377 733 οὐκ
392 663 465 750 εἶχε.
489 666 542 731 καί
554 663 685 750 ἐλλόβια
700 668 794 732 ταυτὶ
808 666 861 731 καὶ
879 664 1018 747 δάπιδα,
1034 666 1087 729 καὶ

83 765 202 854 πρῴην
217 763 279 829 δύο
295 769 395 848 μνᾶς,
410 763 465 830 καὶ
479 759 515 827 τὰ
525 764 677 828 ’ἐνοίκιον
691 764 871 848 κατέβαλεν
882 758 966 843 ὑπὲρ
983 757 1087 844 ημῶν,

83 859 127 930 οὐ
156 861 305 928 σάνδαλα
328 856 497 942 Παταρικὰ
521 861 576 927 καὶ
598 857 702 943 τυρδν
722 856 898 926 Γυθιακὸν
924 861 978 924 καὶ
1002 865 1088 941 φλη-

85 961 225 1044 νάφους.

116 1089 119 1096 ·
170 1063 198 1124 4.
216 1063 317 1123 ΔΩΡ.
333 1054 429 1123 Ἀλλά
441 1059 547 1124 έκεῖνο
560 1051 601 1121 οὐ
613 1056 726 1138 λέγεις,
739 1056 799 1142 οἴῳ
810 1051 883 1120 ὄντι
895 1051 1088 1137 συγκαθεύ-

84 1160 154 1232 δεις
174 1150 281 1244 αὐτῷς
304 1159 359 1239 ἔτη
376 1155 437 1238 μὲν
455 1151 538 1235 ὑπὲρ
553 1151 592 1218 τά
613 1152 819 1237 πεντήκοντα
833 1152 981 1235 πάντως,
1005 1150 1087 1218 άνα·

84 1257 266 1337 φαλαντίας
283 1251 338 1318 καὶ
354 1251 414 1336 τὴν
428 1250 531 1334 χρόαν
542 1245 609 1328 οἷος
627 1252 782 1338 κάραβος.
806 1248 884 1318 οὐδὲ
897 1249 975 1326 τούς
989 1246 1088 1314 ὀδόν-

84 1377 142 1428 τας
157 1347 263 1418 αὐτοῦ
277 1347 373 1437 ὁρᾴς;
395 1355 431 1414 αί
443 1347 580 1435 μὲνγὰρ
594 1350 738 1434 χάριτες,
756 1341 988 1430 οἷΔιοσκόρω,
1005 1354 1089 1412 πολ-

86 1455 155 1531 λαί,
173 1449 227 1516 καὶ
242 1447 382 1531 μάλιστα
395 1444 521 1514 ὁπόταν
532 1447 597 1535 ᾇδη
612 1449 665 1514 καὶ
680 1444 783 1533 ἁβρὸς
798 1444 882 1512 εἶναι
895 1449 995 1532 θέλη,
1011 1442 1089 1520 ὄνος

83 1541 325 1627 αὐτολυρίζων,
342 1548 455 1627 φασίν.
477 1541 560 1610 ἀλλὰ
577 1541 672 1610 ὄναιο
687 1542 790 1610 αὐτοῦ
806 1541 879 1622 άξίοι
889 1569 925 1627 γε
938 1533 1021 1609 οὐσα
1034 1543 1088 1607 καὶ

83 1645 215 1729 γένοιτο
231 1639 310 1728 ὑμῖν
324 1647 456 1710 παιδίον
468 1639 585 1726 ὅμοιον
596 1647 641 1728 τςό
654 1647 768 1724 πατρί,
786 1638 850 1726 ἐμοὶ
868 1643 903 1706 δὲ
920 1642 974 1707 καὶ
988 1635 1088 1715 αὐτὸς

84 1740 218 1827 εὑρήσω
233 1745 383 1825 Δελφίδα
404 1736 424 1827 ἦ
440 1741 637 1827 Κυμβάλιόν
652 1767 727 1806 τινα
741 1747 808 1806 τῶν
824 1739 895 1809 κατ’
914 1743 969 1824 έμέ
989 1735 1010 1824 ἢ
1026 1734 1100 1824 τὴνΙ

82 1847 217 1927 γείτονα
235 1837 330 1926 ὑμῶν
343 1838 403 1924 την
419 1839 598 1925 αὐλητρίδα
613 1835 634 1924 ἢ
649 1839 782 1916 πάντως
793 1840 876 1905 τινά.
900 1839 1040 1914 δάπιδας
1052 1839 1088 1903 δὲ

82 1942 140 2009 καὶ
157 1940 281 2026 ὅρμους
296 1941 349 2008 καί
368 1944 501 2024 διμναῖα
518 1939 716 2024 μισθώματα
730 1935 772 2005 οὐ
785 1938 906 2015 πάντες
918 1943 1042 2022 ἔχομεν.
1104 1951 1156 2004 322

172 2045 302 2106 Mm
322 2030 361 2106 Ὠ
372 2044 515 2122 μακαρία
527 2039 652 2121 ἐκείνη,
672 2035 739 2122 η’τις
750 2033 892 2120 ἐραστὴν
902 2039 954 2114 σέ,
971 2028 1077 2103 άΔω-
1091 2061 1096 2065 ·

83 2144 183 2223 ρίωυ,
198 2139 276 2212 ἕξει·
300 2135 453 2221 κρόμμυα
468 2133 531 2220 γάρ
549 2131 633 2222 αὐτῇ
648 2145 748 2214 οἴσεις
759 2138 795 2202 έκ
806 2135 951 2216 Κύπρου
962 2135 1016 2200 καὶ
1028 2159 1088 2199 τυ-

82 2234 164 2320 ρόν,
183 2233 263 2304 ὅταν
278 2237 314 2300 ἐκ
330 2239 461 2302 Γυθίου
476 2235 666 2318 καταπλέῃς.

485 2385 694 2398 ..pm-m...—

565 2475 613 2538 15.

286 2588 475 2641 mm
503 2589 583 2640 ιιι
619 2584 884 2638 mmmm.

172 2728 198 2790 l.
213 2729 340 2791 KOXA.
351 2712 353 2716 Ι
364 2728 405 2790 Τί
413 2721 579 2801 δακρύεις,
593 2711 619 2784 οδ
631 2709 795 2803 Παρθενί,
812 2713 833 2802 ἦ
845 2718 955 2786 πόθεν
970 2743 1086 2784 κατεα-

82 2822 184 2909 γότας
198 2818 275 2900 τούς
289 2818 414 2898 αὐλούς
428 2823 556 2904 φέρεις;

169 2924 295 2986 nm.
315 2915 349 2985 Ὁ
365 2917 564 3002 στρατιώτης
580 2915 598 2982 ὁ
616 2913 763 2993 Αἰτωλὸς
777 2915 795 2981 ὁ
812 2917 912 3000 μέγας
924 2913 941 2980 ὁ
954 2916 1089 2997 Κροκά-
1154 2963 1158 2968 -

82 3027 143 3105 λης
158 3021 243 3101 ἐρῶν
254 3017 412 3102 ἐρράπισέ
421 3043 461 3103 με
473 3016 643 3084 αὐλοῦσαν
655 3012 764 3098 εὑρτδν
778 3011 867 3098 παρὰ
880 3023 919 3102 τη
931 3015 1088 3102 Κροκάλη

83 3114 151 3182 ὑπὸ
171 3123 231 3182 τοῦ
251 3113 454 3198 ἀντεραστοῦ
479 3111 583 3184 αὐτοῦ
599 3116 733 3200 Γόργου
753 3116 1012 3199 μεμισθωμένην
1033 3117 1089 3182 καὶ

82 3214 163 3292 τούς
180 3239 214 3282 τε
230 3211 355 3292 αὐλούς
368 3211 434 3300 μου
449 3215 624 3297 συνέτριψε
640 3215 694 3296 καλ
708 3209 769 3299 τὴν
785 3213 947 3294 τράπεζαν
965 3211 1088 3298 μεταξὺ

84 3315 315 3382 δειπνούντων
325 3313 483 3397 ἀνέτρεψε
496 3313 618 3382 καὶτὸν
630 3321 776 3397 κρατῆρα
786 3315 910 3396 ἐξέχεεν
919 3315 1088 3380 έπεισπαίν

83 3437 160 3492 σας·
189 3415 243 3480 καὶ
259 3411 318 3480 τδν
335 3415 396 3498 μὲν
412 3410 569 3496 άγρολκον
585 3408 786 3479 ἐκεῖνοντὸν
801 3409 932 3495 Γόργον
947 3406 1012 3476 άπδ
1028 3419 1089 3480 τοῦ

84 3519 274 3600 συμποσίου
292 3513 503 3590 κατασπάσας
523 3519 589 3580 τῶν
607 3519 727 3595 τριχῶν
745 3516 861 3578 ἔπαιον
878 3507 1089 3589 περιστάντες
