2625 4092
278 292 407 352 ΠΡΟΣ
429 293 527 353 ΤΟΝ
548 291 892 352 ΑΠΑΙΔΕῬΤΟΝ.
1027 286 1087 350 153

84 457 290 540 εἰργασμένα.
314 451 387 519 οἶδα
399 449 444 530 ῶς
454 453 562 539 μάτην
573 453 677 519 ταῦτά
688 477 743 536 μοι
754 451 929 538 λελήρηται
941 452 995 518 καὶ
1005 447 1088 517 κατά

82 550 144 639 τήν
156 560 334 638 παροιμίαν
344 556 491 619 Αίθίοπα
504 551 640 637 σμήχειν
651 553 818 634 ἐπιχειρῶ·
844 546 887 615 σύ
899 546 963 634 γάρ
976 546 1089 638 ῶνήση

83 654 138 719 καὶ
155 649 260 738 χρήση
271 652 303 728 ές
317 647 418 716 ούδέν
433 651 488 716 καί
502 647 778 735 καταγελασθήσῃ
793 644 876 729 πρὸς
886 653 954 713 τῶν
969 671 1089 714 πεπαι-

83 750 273 834 δευμένων,
298 743 347 826 οἷς
362 745 490 833 ἀπόχρη
511 744 714 832 ὠφελεῖσθαι
731 743 793 812 οὐκ
815 748 851 811 ἐκ
867 752 928 812 τοῦ
944 745 1086 822 κάλλους
1109 754 1156 806 124

85 857 151 915 τῶν
166 852 305 932 βιβλίων
320 842 394 912 οὐδ’
408 847 444 912 ἐκ
458 851 516 931 τής
525 849 737 921 πολυτελείας
748 840 878 928 αὐτῶν,
894 839 968 910 ἄλλ’
983 845 1019 910 έκ
1032 851 1088 928 τῆς

83 950 200 1028 φωνής
214 943 268 1009 καὶ
288 948 346 1028 τής
358 941 493 1027 γνύμης
511 947 579 1007 τῶν
593 939 819 1025 γεγραφότων.
850 945 900 1006 29.
918 937 961 1007 σύ
977 941 1012 1006 δὲ
1027 949 1087 1007 οίει

84 1039 309 1124 θεραπεύσειν
327 1037 389 1123 τήν
406 1036 625 1105 ἀπαιδευσίαν
641 1037 696 1104 καὶ
715 1037 934 1116 ἐπικαλύψειν
951 1045 991 1126 τῇ
1008 1038 1088 1125 δόξη

82 1140 188 1226 ταύτη
204 1141 258 1206 καλ
274 1138 446 1222 ἐκπλήξειν
461 1144 507 1225 τῷ
523 1136 647 1222 πλήθει
664 1143 733 1204 τῶν
745 1142 901 1222 βιβλίων,
917 1134 980 1204 οὐκ
995 1135 1089 1213 είδῶς

81 1237 136 1305 ὅτι
150 1238 205 1304 καὶ
219 1240 252 1304 οί
265 1233 487 1321 άμαθέστατοι
501 1242 568 1302 τῶν
582 1240 706 1316 ἰατρῶν
721 1233 758 1302 τό
774 1233 855 1303 αύτδ
868 1237 920 1304 σοὶ
932 1243 1088 1303 ποιοῦσιν

80 1338 320 1418 ἐλεφαντίνους
335 1335 509 1419 νάρθηκας
522 1333 577 1400 καὶ
592 1333 709 1412 σικύας
726 1329 876 1417 άργυράς
892 1335 1087 1418 ποιούμενοι

81 1435 138 1500 καί
160 1436 274 1517 σμίλας
292 1429 593 1516 χρυσοκολλήτους·
622 1427 749 1498 ὁπόταν
772 1430 808 1498 δὲ
826 1434 879 1499 καὶ
900 1432 1089 1517 χρήσασθαι

84 1529 213 1606 τούτοις
228 1530 302 1616 δέη,
318 1531 351 1623 οί
358 1527 421 1613 μὲν
431 1528 509 1594 ούδὲ
520 1527 609 1605 ὅπως
622 1525 685 1612 χρή
699 1535 989 1613 μεταχειρίσασθαι
1002 1524 1086 1594 αύτά

82 1641 190 1698 ἴσασι·
219 1623 399 1708 παρελθῶν
415 1627 454 1693 δέ
466 1653 515 1703 τις
536 1629 568 1704 ἐς
585 1624 621 1694 τδ
638 1629 741 1711 μέσον
757 1634 825 1694 τῶν
843 1625 1088 1712 μεμαθηκότων

83 1724 294 1812 φλεβότομον
306 1717 346 1791 εύ
356 1723 444 1809 μάλα
459 1721 668 1810 ἠκονημένον
684 1731 769 1812 ἔχων
779 1731 834 1793 ἰού
848 1718 951 1792 τάλλα
966 1721 1089 1811 μεστόν

83 1822 250 1910 ἀπήλλαξε
267 1831 323 1909 τής
339 1821 463 1908 ὀδύνης
477 1820 537 1889 τὸν
551 1831 727 1891 νοσοῦντα.
758 1826 814 1892 ἵνα
835 1823 870 1890 δὲ
889 1825 942 1890 καλ
957 1830 1088 1908 γελοιο-

82 1927 168 2012 τέρςο
178 1921 243 1988 τινὶ
254 1917 293 1988 τά
305 1918 347 1987 σά
357 1920 495 2005 εἰκάσω,
510 1917 589 1998 τούς
600 1924 741 2005 κουρέας
751 1922 890 1999 τούτους
902 1923 1086 2003 ἐπίσκεψαι,

83 2018 230 2099 καλύψει
249 2017 328 2098 τούς
344 2019 405 2103 μὲν
425 2025 572 2104 τεχνίτας
588 2015 701 2086 αύτῶν
724 2016 826 2104 ξυρόν
841 2022 895 2087 καὶ
911 2022 1087 2104 μαχαιρίδα

83 2122 140 2187 καὶ
156 2120 343 2202 κάτοπτρον
360 2118 550 2203 σύμμετρον
568 2123 717 2203 ἔχοντας,
736 2115 814 2196 τούς
829 2118 865 2184 δὲ
879 2114 1020 2202 άμαθεῖς
1033 2119 1088 2183 καὶ

81 2216 216 2294 ἰδιώτας
236 2224 366 2303 πλῆθος
381 2220 586 2302 μαχαιρίδων
605 2219 824 2299 προτιθέντας
844 2217 897 2283 καὶ
919 2217 1087 2297 κάτοπτρα

83 2314 228 2401 μεγάλα,
246 2311 288 2381 ού
299 2313 366 2401 μήν
380 2313 493 2400 λήσειν
504 2341 541 2399 γε
554 2311 608 2380 διά
619 2321 722 2379 ταῦτα
734 2311 834 2382 οὐδὲν
846 2312 980 2391 εἰδότας.
1004 2310 1086 2379 άλλά

86 2410 122 2481 τό
141 2414 352 2498 γελοιότατον
371 2417 477 2481 έκεῖνο
495 2415 696 2497 πάσχουσιν,
721 2412 772 2479 ότι
788 2419 953 2497 κείρονται
973 2412 1034 2498 μὲν
1057 2419 1090 2481 οί

83 2512 202 2578 πολλοὶ
216 2513 304 2593 παρὰ
320 2524 387 2588 τοῖς
406 2518 550 2596 γείτοσιν
571 2509 700 2592 αὐτῶν,
727 2509 809 2594 πρὸς
832 2512 867 2578 δέ
888 2511 927 2579 τά
948 2515 1085 2578 ἐκείνων
1108 2527 1156 2580 125

87 2609 256 2690 κάτοπτρα
273 2609 518 2690 προσελθόντες
533 2607 590 2686 τάς
605 2610 709 2694 κόμας
727 2609 940 2690 εύθετίζουσι.
964 2615 1013 2676 30.
1034 2611 1087 2674 καὶ

84 2704 129 2772 σύ
140 2713 255 2773 τοίνυν
266 2702 355 2796 άλλφ
367 2710 428 2789 μὲν
441 2709 593 2792 δεηθέντι
602 2708 757 2791 χρήσειας
767 2703 811 2774 άν
821 2705 860 2774 τά
872 2714 994 2794 βιβλία,
1007 2710 1088 2790 χρη-

84 2815 210 2872 σασθαι
225 2805 260 2870 δέ
271 2799 371 2881 αὐτὸς
382 2803 445 2870 ούκ
460 2799 503 2871 άν
515 2804 641 2872 δύναω.
666 2811 773 2872 καίτοι
783 2802 857 2872 οὐδ’
872 2807 1010 2891 ἔχρησάς
1022 2830 1086 2870 τινι

84 2909 218 2990 βιβλίον
227 2901 369 2985 πῶποτε,
379 2902 463 2971 άλλά
475 2901 511 2970 τδ
523 2910 579 2988 τῆς
589 2901 692 2980 κυνός
703 2919 804 2981 ποιεῖς
814 2910 870 2989 τῆς
880 2907 917 2970 ἐν
927 2909 966 2990 τή
978 2902 1087 2988 φάτνη

84 3004 337 3086 κατακειμένης,
359 2998 381 3086 ή
397 3001 472 3068 ούτε
489 2999 570 3086 αὐτή
587 3009 655 3068 τῶν
672 3009 803 3086 κριθῶν
824 3004 927 3070 ἐσθίει
949 2999 1025 3067 οὔτε
1042 3007 1087 3087 τῶ

83 3105 176 3189 ἵππω
191 3101 366 3189 δυναμένῳ
382 3113 502 3185 φαγεῖν
515 3103 688 3184 ἐπιτρέπει.
712 3108 814 3168 ταῦτα
825 3101 863 3166 τό
874 3126 911 3186 γε
927 3106 992 3166 νῦν
1003 3098 1087 3168 είναι

84 3199 171 3283 ύπέρ
185 3200 299 3285 μόνων
316 3206 385 3266 τῶν
401 3205 539 3286 βιβλίων
554 3202 818 3286 παρρησιάζομαι
839 3198 921 3283 πρὸς
938 3205 990 3284 σέ,
1013 3203 1087 3282 περὶ

85 3298 121 3368 δὲ
139 3304 207 3365 τῶν
229 3294 340 3364 άλλων
362 3295 425 3362 ὅσα
441 3297 653 3364 κατάπτυστα
674 3298 729 3364 καὶ
745 3300 949 3365 ἐπονείδιστα
973 3313 1087 3378 ποιεῖς,

83 3388 187 3472 αὖθις
200 3391 330 3481 άκούση
348 3394 514 3472 πολλάκις.
