2625 4092
223 305 285 367 226
581 304 890 364 AOTKIANOY'

224 470 317 534 δέναι
328 462 361 534 οἵ
369 471 542 554 βαδιεῖσθε
551 471 704 533 τοσοῦτοι
716 462 810 542 ὅντες
820 467 852 544 ἐξ
865 461 1038 548 Ἀρκαδίας
1047 461 1069 552 ἢ
1078 467 1131 535 ἐπὶ
1142 473 1232 544 τίνας

223 563 364 642 ἀθλίους
381 565 534 647 πρύτους
548 560 720 648 ἀφίξεσθε.

306 667 357 728 30.
375 668 487 728 ΣΑΜ.
502 659 639 743 Ἀκουε,
654 653 835 744 ύΛυκῖνε,
853 669 980 746 μᾶλλον
996 664 1048 746 δέ,
1064 672 1097 730 εί
1108 684 1162 730 σοι
1176 669 1230 748 φί-

224 769 294 845 λον,
310 757 493 825 ἀκολούθει
504 753 584 843 μεθ’
597 751 708 842 ἡμῶν·
725 758 891 842 ἵππαρχον
905 756 969 841 γάρ
982 780 1018 823 σε
1029 765 1097 824 τῶν
1108 783 1231 825 πεντα-

223 866 392 942 κισχιλίων
406 852 581 941 ἀποφανῶ.

307 961 406 1022 ΛΤΚ.
428 951 525 1021 Ἀλλά
542 960 598 1039 τῆς
613 953 675 1036 μὲν
690 957 802 1036 τιμῆς,
825 943 852 1018 οἵ
866 959 1020 1038 βασιλεῦ.
1043 955 1142 1039 χάριν
1157 953 1233 1022 οἶδά

222 1077 275 1121 σοι
286 1054 341 1122 καὶ
352 1050 527 1130 ὑποκύψας
538 1056 583 1128 είς
594 1049 630 1118 τὸ
643 1048 811 1133 Περσικὸν
822 1058 1003 1133 προσκυνῶ
1019 1072 1056 1120 σε
1069 1077 1234 1138 περιαγα-

221 1148 292 1237 γύν
308 1156 353 1227 είς
366 1145 514 1217 τούπίσω
524 1144 570 1215 τύ
580 1162 666 1232 χεῖρε
682 1152 787 1231 τιμῶν
798 1143 860 1232 τὴν
870 1148 989 1232 τιάραν
1001 1147 1111 1235 ὀρθὴν
1123 1143 1234 1218 οὖσαν

152 1260 205 1317 268
223 1249 278 1314 καί
289 1248 325 1313 τδ
337 1245 497 1330 διάδημα·
518 1242 562 1310 σύ
573 1245 608 1310 δὲ
621 1251 688 1310 τῶν
699 1245 895 1328 ἐρρωμένων
907 1245 1037 1313 τούτων
1045 1245 1121 1315 τινά
1134 1257 1233 1335 ποίη·

222 1368 284 1412 σον
295 1346 477 1428 ἵππαρχον·
500 1340 564 1428 έγύ
576 1342 640 1428 γάρ
652 1362 705 1408 σοι
718 1345 836 1420 δεινῶς
845 1340 996 1428 ἄφιππός
1008 1351 1073 1429 είμι
1084 1347 1140 1414 καὶ
1151 1343 1233 1413 οὐδὲ

223 1445 308 1523 ὅλως
322 1446 446 1532 ἐπέβην
461 1446 567 1512 ἵππου
584 1446 621 1511 ἐν
638 1449 684 1532 τῷ
699 1439 763 1524 πρὸ
781 1447 842 1508 τοῦ
861 1443 979 1532 χρόνω.
1006 1448 1096 1513 δέδια
1114 1454 1234 1513 τοίνυν

222 1540 266 1628 μὴ
278 1549 339 1608 τοῦ
350 1549 554 1625 σαλπιγκτοῦ
566 1541 809 1622 ἐποτρύνοντος
819 1539 1017 1608 καταπεσών
1029 1548 1131 1629 ἔγωγε
1142 1567 1234 1630 συμ-

223 1647 363 1726 πατηθῶ
378 1643 414 1707 έν
429 1648 469 1728 τῇ
490 1638 597 1727 τύρβῃ
613 1635 680 1705 ύπδ
702 1638 878 1716 τοσαύταις
895 1636 1026 1716 ὁπλαῖς,
1050 1635 1142 1725 ἢκοιί
1163 1653 1235 1709 θυ-

223 1735 356 1823 μοειδὴς
371 1732 454 1804 οδνδ
472 1740 572 1815 ἵππος
587 1737 739 1822 ἐξενέγκῃ
754 1761 795 1822 με
810 1733 870 1804 τὸν
883 1734 1021 1822 χαλινδν
1035 1737 1191 1806 ἐνδακαδν
1203 1744 1237 1818 ἐς

223 1840 345 1922 μέσους
365 1833 444 1913 τούς
460 1842 654 1920 πολεμίους,
679 1831 701 1920 ἢ
718 1833 829 1918 δεήσει
845 1838 1073 1921 καταδεθῆναί
1087 1863 1127 1922 με
1146 1836 1237 1920 πρὸς

223 1931 259 2000 τδ
284 1937 459 2017 ἐφίππιον,
483 1939 513 2001 εί
530 1935 639 2017 μέλλω
661 1945 773 2017 μενεῖν
793 1957 827 2025 τε
852 1930 923 1999 ἅνω
941 1934 995 2000 καὶ
1017 1935 1149 2012 ἕξεσθαι
1172 1943 1237 2002 τοῦ

223 2041 370 2122 χαλινοῦ.

308 2138 359 2199 31.
378 2139 540 2200 ΑΔΕΙΜ.
559 2128 641 2217 Ἕγιύ
658 2151 727 2212 σοι,
746 2123 960 2218 ὦΣάμιππε,
979 2130 1144 2219 ἡγήσομαι
1163 2141 1234 2200 τῶν
1311 2183 1312 2218 3

221 2233 368 2312 ἱππέων,
384 2237 528 2306 Λυκῖνος
541 2228 576 2295 δὲ
589 2226 625 2296 τδ
641 2228 752 2308 δεξιὸν
767 2233 864 2313 κέρας
876 2233 981 2314 ἐχέτω.
1005 2235 1132 2310 δίκαιος
1142 2228 1177 2298 δ’
1192 2227 1238 2298 άν
1311 2255 1312 2297 ῑ

222 2338 294 2416 εἵην
313 2341 424 2414 τυχεῖν
445 2325 534 2408 παρά
557 2335 620 2395 σοῦ
643 2336 711 2395 τάν
733 2336 897 2415 μεγίστων
920 2329 1091 2408 τοσούτοις
1110 2350 1148 2397 σε
1172 2359 1235 2417 με-

222 2432 351 2514 δίμνοις
366 2425 602 2512 δωρησάμενος
616 2427 780 2513 ἐπισήμου
793 2435 943 2513 χρυσίου.

307 2530 420 2594 ΣΑΜ.
444 2526 509 2590 Καὶ
531 2521 656 2604 αύτούς
679 2524 850 2610 ἐροίμεθα,
878 2518 903 2591 οἵ
924 2524 1126 2611 Ἀδείμαντε,
1152 2526 1238 2605 τούς

222 2625 350 2703 ίππέας,
361 2627 391 2690 εί
399 2624 550 2700 δέξονταί
556 2644 594 2690 σε
606 2621 750 2707 άρχοντα
761 2629 859 2708 σφῶν
870 2625 1038 2707 γενέσθαι.
1053 2621 1117 2714 ὅτςο
1128 2628 1237 2706 δοκεῖ,

224 2712 250 2786 οἵ
265 2724 389 2803 ίππεῖς,
403 2716 616 2804 Ἀδείμαντον
631 2725 823 2806 ἱππαρχεῖν,
839 2716 1044 2786 ἀνατεινάτω
1055 2717 1117 2805 τὴν
1126 2737 1238 2805 χεῖρα.
1309 2707 1310 2716 ¹

306 2822 467 2885 AAEIM.
497 2817 642 2900 Πάντες,
669 2814 712 2894 ὡς
733 2816 829 2906 ὁρᾷς,
860 2809 1083 2902 οἵΣάμιππε,
1105 2821 1236 2905 ἐχειρο-

222 2916 378 3000 τόνησαν.
1308 2943 1309 2984 ε

307 3019 418 3079 ΣΑΜ.
438 3010 535 3081 Ἀλλά
558 3010 601 3080 σύ
622 3014 683 3098 μὲν
705 3011 784 3098 άρχε
805 3018 861 3098 τῆς
882 3015 1004 3095 ἵππου,
1028 3022 1175 3091 Λυκῖνος
1197 3014 1236 3080 δὲ

223 3112 319 3194 ἐχέτω
337 3108 374 3177 τδ
393 3113 517 3191 δεξιάν·
543 3108 656 3177 οὑτοσὶ
673 3110 708 3178 δὲ
728 3111 891 3195 Τιμόλαος
907 3113 958 3177 ἐπὶ
975 3118 1036 3179 τοῦ
1051 3108 1236 3196 εὐωνύμου

222 3208 402 3287 τετάξεται·
425 3207 488 3294 ἐγώ
502 3211 538 3276 δὲ
553 3205 636 3274 κατά
653 3212 773 3292 μέσον,
797 3207 842 3288 ὡς
856 3209 958 3295 νόμος
974 3216 1145 3295 βασιλεῦσι
1164 3217 1236 3276 τῶν

222 3312 374 3391 Περσῶν,
387 3304 523 3373 ἐπειδάν
535 3303 628 3372 αύτοδ
640 3314 847 3390 συμπαρῶσι.
871 3313 920 3374 32.
938 3312 1106 3391 προΐωμεν
1118 3308 1154 3374 δὲ
1167 3305 1235 3392 ἤδη

151 3425 205 3482 269
222 3403 285 3491 τὴν
306 3409 357 3474 ε’πδ
372 3413 549 3490 Κορίνθου
570 3405 624 3474 διά
641 3414 699 3492 τῆς
721 3404 851 3492 ὀρεινῆς
868 3406 1084 3492 ἐπευξάμενοι
1102 3413 1146 3496 τῷ
1170 3415 1237 3494 βα-

222 3512 333 3592 σιλείῳ
349 3510 419 3572 Διί·
447 3502 611 3572 κάπειδάν
627 3502 690 3571 τάν
704 3510 744 3594 τῇ
758 3500 889 3571 Ἑλλάδι
909 3505 1020 3571 πάντα·
1034 3503 1098 3590 ἤδη
1113 3530 1236 3590 χειρω-

1295 3957 1305 4061 λ
