2625 4092
381 287 820 346 ΨΕΥΔΟΛΟΓΙΣΤΗΣ.
1043 283 1099 346 171

182 455 231 516 10.
251 446 332 532 Ἐγώ
356 448 391 513 δὲ
404 488 446 498 -
460 446 523 533 ήδη
538 449 601 532 γὰρ
622 447 724 525 αὐτὸς
739 455 926 534 παρείληφα
945 457 1004 515 τοῦ
1021 449 1102 530 δρά-

92 574 198 636 ματος
213 547 253 613 τά
270 546 426 614 λοιπά-
442 551 568 622 δίκαιος
589 539 634 610 ἀν
650 553 722 630 ελην
738 545 779 612 τά
800 549 836 614 ἐκ
856 553 917 612 τοῦ
932 554 1104 629 Δελφικοῦ

92 650 249 728 τρίποδος
263 643 326 730 ἤδη
340 649 464 729 λέγειν,
487 637 540 710 οἷα
556 647 617 728 μέν
634 662 698 709 σου
714 632 754 710 τά
772 648 808 710 ἐν
824 650 864 732 τῇ
880 649 1027 726 πατρίδι,
1049 641 1103 711 ola

92 748 131 813 δὲ
149 741 188 810 τά
204 746 241 810 έν
255 749 295 830 τῇ
310 748 531 828 Παλαιστίνη,
556 735 609 807 οἷα
634 743 671 808 δὲ
688 739 728 808 τά
750 745 788 809 έν
802 742 977 832 Αἰγύπτῳ,
999 736 1052 809 οἷα
1068 742 1104 810 δὲ

93 842 134 911 τά
153 847 188 908 έν
205 848 347 928 Φοινίκῃ
370 842 426 908 καὶ
447 846 575 928 Συρίᾳ,
599 837 666 906 εἶτα
689 842 761 926 ἑξῆς
777 839 817 907 τά
841 845 877 908 έν
895 841 1026 908 Ἑλλάδι
1049 842 1103 908 καὶ

89 938 209 1027 Ἰταλίᾳ
223 941 278 1006 καλ
294 942 348 1007 έπί
362 946 443 1005 πᾶσι
459 937 499 1005 τά
516 941 554 1006 έν
566 937 690 1028 Ἐφέσῳ
708 948 789 1025 νῦν,
812 939 898 1022 άπερ
914 947 1104 1023 κεφαλαιω-

94 1041 234 1106 δέστατα
254 1044 311 1122 τῆς
331 1034 491 1115 ἀπονοίας
507 1046 565 1123 τής
580 1045 639 1123 σής
662 1040 716 1106 καλ
737 1036 869 1124 κορυφή
888 1041 940 1106 καὶ
962 1040 1103 1119 κορωνὶς
1194 1061 1196 1066 ·

92 1145 156 1204 τοῦ
176 1136 319 1217 τρόπου·
353 1137 422 1202 ἐπεὶ
444 1133 509 1220 γάρ
531 1134 614 1203 κατά
637 1134 699 1222 τὴν
722 1146 902 1220 παροιμίαν
920 1134 1037 1223 Ἰλιεὺς,
1055 1132 1103 1201 ἀν

92 1232 286 1325 τραγῳδοὺς
298 1234 490 1320 ἐμισθώσω,
504 1234 618 1319 καιρὸς
632 1234 696 1322 ἤδη
708 1259 761 1303 σοι
776 1235 914 1302 ἀκούειν
925 1233 964 1301 τά
978 1241 1105 1301 σαυτοῦ
1200 1279 1202 1284 ·

92 1336 189 1403 κακά.
214 1341 261 1402 11.
276 1343 403 1419 μᾶλλον
415 1335 563 1401 δὲταῦτα
576 1335 637 1411 μὲν
648 1338 800 1420 μηδέπω.
818 1336 891 1418 περὶ
904 1334 939 1400 δέ
950 1341 1006 1418 τῆς
1018 1331 1102 1396 ἀπο·
1122 1347 1168 1404 171

93 1435 224 1519 φράδος
237 1434 408 1516 πρότερον.
442 1437 510 1499 είπὲ
525 1435 590 1518 γάρ
605 1460 661 1519 μοι
678 1432 761 1516 πρὸς
778 1434 955 1518 πανδήμου
969 1433 1023 1496 καλΙ
1039 1435 1103 1496 Γε-

92 1535 298 1599 νετυλλίδων
316 1534 369 1598 καὶ
388 1533 561 1617 Κυβήβης,
583 1542 629 1620 πή
649 1553 703 1598 σοι
724 1529 873 1617 μεμπτὸν
893 1533 946 1596 καὶ
961 1532 1103 1613 γέλωτος
1157 1551 1172 1592 .’

93 1631 188 1710 ἀξιον
201 1629 349 1714 τοῦνομα
368 1627 451 1696 εἶναι
470 1634 582 1709 ἔδοξεν
598 1628 618 1715 ἡ
634 1628 805 1714 ἀποφράς;
828 1630 868 1716 νη
883 1626 957 1712 Δί’,
979 1625 1101 1713 οὐγὰρ

91 1722 138 1816 ἦν
154 1737 222 1795 τῶν
239 1725 408 1814 Ἑλλήνων
425 1733 528 1813 ίδιον,
553 1728 635 1797 ἀλλά
649 1741 759 1796 ποθεν
774 1729 1026 1815 ἐπεισκωμάσαν
1040 1725 1102 1794 αὐ-

92 1843 161 1905 τοῖς
176 1825 241 1894 ἀπὸ
260 1836 316 1912 τῆς
337 1829 419 1910 πρὸς
438 1826 585 1906 Κελτοὺς
608 1825 626 1913 ή
642 1837 775 1918 Θρᾷκας
796 1825 817 1913 ή
834 1829 975 1904 Σκύθας
993 1831 1102 1912 ἐπιμι-

93 1933 172 2006 ξίας.
202 1924 245 1992 οὐ
261 1929 296 1991 δὲ
310 1968 352 1976 -
367 1924 497 1992 ἅπαντα
514 1925 578 2010 γάρ
599 1927 698 1995 οἶσθα
713 1926 752 1994 τά
773 1937 840 1994 τῶν
858 1926 1045 2012 Ἀθηναίων
1059 1967 1101 1977 -

94 2027 277 2105 ἐξέκλεισας
296 2033 395 2090 τοῦτο
414 2022 519 2102 εὐθὺς
535 2027 589 2092 καλ
611 2029 805 2110 ἐξεκήρυξας
820 2033 880 2093 τοῦ
896 2023 1100 2109 Ἑλληνικοῦ.

93 2126 147 2191 καὶ
169 2121 187 2189 ὁ
208 2123 312 2208 γέλως
334 2126 385 2190 ἐπὶ
408 2125 539 2213 τούτῳ,
560 2121 609 2189 ὅτι
635 2130 822 2210 βαρβαρίζω
840 2127 892 2190 καὶ
915 2127 1027 2204 ξενίζω
1049 2125 1102 2190 καὶ

93 2221 286 2307 ὑπερβαίνω
299 2222 378 2298 τούς
399 2219 501 2305 ὅρους
516 2219 594 2300 τοὺς
616 2221 788 2299 Ἀττικούς,
818 2224 870 2288 καὶ
893 2220 958 2306 μήν
975 2230 1008 2289 τί
1020 2223 1100 2288 ἀλλο

91 2319 278 2405 Ἀθηναίοις
289 2317 396 2396 οὕτως
411 2320 589 2403 ε’πιγεόριον
600 2318 644 2396 ὡς
659 2321 750 2386 τουτὶ
765 2319 929 2404 τοῦνομα,
948 2334 1046 2404 φαῖεν
1058 2313 1101 2383 ἀν

94 2421 128 2485 οἳ
144 2445 182 2503 γε
198 2424 261 2484 σοῦ
277 2424 404 2503 μᾶλλον
423 2415 463 2482 τὰ
487 2425 622 2483 τοιαῦτα
644 2419 780 2495 εἰδότες·
810 2415 892 2484 ὥστε
912 2421 1038 2483 θάττον
1058 2412 1101 2481 ἀν

92 2515 153 2583 τὸν
177 2514 331 2602 Ἐρεχθέα
357 2518 412 2583 καὶ
436 2513 497 2583 τόν
517 2520 673 2600 Κέκροπα
699 2522 814 2596 ξένους
834 2515 1024 2602 ἀποφήναις
1047 2519 1101 2582 καὶ

93 2617 259 2702 ἐπήλυδας
276 2623 344 2681 τῶν
357 2611 527 2700 Ἀθηνῶν,
551 2610 573 2700 ή
594 2613 656 2702 τήν
676 2613 856 2700 ἀποφράδα
878 2620 1014 2693 δείξειας
1039 2613 1101 2680 οὐκ

94 2720 220 2781 οἰκείαν
236 2716 289 2781 καὶ
305 2711 497 2799 αὐτόχθονα
511 2722 567 2799 της
582 2711 734 2799 Ἀττικῆς.
769 2719 817 2782 12.
836 2711 941 2781 πολλά
959 2715 1020 2798 μὲν
1036 2713 1099 2797 γάρ
1122 2733 1171 2789 ηρ

94 2809 217 2881 έστινά
232 2816 285 2880 καὶ
300 2812 395 2881 αάτολ
410 2809 493 2879 κατά
504 2811 608 2879 ταάτά
623 2829 692 2892 τοῖς
703 2823 805 2881 πᾶσιν
817 2812 1011 2894 ἀνθρώποις
1022 2809 1103 2877 ὀνο-

93 2914 273 3000 μάζουσιν,
299 2909 481 2997 ἀποφράδα
503 2915 538 2980 δὲ
561 2914 660 2998 μόνοι
682 2917 801 2980 ἐκείνοι
822 2912 882 2996 τὴν
902 2909 1026 2996 μιαράν
1048 2913 1101 2977 καὶ

93 3007 265 3093 ἀπευκτήν
277 3011 329 3075 καὶ
345 3009 502 3078 ἀπαίσιον
514 3014 566 3078 καὶ
579 3013 751 3094 ἄπρακτον
762 3015 817 3079 καὶ
828 3014 879 3078 σοὶ
891 3009 1010 3096 ὁμοίαν
1020 3008 1101 3096 ἡμέ-

93 3137 166 3191 ραν.
192 3111 284 3189 ίδού,
301 3111 497 3196 μεμάθηκας
511 3108 574 3195 ήδη
593 3108 676 3177 ὁδοῦ
692 3109 877 3196 πάρεργον.
900 3117 932 3176 τί
947 3111 1102 3194 βούλεται

91 3204 206 3284 αὐτοῖς
220 3204 241 3292 ἡ
257 3205 413 3291 ἀποφρὰς
428 3207 548 3293 ἡμέρα·
578 3207 659 3274 ὅταν
674 3211 753 3292 μήτε
775 3213 810 3274 αί
829 3207 922 3294 ἀρχαὶ
946 3213 1102 3292 χρηματί-

94 3317 170 3390 ζωσι
187 3305 267 3392 μήτε
281 3308 496 3391 εἰσαγώγιμοι
509 3311 545 3373 αί
558 3310 646 3372 δίκαι
660 3300 720 3372 εάσι
736 3307 815 3389 μήτε
827 3305 866 3371 τά
882 3305 954 3387 ίερά
969 3311 1104 3386 ἱερουρ-

94 3414 191 3492 γηται
211 3399 296 3488 μήθ’
315 3401 400 3482 ὅλως
414 3433 446 3471 τι
462 3412 529 3471 τῶν
546 3411 663 3471 αἰσίων
677 3412 823 3489 τεληται,
848 3403 931 3488 αὕτη
948 3401 1103 3489 ἀποφράς

95 3501 208 3583 ἡμέρα.
241 3509 289 3570 13.
306 3505 468 3587 ἐνομίσθη
481 3505 516 3570 δὲ
531 3511 629 3570 τοῦτο
645 3501 757 3580 ἀλλοις
772 3500 823 3568 ἐπ’
842 3501 955 3578 ἀλλοις
970 3509 1102 3577 αἰτίαις
