2625 4092
243 261 304 327 152
595 270 904 330 AOYKIANOT

242 432 468 512 πεπαίδευσαι,
480 425 553 506 άλις
565 447 618 496 σοι
628 435 685 514 τῆς
695 434 823 512 σοφίας,
839 431 946 515 μόνον
958 429 1063 498 οὔκαὶ
1076 429 1129 498 ἐπ’
1141 429 1245 511 άκρου

240 536 302 596 τοῦ
315 535 442 613 χείλους
457 533 537 613 ἔχεις
555 527 594 594 τά
609 527 733 598 παλαιά
748 528 875 614 πάντα,
893 537 1004 597 πᾶσαν
1020 529 1082 615 μὲν
1097 533 1246 612 ίστορίαν

240 625 357 713 οἶσθα,
376 625 482 704 πάσας
498 626 533 694 δὲ
547 628 659 712 λόγων
673 630 786 713 τέχνας
800 630 853 695 καὶ
868 628 972 713 κάλλη
988 625 1099 695 αὐτῶν
1114 629 1172 697 καὶ
1187 654 1245 696 κα-

240 731 312 802 κίας
327 725 381 791 καὶ
397 721 573 809 ὀνομάτων
587 733 705 810 χρῆσιν
730 734 796 793 τών
814 722 982 793 Ἀττικῶν·
1015 725 1197 809 πάνσοφόν
1218 752 1245 790 τι

239 830 346 908 χρῆμα
369 825 422 890 καὶ
445 819 551 904 άκρον
571 826 608 890 έυ
630 827 763 912 παιδείᾳ
783 827 959 908 γεγένησαι
977 822 1031 917 διὰ
1054 823 1090 892 τὸ
1115 831 1246 910 πλῆθος

239 927 307 988 τών
323 927 477 1008 βιβλίων·
507 923 629 990 κωλύει
645 921 710 1006 γάρ
730 919 830 990 οὐδὲν
843 920 929 1008 κάμέ
945 942 998 989 σοι
1014 925 1245 1008 ἐνδιατρίβειν,

240 1016 352 1105 ἐπειδὴ
369 1025 492 1104 χαίρεις
509 1020 766 1106 ἐξαπατώμενος.
790 1025 840 1088 27.
856 1019 961 1107 ἡδέως
978 1019 1011 1088 δ’
1027 1016 1071 1089 άυ
1085 1021 1141 1090 καὶ
1158 1023 1246 1105 ἐροί-

174 1133 221 1186 m
240 1143 308 1201 μηυ
318 1137 371 1201 σε,
388 1114 427 1184 τά
440 1124 583 1184 τοσαῦτα
593 1123 703 1204 βιβλία
716 1122 799 1202 έχων
810 1124 844 1186 τί
852 1118 992 1204 μάλιστα
1003 1117 1246 1207 ἀναγινώσκεις

240 1212 369 1294 αὐτῶυς
390 1212 429 1282 τά
444 1215 641 1295 Πλάτωνοςς
661 1212 700 1281 τά
714 1211 964 1298 Ἀντισθένουςς
985 1216 1025 1284 τά
1038 1216 1245 1304 Ἀρχιλόχους

240 1308 279 1379 τά
289 1310 530 1393 Ἱππώνακτοςς
550 1309 713 1398 ἢτούτων
727 1313 788 1398 μὲν
803 1312 1042 1401 ὑπερφρονεῖς,
1058 1319 1199 1405 βήτορες
1210 1318 1245 1383 δὲ

239 1409 380 1496 μάλιστά
395 1431 448 1478 σοι
464 1412 615 1495 [τούτων]
633 1413 687 1477 διά
698 1413 821 1497 χειρόςς
842 1420 913 1481 εἰπέ
926 1443 1000 1501 μοι,
1017 1419 1070 1484 καί
1082 1421 1245 1501 Αἰσχίνου

238 1507 299 1576 τὸν
320 1508 402 1576 κατὰ
429 1510 598 1596 Τιμάρχου
625 1511 727 1595 λόγον
748 1509 1002 1598 άναγιυώσκεις;
1029 1510 1051 1601 ἦ
1074 1515 1187 1581 ἐκεῖνά
1210 1537 1245 1597 γε

238 1607 346 1674 πάντα
358 1606 457 1675 οἶσθα
473 1610 527 1675 καὶ
541 1609 714 1693 γινώσκεις
729 1607 840 1677 αὐτῶν
855 1613 1013 1694 έκαστου;
1035 1610 1093 1679 τόυ
1105 1615 1141 1680 δὲ
1155 1609 1241 1694 Ἀρι-

238 1707 410 1793 στοφάυην
428 1709 482 1775 καὶ
502 1707 652 1775 Εὔπολιν
674 1705 897 1789 ὑποδέδυκας;
919 1708 1067 1796 ἀνέγνως
1089 1714 1144 1778 καὶ
1165 1709 1243 1786 τούς

237 1805 370 1882 Βάπτας
383 1803 420 1874 τό
443 1809 551 1892 δρᾶμα
573 1804 670 1886 ὅλους
693 1803 750 1872 εἶτ’
768 1805 869 1874 οὐδέν
888 1829 951 1874 σου
971 1805 1066 1876 τάκεῖ
1083 1815 1243 1875 καθίκετο
1296 1815 1297 1888 ἒ

239 1901 313 1970 οὐδ’
329 1900 538 1990 ἠρυθρίασας
554 1909 720 1989 γνωρίσας
736 1903 837 1987 αὐτάς
860 1915 956 1974 τοῦτο
972 1914 1057 1990 γοῦν
1075 1907 1130 1973 καὶ
1144 1907 1234 1991 μάλι-

238 2022 298 2068 στα
314 2001 522 2088 θαυμάσειεν
532 2000 574 2068 ἄν
585 2029 651 2084 τις,
667 2009 741 2068 τίνα
754 2004 833 2070 ποτὲ
844 2002 954 2089 ψυχὴν
970 2010 1054 2089 ἔχων
1068 2002 1165 2071 άπτει
1178 2011 1243 2070 τῶν

236 2107 391 2187 βιβλίων,
408 2098 536 2180 ὁποίαις
551 2099 635 2168 αὐτὰ
648 2103 760 2185 χερσὶν
772 2099 957 2181 ἀνελίττεις.
981 2103 1060 2170 πότε
1076 2102 1112 2170 δὲ
1125 2101 1242 2186 ἀναγι-

237 2197 393 2276 υώσκειςς
408 2194 487 2283 μεθ’
497 2194 641 2283 ἡμέρως
655 2193 727 2264 ἀλλ’
740 2195 849 2276 οὐδεὶς
859 2199 984 2280 ἑώρακε
993 2206 1091 2266 τοῦτο
1102 2205 1241 2265 ποιοῦν-

236 2324 285 2364 τα.
312 2293 395 2365 ἄλλά
410 2298 559 2379 νύκτωρ;
582 2297 723 2376 πότερον
741 2297 969 2381 έπιτεταμένος
986 2295 1050 2383 ἤδη
1066 2300 1206 2373 ἐκείνοις
1222 2291 1242 2379 ἧ

236 2396 301 2479 πρό
319 2403 386 2463 τών
400 2397 526 2481 λόγωυ;
548 2394 630 2463 άλλά
646 2392 729 2476 πρός
746 2394 875 2473 Κότυος
890 2397 1003 2482 μηκέτι
1018 2392 1062 2482 μὴ
1078 2395 1241 2484 τολμήσῃς
1295 2461 1296 2484 η

171 2507 218 2560 12³
237 2501 366 2562 τοιοῦτο
384 2497 498 2584 μηδέν.
526 2501 576 2562 28.
592 2492 675 2578 ἄφες
691 2494 726 2562 δὲ
744 2493 782 2560 τά
797 2501 907 2580 βιβλία
929 2497 982 2562 καί
1000 2496 1088 2580 μόυα
1102 2497 1241 2581 ἐργάζου
1295 2487 1296 2556 ζ

234 2591 274 2660 τά
290 2601 425 2660 σαυτοῦ.
448 2601 553 2660 καίτοι
564 2597 664 2680 ε’χρῆν
674 2596 789 2679 μηκέτι
804 2597 886 2680 μηδὲ
900 2597 1025 2678 ἐκεῖνα,
1044 2598 1240 2679 αἰδεσθῆναι

236 2693 272 2760 δὲ
289 2691 350 2778 τὴν
367 2698 427 2759 τοῦ
441 2688 628 2774 Εὐριπίδου
643 2697 795 2774 Φαίδραν
812 2695 865 2761 καὶ
883 2690 966 2774 ὑπὲρ
983 2699 1051 2759 τῶν
1067 2701 1239 2778 γυναικών
1295 2685 1296 2706 ³

235 2789 489 2875 ἀγανακτοῦσαν
504 2795 558 2859 καὶ
572 2795 748 2875 λέγουσαν,
1295 2791 1296 2794 '

361 2887 440 2956 οὐδὲ
457 2890 578 2957 σκότου
594 2899 773 2975 φρίσσουσι
789 2889 848 2958 τόυ
863 2890 1072 2976 συνεργάτην

360 2991 502 3072 τέρεμνά
518 2987 547 3054 τ’
564 2999 668 3058 οίκων
683 2991 727 3075 μή
742 3016 821 3057 ποτε
837 2989 994 3077 φθογγὴν
1010 2988 1089 3078 ἀφῇ.
1297 3055 1298 3058 ,

235 3091 265 3152 εί
281 3086 316 3152 δὲ
331 3087 464 3163 πάντως
481 3089 634 3173 ἐμμένειν
650 3096 690 3176 τῇ
713 3087 811 3177 ὁμοίᾳ
831 3092 921 3180 νόσω
943 3094 1153 3175 διέγνωσται,
1179 3100 1237 3174 ίθι,
1297 3141 1298 3184 3

235 3184 325 3251 ω’νοῦ
345 3184 405 3270 μὲν
423 3191 535 3272 βιβλία
551 3190 605 3253 καὶ
628 3199 714 3256 οίκοι
736 3197 949 3266 κατακλείσας
966 3195 1016 3273 ἔχε
1033 3191 1088 3255 καὶ
1106 3197 1236 3273 καρπον

233 3281 294 3367 τήν
306 3283 406 3362 δόξαν
418 3290 485 3348 τῶν
496 3284 681 3370 κτημάτων.
697 3286 814 3352 ίκανόν
827 3307 879 3353 σοι
891 3289 1063 3354 καὶτοῦτο.
1081 3290 1237 3376 προσάυη
1297 3301 1298 3314 ’

233 3383 268 3449 δὲ
291 3383 452 3467 μηδέποτε
473 3384 554 3469 μηδὲ
577 3383 732 3474 άναγνῷς
753 3387 835 3470 μηδὲ
854 3383 1027 3473 ὑπαγάγῃς
1047 3393 1088 3474 τῇ
1108 3387 1235 3474 γλώττη

232 3491 383 3549 παλαιῶν
397 3481 531 3561 ἀνδρῶν
547 3484 669 3564 λόγους
690 3486 742 3550 καὶ
764 3485 928 3570 ποιήματα
949 3485 1052 3567 μηδὲν
1069 3483 1186 3553 δεινόν
1203 3507 1235 3552 σε
