2625 4092
449 289 759 348 ΧΑΡΙΔΗΜΟΣ.
1043 283 1105 350 427

98 447 208 526 άλλως
225 449 402 535 συνήθεις,
430 452 464 515 οί
476 449 512 516 δὲ
532 447 637 531 λόγου
656 471 691 513 τε
713 445 797 527 ἄξιοι
811 445 849 514 τό
869 472 904 515 τε
919 447 1105 532 συμπόσιον

99 544 183 613 ὅλον
195 545 436 630 κεκοσμηκότες
451 547 505 613 καλ
520 546 664 622 κάλλους
679 545 822 631 ἐγκώμια
837 547 1028 624 διελθόντες
1043 551 1107 613 Φί-

100 653 170 710 λων
184 668 219 711 τε
234 636 277 730 ἦν
292 640 310 710 ὁ
326 650 466 711 Δεινίου
480 643 535 711 καλ
552 639 760 725 Ἀρίστιππος
776 639 794 709 ὁ
812 637 1036 728 Ἀγασθένους
1051 649 1106 708 καὶ

99 749 208 824 τρίτος
229 738 346 818 αότός·
373 742 613 828 συγκατέλεκτο
636 742 673 807 δὲ
689 737 770 825 ἡμῖν
789 741 843 808 καὶ
862 737 1066 826 Κλεάνυμος
1088 739 1105 810 ὁ

101 836 202 918 καλός
213 836 230 907 ό
242 847 302 907 τοῦ
312 836 549 923 Ἀνδροκλέους
559 834 776 924 ἀδελφιδοῦς,
792 839 965 925 μειράκιον
976 835 1108 906 ἁπαλόν

100 939 205 1005 τεκαὶ
222 942 469 1024 τεθραμμένον·
492 945 577 1004 νοῦν
590 940 702 1021 μέντοι
719 963 757 1022 γε
773 938 881 1005 ἐδόκει
897 942 999 1022 ἔχειν,
1015 937 1105 1004 πάνυ

97 1031 165 1120 γάρ
180 1037 365 1121 προθύμως
380 1035 523 1122 ἠκροᾶτο
538 1043 607 1102 τῶν
620 1035 739 1119 λόγων.
769 1043 898 1120 πρῶτος
910 1035 945 1102 δέ
960 1031 978 1103 ὁ
991 1040 1104 1103 Φίλων

98 1135 175 1217 περλ
189 1141 250 1201 τοῦ
264 1135 408 1212 κάλλους
422 1134 541 1220 ἤρξατο
563 1134 672 1219 λέγειν
688 1133 988 1219 προοιμιασάμενος
1006 1131 1103 1200 οὕτω.

185 1239 288 1301 ΕΡΜ.
310 1237 500 1319 Μηδαμῶς,
518 1224 543 1300 ό
559 1234 682 1318 ἑταῖρε,
698 1230 741 1319 μὴ
757 1235 837 1314 πρὶν
851 1239 919 1300 τῦν
935 1234 1105 1317 ἐγκωμίων

98 1331 193 1421 ἀρξη,
211 1333 291 1413 πρὶν
300 1330 345 1399 άν
355 1356 411 1417 μοι
425 1334 478 1398 καὶ
489 1328 551 1416 τὴν
565 1337 673 1399 αἰτίαν
684 1329 825 1420 ἀποδῷς,
842 1327 904 1415 ὑφ’
918 1322 957 1417 ἧς
969 1336 1014 1408 είς
1024 1330 1105 1398 τοῦ·

98 1454 179 1507 τους
194 1428 383 1514 προήχθητε
397 1426 476 1506 τοῦς
489 1427 619 1512 λόγους.

183 1534 280 1595 ΧΑΡ.
302 1532 387 1612 Είκη
404 1531 581 1612 διατρίβεις
596 1525 699 1612 ἡμᾶς,
722 1519 850 1611 ἀγαθέ,
875 1527 975 1593 πάλαι
999 1532 1104 1594 δυνα-

98 1628 222 1710 μένους
233 1620 293 1690 τόν
304 1621 435 1690 ἅπαντα
445 1620 1000 1710 λόγονδιελθόνταςάπαλλαγηναι.
1017 1620 1105 1709 πλὴν

98 1717 184 1788 ἀλλά
201 1727 234 1787 τί
251 1746 299 1797 τις
316 1715 359 1786 ἀν
378 1720 551 1805 χρήσαιτο,
576 1719 676 1788 ὁπότε
692 1727 788 1805 φίλος
809 1748 857 1799 τις
875 1717 922 1788 τόν
941 1722 1104 1806 βιάζοιτος

98 1816 230 1904 ἀνάγκη
246 1815 310 1903 γάρ
326 1815 532 1901 ὑφίστασθαι
545 1825 614 1883 πάν
626 1815 749 1886 ὁτιοῦν.
765 1825 801 1885 ὁ.
821 1817 864 1904 ἢν
881 1821 917 1885 δὲ
932 1823 1034 1903 ζητεῖς
1050 1825 1103 1885 αί·

97 1923 174 1983 τίαν
193 1923 261 1982 τῶν
277 1916 404 2000 λόγων,
426 1911 525 1992 αῦτός
540 1907 584 2000 ἦν
601 1917 803 2001 Κλεώνυμος
818 1915 836 1984 ὁ
855 1916 970 1994 κολάς’
992 1924 1102 2001 καθη-

99 2015 205 2098 μένου
224 2011 289 2098 γάρ
310 2010 415 2080 αὐτοῦ
432 2010 553 2098 μεταξῦ
570 2015 652 2097 ἐμοῦ
667 2040 702 2080 τε
724 2017 776 2080 καὶ
795 2010 1031 2096 Ἀνδροκλέους
1044 2021 1104 2079 τοῦ

99 2116 212 2192 θείου,
224 2108 330 2188 πολῦς
339 2113 464 2195 ἐγίνετο
476 2111 575 2194 λόγος
585 2125 652 2187 τοῖς
664 2112 808 2190 ίδιόταις
819 2115 893 2194 περὶ
903 2109 1008 2179 αὐτοῦ
1019 2108 1105 2177 ἀπο-

99 2210 263 2294 βλέπουσί
270 2233 304 2272 τε
317 2212 363 2285 είς
372 2205 476 2274 αὐτόν
486 2211 540 2274 καὶ
551 2205 916 2296 ὑπερεκπεπληγμένοις
924 2207 960 2275 τό
973 2210 1102 2286 κάλλος.

99 2303 219 2390 σχεδόν
235 2297 299 2372 οῦν
321 2304 458 2373 πάντων
478 2304 739 2392 ὀλιγωρήσαντες
755 2309 904 2394 κάθηντο
928 2308 1103 2388 διεξιόντες

99 2405 245 2490 ἐγκώμια
256 2412 317 2470 τοῦ
327 2411 509 2489 μειρακίου.
526 2403 729 2490 ἀγασθέντες
741 2407 775 2474 δὲ
786 2405 878 2492 ἡμεῖς
888 2414 956 2474 τῶν
969 2405 1103 2489 ἀνδρῶν

99 2501 161 2590 την
174 2510 372 2588 φιλοκαλίαν
394 2504 448 2572 καλ
464 2501 532 2587 ἅμα
549 2506 779 2582 ἐπαινέσαντες
793 2502 914 2583 αῦτοῦς
931 2503 1047 2590 ἀργίας
1069 2531 1104 2572 τε

99 2610 222 2688 πολλῆς
254 2601 338 2670 εἶναι
369 2601 594 2691 ὑπολαβόντες
623 2601 734 2687 λόγοις
767 2600 1006 2670 ἀπολείπεσθαι
1037 2611 1105 2671 των

100 2709 245 2773 ἰδιωτῶν
259 2704 334 2786 περὶ
355 2710 422 2769 τῶν
442 2709 642 2785 καλλίστων,
667 2692 694 2790 ᾦ
710 2700 803 2791 μόνφ
820 2701 949 2769 τούτων
963 2702 1103 2787 οἰόμεθα

100 2807 269 2887 προέχειν,
296 2804 359 2869 καλ.
374 2799 416 2888 δὴ
432 2799 604 2886 ἡπτόμεθα
628 2807 696 2867 τῶν
721 2803 794 2884 περὶ
819 2802 961 2882 κάλλους
981 2801 1101 2886 λόγων.
1122 2815 1171 2871 θθι

100 2907 215 2981 ἔδοξεν
230 2895 293 2969 οῦν
313 2900 393 2986 ἡμῖν
413 2897 476 2967 οῦκ
496 2896 653 2984 ὀνομαστὶ
674 2904 783 2985 λέγειν
804 2897 864 2967 τόν
884 2906 1023 2967 ἔπαινον
1042 2905 1104 2967 τοῦ

99 3001 216 3078 παιδός
231 3041 273 3052 -
288 2998 329 3065 οῦ
343 2997 407 3086 γάρ
424 2995 467 3065 όν
484 3004 571 3084 ἐχειν
586 3003 712 3081 καλῶς,
735 3001 889 3084 ἐμβαλεῖν
902 2996 967 3084 γάρ
985 2994 1028 3065 ἀν
1042 2995 1106 3063 αῦ-

98 3096 159 3166 τόν
175 3104 220 3176 είς
235 3105 337 3166 πλείω
345 3099 484 3184 τρυφήν
499 3139 539 3148 -
554 3094 626 3165 ἀλλ’
643 3093 722 3162 οῦδὲ
742 3095 809 3182 μὴν
826 3094 936 3178 όόσπερ
958 3098 1105 3173 ἐκείνους

99 3196 207 3276 οὕτως
220 3193 368 3274 ἀτάκτως
375 3249 384 3282 ,
406 3196 487 3279 ὅπερ
503 3200 639 3273 ἕκαστος
658 3196 766 3280 τύχοι,
790 3199 913 3280 λέγειν,
935 3193 1006 3262 ἀλλ’
1025 3195 1102 3262 ἕκα·

99 3317 180 3364 στου
196 3302 300 3364 εἰπεῖν
315 3299 382 3382 ίδίᾳ
399 3293 451 3362 όσ’
466 3293 509 3361 ἀν
523 3295 794 3380 ἀπομνημονεόοι
806 3295 880 3376 περὶ
894 3301 955 3360 τοῦ
966 3319 1101 3373 προκει-

99 3398 214 3482 μένου.
241 3403 274 3464 6..
288 3396 342 3461 καὶ
359 3393 399 3480 δὴ
415 3390 625 3479 ἀρξάμενοςὸ
638 3399 752 3464 Φίλων
763 3399 892 3476 πρῶτος
905 3389 1027 3460 οὑτωσὶ
1043 3390 1102 3458 τόν

99 3493 202 3578 λόγον
217 3496 374 3562 ἐποιεῖτο·
402 3490 457 3570 Ὡς
477 3497 544 3559 ἔστι
560 3491 690 3574 δεινόν,
715 3488 864 3561 εἰπόνθ’
883 3488 945 3557 όσα
960 3490 1104 3575 πράττο·
