2625 4092
144 245 148 256 ⁴
211 242 274 306 σοι
495 232 498 240 ’
565 250 871 310 Λονκικνον

211 432 266 490 μοι
287 411 471 492 χαλέπαινε.
501 404 589 492 πλήν
608 435 644 474 το
635 405 817 492 δεῖνα,”
798 436 879 494 ορα,
902 439 928 478 οι
916 404 1070 498 Λυσία,
1093 414 1143 500 μή
1158 442 1220 483 τινι

213 514 305 592 εἴπης
319 531 355 572 το
371 507 445 588 περι
460 531 518 590 της
535 533 646 590 κομης
753 560 755 565 -
855 560 858 565 -

689 766 737 829 13.

278 875 591 943 ΛΕΟΝΤΙΧΟΣ,
620 877 849 931 ΧΗΝΙΔΑΣ
873 881 958 932 ΚΑΙ
988 881 1164 935 mum.

298 1019 324 1078 1.
338 1017 464 1080 ΛΕΟΝ
468 1017 503 1077 Τ
523 1007 578 1077 Ἐν
589 1007 625 1077 δε
639 1018 680 1098 τῇ
695 1009 779 1091 πρὸς
791 1009 870 1090 τοῦς
879 1013 1028 1092 Γαλάτας
1039 1015 1129 1102 μάχη
1141 1020 1303 1143 εἰπέ,

212 1136 238 1175 ω
227 1101 436 1232 Χηνίδαᾎ
416 1132 506 1186 οπως
520 1109 582 1193 μὲν
597 1110 805 1194 προεξήλασα
820 1117 887 1176 τῦν
901 1109 1014 1181 άλλων
1028 1115 1187 1181 ίππέοιυ’
1169 1117 1221 1183 επὶ

211 1211 272 1274 τοῦ
286 1209 391 1273 ἵππου
408 1214 469 1273 τοῦ
486 1213 624 1281 λευκοῦ
643 1231 735 1285 οπως
749 1209 784 1273 δὲ
800 1211 834 1274 οί
845 1208 991 1307 Γαλάται
1005 1217 1111 1279 καίτοι
1126 1210 1220 1280 άλκι-

212 1332 268 1390 μοι
281 1303 373 1383 ὅντες
390 1311 527 1387 ἔτρεσαν
543 1301 648 1382 εῦδῦς
665 1302 709 1382 ὡς
727 1302 819 1371 εἶδόν
829 1329 870 1389 με
883 1301 938 1374 και
926 1303 1061 1387 οῦδελς
1075 1315 1123 1377 ἔτι
1138 1308 1220 1377 ὑπέ-

212 1426 282 1489 στη.
305 1404 378 1471 τότε
392 1410 508 1471 τοίνυν
524 1399 634 1488 έγάι
599 1429 661 1529 την
675 1402 738 1487 μὲν
752 1401 905 1488 λόγχην’
886 1414 1062 1485 ακοντίσας
1073 1410 1220 1524 διέπειρα
1304 1446 1305 1503 η

211 1500 272 1568 τὸν
282 1505 448 1586 ἵππαρχον
460 1498 572 1567 αὐτῶν
583 1503 637 1567 και
649 1498 709 1567 τδν
719 1503 841 1586 ἵππον,
858 1505 911 1570 ἐπὶ
921 1500 1002 1572 δὲ
968 1532 1005 1570 το
1019 1508 1220 1592 συνεστηκὸς
1304 1506 1305 1573 J

211 1605 258 1668 ἔτι
273 1598 440 1666 αὐτῶν·
458 1591 544 1685 ήσαν
560 1600 624 1685 γάρ
639 1624 727 1677 τινες
741 1606 807 1666 οἳ
788 1625 908 1686 εμενον
928 1604 1193 1724 διαλύσαντες
1156 1631 1220 1690 μευ

212 1697 274 1784 τήν
286 1699 452 1786 φάλαγγα,
468 1701 501 1778 ἐς
511 1693 665 1766 πλαίσιον
677 1696 712 1765 δὲ
723 1699 971 1792 συναγαγόντες
982 1699 1155 1780 αὑτοῦς-
1168 1705 1219 1769 έπι

212 1797 352 1876 τούτους
368 1798 431 1885 έγά
447 1799 659 1883 σπασάμενος
677 1794 738 1882 τήν
754 1797 935 1883 σπάθην
913 1824 1036 1865 απαντι
1054 1807 1099 1888 τῷ
1118 1807 1219 1888 θυμῷ
1305 1838 1306 1865 ι

213 1895 373 1974 ἐπελάσας
384 1893 558 1978 άνατρέπισ
572 1897 633 1980 μὲν
650 1895 732 1962 ὅσον
750 1894 829 1963 ἑπτά
847 1894 925 1973 τοῦς
937 1895 1220 1978 προεστῶταςαῦ-

212 2003 280 2062 νῦν
296 2002 336 2082 τῇ
352 1996 476 2080 ἐμβολῇ
490 2001 551 2062 τοῦ
565 1997 688 2061 ἵππου·
710 2002 756 2084 τῷ
771 1997 858 2079 ξίφει
873 1996 909 2061 δὲ
924 1994 1133 2080 κατενεγκών
1150 1998 1220 2062 διέ-

143 2111 194 2167 δ16
213 2120 313 2179 τεμον
329 2101 396 2159 τῶν
413 2096 595 2179 λοχαγῶν
578 2091 652 2172 ενὸς
667 2098 700 2172 ἐς
713 2093 775 2160 δυο
791 2091 853 2178 τήν
869 2091 1019 2179 κεφαλήν
1034 2093 1125 2181 αὐτῷ
1137 2095 1221 2176 κρά-
1306 2092 1307 2097 ’

212 2217 272 2259 νει.
296 2189 388 2276 ὑμεῖς
405 2192 458 2277 δέ,
476 2219 501 2258 υ
490 2184 659 2277 Χηνίδα,
675 2218 734 2287 μετ
738 2189 908 2276 ’ὀλίγον’
891 2195 1046 2278 επέστητε
1060 2191 1122 2308 ήδη
1135 2217 1222 2276 φευ-

211 2290 352 2374 γόντων

296 2397 324 2458 2
344 2397 453 2459 XHN.
468 2389 542 2458 Οτε
556 2417 638 2477 γαρ,
657 2417 682 2456 οι
671 2383 872 2475 Λεόντιχε,
891 2394 965 2471 περι
980 2399 1223 2476 Παφλαγουιαν

213 2491 518 2592 ἐμονομάχησας
472 2516 517 2555 τω
531 2489 693 2575 σατράπῃ,
708 2514 750 2554 ου
739 2485 887 2575 ’μεγάλα
899 2491 1054 2567 ἐπεδειςω
1064 2491 1119 2556 και
1130 2489 1223 2571 τάτε;

294 2595 421 2658 ΛΕΟΝ
424 2595 458 2656 Τ
468 2586 620 2708 Χαλρις
601 2593 794 2708 οπέμνησας
804 2584 866 2654 οῦκ
876 2585 958 2672 άγεν
960 2594 1041 2667 νοῦς
1050 2581 1126 2653 οὐδ’
1137 2590 1224 2655 ἐκεί-

213 2714 273 2772 νης
284 2715 341 2806 της
352 2686 557 2770 πράξεως·
541 2685 634 2804 οχάρ
647 2687 815 2771 σατράπης
826 2689 977 2802 μεγισιος
990 2684 1054 2769 οἶν,
1070 2682 1225 2771 ὁπλομά-

212 2811 281 2871 χισν
291 2783 424 2866 άριστος
436 2784 587 2854 δοκῶν
558 2811 658 2868 ειυαι,
676 2786 932 2871 καταφρονήσας
943 2791 1004 2850 τοῦ
1013 2780 1225 2868 Ἑλληνικοῦ,

213 2886 428 2970 προπηδήσας
444 2887 476 2963 ἐς
491 2880 528 2951 τδ
543 2886 646 2969 μέσον
662 2881 880 2965 προύκαλεῖτο
898 2891 931 2950 εί
944 2910 992 2960 τις
1008 2884 1120 2950 ἐθέλοι
1132 2878 1226 2970 αὐτῷ

213 2988 450 3067 μονομαχῆσαι.
475 2987 509 3051 οί
520 2983 582 3068 μὲν
593 2975 658 3049 οῦν
669 2981 764 3049 άλλοι
775 2981 1065 3066 κατεπεπλήγεσαν
1081 2984 1115 3047 οί
1124 2991 1227 3064 λοχα-

213 3081 266 3167 γοὶ
281 3081 335 3147 καὶ
347 3085 380 3146 οί
388 3085 552 3166 ταξίαρχοι
569 3083 622 3150 καλ
635 3077 652 3146 ὁ
668 3076 802 3168 ήγεμάν
814 3076 914 3156 αὐτὸς
925 3084 1032 3146 καίτοι
1046 3077 1108 3145 οῦκ
1120 3075 1227 3164 άγευ-

213 3177 273 3265 νής
286 3169 466 3262 άνθρωπος
478 3177 542 3246 άίν·
561 3175 787 3265 Ἀρίσταιχμος
804 3177 868 3264 γάρ
882 3176 978 3266 ήμῶν
994 3175 1227 3265 ήγεῖτοΛίτω-

213 3275 269 3356 λός
281 3274 473 3364 ἀκοντιστής
483 3275 625 3361 άριστος,
639 3282 704 3364 ε’γιο
684 3277 751 3345 δὲ
763 3281 971 3363 ἐχιλιάρχουν
983 3283 1040 3347 ἔτι.
1056 3283 1227 3365 τολμήσας

214 3376 282 3443 δ”
263 3403 352 3462 ομως
368 3380 422 3443 καὶ
436 3374 514 3453 τοῦς
532 3378 682 3471 ἑταίρους
696 3375 1060 3463 ἐπιλαμβανομένους’
1040 3377 1227 3445 αποσεισά-

213 3500 323 3560 μενος
342 3472 600 3541 ἐδεδοικεσαν
560 3501 625 3560 γαρ
636 3501 719 3556 οπερ
732 3501 814 3558 εμου
825 3501 967 3555 ορωντες
978 3473 1227 3561 αποστιλβοντα
