2625 4092
222 267 285 331 346
579 267 882 329 AOYKIANOY

222 455 275 496 ται
288 429 341 496 καὶ
356 427 478 508 πάντες
494 425 585 509 ὕδωρ
603 428 762 512 φέρουσι,
782 420 819 492 τύ
837 434 950 508 πρῶτα
964 426 1027 510 μὲν
1043 427 1080 492 έν
1095 432 1141 513 τῷ
1160 430 1226 513 νηῷ

224 527 389 610 ἐκχέουσι,
411 521 492 611 μετά
508 524 544 592 δέ
565 525 598 602 ές
618 519 655 590 τδ
675 522 783 609 χύσμα
801 523 1082 609 κατέρχεται,·καί
1103 524 1227 589 δέκεται

224 619 259 688 τί
272 621 380 706 χάσμα
392 619 510 705 μικρὸν
524 616 581 687 έδν
593 616 714 695 ύδατος
724 626 832 704 χρῆμα
844 619 980 686 πολλόν.
996 616 1037 685 τᾶ
1049 617 1086 685 δὲ
1097 620 1229 685 ποιέον-

224 748 275 800 τες
293 727 511 789 Δευκαλίωνα
530 722 566 787 έν
583 725 627 808 τῷ
646 722 707 807 ἰρηί
723 717 820 785 τόνδε
836 716 942 803 νόμον
956 720 1081 786 θέσθαι
1097 717 1229 802 λέγουσι

224 825 400 905 συμφορῆς
420 844 454 885 τε
477 820 531 886 καὶ
549 814 738 901 εὐεργεσίης
753 822 865 903 μνῆμα
882 822 1028 900 ἔμμεναι.
1060 810 1079 882 ὁ
1101 813 1164 899 μὲν
1184 804 1230 878 ύν

213 913 358 1001 Ιεἰρχαλος
369 911 497 981 αύτοῖσι
507 914 605 999 λόγος
617 911 701 995 ἀμφὶ
713 918 773 977 τοῦ
785 915 862 993 ἰρού
871 911 1003 979 τοιόσδε
1013 913 1091 978 ε’στί.
1110 914 1160 977 14.
1172 907 1231 975 ἄλ-

224 1023 275 1083 λοι
298 1015 333 1080 δὲ
350 1018 537 1097 Σεμίραμιν
556 1009 618 1096 την
634 1018 870 1096 Βαβυλωνίην,
893 1015 951 1095 τῆς
967 1006 1007 1092 δη
1025 1005 1133 1075 πολλὰ
1153 1012 1230 1091 ἔργα

153 1126 206 1181 460
225 1114 263 1180 έν
276 1117 315 1197 τῇ
333 1107 422 1197 Ἀσίη
440 1112 523 1186 έστί,
544 1105 670 1191 ταύτην
685 1109 738 1173 καί
753 1107 829 1174 τόδε
850 1102 887 1173 τδ
905 1107 979 1183 ἕδος
1000 1109 1158 1172 εἵσασθαι
1173 1128 1231 1170 νο-

224 1213 390 1294 μίζουσιν,
408 1204 470 1273 οὐκ
477 1202 563 1291 ’Ἡρη
574 1203 609 1271 δέ
624 1207 796 1286 εἵσασθαι,
813 1200 897 1271 ἀλλὰ
912 1205 1008 1288 μητρί
1021 1204 1164 1288 ἑωυτῆς,
1176 1208 1232 1285 τῆς

224 1302 378 1388 Δερκετιὸ
395 1301 532 1387 οὕνομα.
562 1308 750 1384 Δερκετοῦς
770 1301 806 1367 δέ
822 1298 908 1378 εἰδος
924 1303 961 1368 ἐν
976 1307 1118 1387 Φοινίκῃ
1134 1302 1233 1384 ἐθεη-

225 1402 350 1486 σάμην,
367 1403 476 1486 θέημα
491 1402 602 1479 ξένον·
624 1396 743 1484 ἡμισέη
757 1400 820 1485 μὲν
833 1399 937 1485 γυνή,
953 1397 990 1465 τὸ
1010 1401 1045 1464 δὲ
1058 1396 1187 1466 ὁκόσον
1198 1400 1233 1463 ἐκ

223 1504 340 1585 μηρῶν
355 1500 387 1575 ές
402 1494 526 1579 αἰάρους
547 1493 652 1574 πόδας
673 1495 789 1580 ἰχθύος
808 1493 893 1581 ούρη
909 1492 1127 1563 ἀποτείνεται.
1160 1491 1233 1580 ἡδὲ

225 1600 261 1665 έν
282 1602 321 1681 τῇ
339 1600 395 1683 ίρῇ
414 1596 493 1662 πόλι
512 1602 602 1661 πᾶσα
623 1596 719 1681 γυνη
733 1597 810 1662 ἐστι.
844 1602 967 1673 πίστιες
990 1596 1025 1661 δὲ
1046 1602 1107 1661 τοῦ
1128 1592 1234 1679 λόγου

224 1690 353 1761 αὐτοῖσι
371 1693 476 1774 κύρτα
498 1696 674 1778 ἐμφανέες·
703 1692 824 1778 ἰχθύας
839 1700 948 1778 χρῆμα
968 1693 1044 1775 ίρὸν
1060 1698 1234 1777 νομιζουσι

225 1794 280 1860 καί
297 1789 413 1857 οὔκοτε
434 1791 564 1877 ἰχθύων
580 1791 746 1874 ψαύουσι,
767 1793 822 1859 καί
838 1789 979 1874 ὄρνιθας
993 1788 1070 1867 τούς
1091 1790 1156 1876 μέν
1174 1787 1235 1855 ἆλ-

226 1898 304 1967 λους
316 1892 488 1973 σιτέονται,
506 1886 704 1975 περιστερὴν
716 1890 751 1957 δὲ
763 1888 895 1975 μούνην
904 1886 946 1955 ού
957 1889 1132 1971 σιτέονται,
1149 1883 1233 1953 ἀλλὰ

225 1994 341 2073 σφίσιν
353 1983 412 2071 ἥδε
423 1987 486 2072 ἰρη.
504 1984 544 2054 τίι
557 1986 592 2054 δέ
604 1988 785 2073 γιγνόμενα
796 1990 904 2055 δοκέει
916 1984 1044 2053 αύτοίσι
1055 1987 1235 2053 ποιέεσθαι

224 2091 412 2167 Δερκετοῦς
424 2086 478 2153 καὶ
490 2087 694 2172 Σεμιράμιος
710 2090 836 2172 εἵνεκα,
858 2084 894 2155 τδ
911 2089 989 2173 μέν,
1007 2083 1059 2153 ὅτι
1074 2083 1236 2167 Δερκετὼ

225 2178 360 2268 μορφὴν
375 2183 492 2267 ἰχθύος
509 2189 590 2269 ἔχει,
612 2182 649 2251 τὸ
666 2188 718 2268 δέ,
741 2182 792 2252 ὅτι
811 2183 848 2252 τδ
861 2184 1066 2269 Σεμιράμιος
1085 2184 1184 2260 τέλος
1204 2184 1236 2258 ἐς

226 2278 422 2367 περιστερὴν
439 2278 582 2349 ἀπίκετο.
606 2279 681 2350 ἀλλ’
697 2283 761 2368 έγεὸ
772 2279 831 2349 τδν
844 2287 907 2371 μὲν
923 2280 1007 2368 νηὸν
1017 2280 1069 2349 ὅτι
1080 2289 1236 2367 Σεμιρα-

224 2406 296 2465 μιος
307 2385 406 2464 ἔργον
418 2382 499 2462 έστί,
515 2378 596 2464 τύχα
612 2405 676 2447 κου
688 2383 835 2466 δέξομαι·
856 2388 1046 2464 Δερκετοῦς
1059 2384 1095 2449 δέ
1104 2378 1144 2446 τύ
1156 2381 1236 2464 έρόν

156 2498 202 2553 461
226 2484 362 2563 ἔμμεναι
389 2476 518 2562 οὐδαμοὶ
542 2486 718 2564 πείθομαι,
750 2484 819 2549 έπεί
843 2483 898 2550 καί
925 2478 1005 2562 παρ’
1036 2486 1236 2566 Αἰγυπτίων

225 2580 364 2645 ἐνίοισιν
379 2578 499 2661 ἰχθύας
513 2573 556 2643 ού
573 2582 753 2661 σιτέονται,
774 2585 828 2649 καὶ
843 2579 923 2648 τύδε
938 2578 980 2648 ού
994 2590 1162 2661 Δερκετοῖ
1173 2606 1235 2665 χα-

225 2680 376 2757 ρίζονται.
409 2681 458 2745 15.
475 2679 542 2742 ἔστι
558 2676 592 2743 δέ
607 2678 662 2745 καὶ
675 2675 774 2757 ἄλλος
790 2679 888 2766 λόγος
903 2679 991 2763 ἰρός,
1014 2675 1073 2746 τδν
1087 2676 1156 2762 ἐγώ
1173 2701 1234 2745 σο-

226 2782 294 2859 φοῦ
308 2769 432 2855 ἀνδρὸς
447 2772 591 2859 ἥκουσα,
608 2774 661 2844 ὅτι
675 2774 695 2863 ἡ
710 2780 772 2862 μέν
785 2776 849 2863 θεὴ
861 2775 931 2863 Ῥέη
944 2781 1028 2863 έστί,
1045 2773 1082 2843 τύ
1101 2774 1139 2842 δὲ
1157 2775 1234 2859 ίρόν
1292 2819 1293 2826 1

227 2869 348 2939 ’Ἄττεω
363 2878 497 2959 ποίημα.
521 2870 638 2960 Ἀττης
655 2874 691 2941 δὲ
707 2878 803 2960 γένος
818 2876 880 2960 μὲν
894 2873 1007 2953 Δνδδς
1021 2866 1081 2962 ἦν,
1098 2884 1232 2955 πρῶτος

225 2972 261 3039 δὲ
282 2969 321 3038 τὰ
343 2969 440 3056 ὄργια
462 2969 501 3039 τὰ
523 2974 556 3049 ές
573 2968 661 3058 Ῥέην
681 2975 860 3053 ἐδιδάξατο.
893 2978 948 3041 καὶ
963 2971 1004 3040 τοὶ
1025 2972 1162 3058 Φρύγες
1179 2976 1233 3042 καί

229 3070 329 3135 Λυδοὶ
345 3069 398 3137 καί
409 3071 632 3159 Σαμόθρᾳκες
644 3075 883 3157 ἐπιτελέουσιν,
892 3071 1015 3139 Ἀττεω
1027 3072 1137 3139 πάντα
1149 3077 1233 3160 δμα-

225 3178 307 3235 θον·
338 3166 380 3245 ὡς
395 3170 460 3254 γάρ
477 3196 535 3254 μιν
549 3168 569 3256 ἡ
583 3168 648 3256 Ῥέη
665 3178 772 3257 ἔτεμε,
796 3178 873 3258 βίον
890 3173 952 3256 μὲν
966 3169 1129 3256 ἀνδρηίου
1146 3170 1233 3241 ἄπε-

225 3267 391 3351 παύσατο,
415 3266 551 3354 μορφὴν
568 3270 604 3336 δὲ
624 3274 752 3356 θηλέην
770 3266 931 3356 ἠμείψατο
952 3272 1007 3337 καί
1026 3272 1155 3355 ἐσθῆτα
1168 3297 1233 3357 γυ-

225 3369 378 3450 ναικηίην
394 3367 572 3434 ἐνεδύσατο
592 3370 645 3436 καί
666 3370 699 3446 ές
715 3376 828 3437 πᾶσαν
840 3374 905 3455 γῆν
922 3371 1064 3452 φοιτέων
1078 3365 1183 3455 ὄργιά
1197 3395 1232 3438 τε

224 3469 369 3531 ἐπετέλεε
392 3468 446 3531 καί
467 3464 506 3531 τὰ
529 3470 656 3534 ἔπαθεν
676 3465 836 3553 ἀπηγέετο
853 3471 906 3534 καί
922 3464 1015 3551 Ῥέην
1034 3465 1160 3555 ἤειδεν.
1195 3473 1233 3537 έν
