2625 4092
205 258 246 320 10
559 263 865 322 AOYKIANOY

288 429 389 489 ΑΛΛ.
406 421 528 508 Ἕπον,
545 426 659 509 μιαρέ,
677 419 760 505 πρὸς
778 421 814 489 τὸ
830 424 1052 510 δικαστήριον.

288 528 388 588 ΑΛΛ.
413 518 472 607 Μή
489 519 567 605 ἀγχε
585 547 634 606 με.

286 623 378 686 ΔΙΚ.
402 615 511 684 Οἶσθα
529 615 549 683 ὃ
571 619 757 703 δράσομεν,
779 611 937 703 ύἙρμή;
959 645 1017 696 τας
1034 623 1095 704 μὲν
1116 617 1219 698 ἀλλας

202 717 297 793 δίκας
311 717 343 792 ές
358 712 420 802 τήν
435 713 556 798 αύριον
571 714 858 803 ὑπερβαλοίμεθα,
874 718 1019 802 τήμερον
1037 720 1071 784 δὲ
1084 725 1221 801 κληρω-

202 839 264 898 μεν
278 811 336 891 τάς
355 815 526 900 τοιαύτας,
550 812 672 883 ὁπόσαι
689 818 818 900 τέχναις
837 811 860 900 ή
881 823 966 902 βίοις
983 812 1005 900 ή
1024 817 1220 902 ἐπιστήμαις

203 909 286 995 πρδς
300 910 428 997 ἀνδρας
444 913 527 980 είσλν
541 915 791 999 ἐπηγγελμέναι.
816 920 874 978 καί
886 939 941 997 μοι
955 915 1077 991 ταύτας
1092 913 1219 991 ἀνάδος

203 1017 272 1076 τῶν
287 1018 437 1096 γραφῶν.

288 1129 391 1191 ΕΡΜ.
413 1125 516 1209 Μέθη
532 1122 614 1190 κατὰ
631 1131 690 1209 της
703 1121 900 1208 Ἀκαδημίας
916 1121 1000 1205 ὑπὲρ
1015 1125 1218 1208 Πολέμωνος

202 1220 487 1313 ἀνδραποδισμοῦ.

287 1327 343 1388 ΔΙ
344 1327 379 1387 Κ.
397 1317 495 1388 Ἑπτά
509 1321 694 1410 κλήρωσον.

287 1441 391 1502 ΕΡΜ.
416 1433 462 1502 Ἡ
471 1431 563 1502 Στοά
584 1431 668 1501 κατὰ
688 1441 746 1519 της
763 1431 903 1520 Ἡδονῆς
917 1429 1061 1517 ἀδικίας,
1089 1429 1139 1498 ὅτι
1157 1429 1218 1498 τὸν
1301 1442 1303 1483 ἲ

203 1530 345 1618 ἐραστήν
364 1530 465 1618 αὐτῆς
479 1532 667 1601 Διονύσιον
682 1530 942 1619 ἀπεβουκόλησε.
1301 1530 1302 1549 ³

288 1638 380 1698 AIK.
404 1635 509 1699 Πέντε
523 1636 641 1700 ίκανοί.
949 1681 951 1683 »

288 1737 392 1797 ΕΡΜ.
414 1733 499 1815 Περὶ
514 1731 726 1814 Ἀριστίππου
744 1728 862 1815 Τρυφή
881 1726 964 1811 πρὸς
977 1727 1122 1814 Ἀρετήν.

287 1835 380 1896 ΔΙΚ.
405 1833 510 1897 Πέντε
524 1832 579 1897 καὶ
592 1829 723 1905 τούτοις
739 1828 979 1894 δικασάτωσαν.

289 1933 391 1993 ΕΡΜ.
415 1925 694 2014 Ἀργυραμοιβική
710 1930 865 2010 δρασμοῦ.
878 1927 1043 2010 Διογένει.

289 2030 381 2091 ΔΙΚ.
409 2031 503 2109 Τρεῖς
519 2022 715 2111 ἀποκλήρου
730 2024 865 2109 μόνους.

287 2131 391 2192 ΕΡΜ.
415 2123 567 2209 Γραφική
585 2121 668 2191 κατά
683 2123 870 2208 Πύρρωνος
884 2126 1101 2200 λειποταξίου.

287 2229 380 2290 ΔΙΚ.
402 2219 514 2289 Ἐννέα
529 2224 749 2306 κρινέτωσαν.

289 2319 336 2403 14.
355 2342 459 2402 EPM.
475 2337 596 2404 Βούλει
611 2339 666 2405 καὶ
676 2337 798 2414 ταύτας
809 2333 1061 2420 ἀποκληρῶμεν,
1078 2327 1218 2420 ύΔίκη,

203 2431 260 2510 τάς
275 2434 353 2519 δύο,
369 2431 427 2512 τάς
442 2434 559 2524 πρῴην
576 2433 848 2522 ἀπενηνεγμένας
862 2432 1022 2502 κατάτοῦ
1038 2433 1197 2519 ῥήτορος;

287 2555 379 2616 ΔΙΚ.
408 2545 474 2625 Τάς
487 2547 629 2626 παλαιάς
640 2550 806 2634 πρότερον
819 2551 1046 2632 διανύσωμεν
1070 2537 1168 2613 αὗται
1182 2550 1219 2613 δὲ

204 2651 237 2726 ές
250 2645 393 2731 ὕστερον
411 2647 650 2716 δεδικάσονται.

289 2769 393 2830 ΕΡΜ.
417 2763 481 2828 Καὶ
494 2758 561 2847 μήν
578 2760 694 2846 ὅμοιαί
705 2787 743 2847 γε
759 2763 814 2827 καὶ
829 2753 927 2827 αὗται
941 2762 996 2827 καί
1006 2758 1042 2826 τὸ
1058 2765 1218 2846 ἔγκλημα.

204 2866 234 2928 εί
254 2863 308 2927 καὶ
325 2859 369 2945 μή
391 2860 553 2944 παλαιόν,
578 2857 662 2927 ἀλλά
684 2859 917 2943 παραπλήσιον
939 2873 1007 2936 τοῖς
1027 2882 1220 2940 προαποκε-

203 2963 442 3043 κληρωμένοις·
467 2955 550 3023 ὥστε
565 2958 602 3023 έν
617 2958 748 3034 τούτοις
766 2961 968 3042 δικασθῆναι
985 2955 1087 3037 ἀξιον.

288 3078 380 3139 ΔΙΚ.
389 3070 531 3152 Ἔοικας,
543 3062 692 3156 οἷἙρμή,
702 3073 904 3160 χαριζομένῳ
912 3069 975 3157 τήν
986 3075 1115 3156 δέησιν·
1131 3069 1219 3136 ἀπο-

204 3177 379 3255 κληρῶμεν
399 3169 435 3236 δὲ
455 3167 561 3253 ὅμως,
588 3174 618 3237 εί
628 3172 732 3255 δοκεῖ,
755 3168 844 3255 πλήν
859 3167 942 3237 ἀλλά
957 3171 1079 3247 ταύτας
1093 3171 1217 3255 μόνας·

203 3271 315 3336 ίκαναὶ
329 3267 394 3355 μάρ
410 3273 445 3334 αι’
458 3266 782 3353 ἀποκεκληρωμέναι.
806 3267 865 3346 δὸς
879 3267 936 3346 τάς
952 3270 1093 3357 μραφάς.

289 3389 393 3450 ΕΡΜ.
411 3379 581 3468 Ῥητορική
597 3381 773 3459 κακώσεως
786 3390 831 3471 τῷ
844 3382 964 3470 Σύρῳ·
987 3380 1155 3465 Διάλογος
1171 3389 1216 3470 τῷ

204 3477 295 3570 αύτῷ
310 3479 447 3568 ὕβρεως.
