<?xml version="1.0" encoding="UTF-8"?>
<!DOCTYPE html PUBLIC "-//W3C//DTD XHTML 1.0 Transitional//EN"
    "http://www.w3.org/TR/xhtml1/DTD/xhtml1-transitional.dtd">
<html xmlns="http://www.w3.org/1999/xhtml" xml:lang="en" lang="en">
 <head>
  <title>
</title>
<meta http-equiv="Content-Type" content="text/html;charset=utf-8" />
  <meta name='ocr-system' content='tesseract 3.04.00' />
  <meta name='ocr-capabilities' content='ocr_page ocr_carea ocr_par ocr_line ocrx_word'/>
</head>
<body>
  <div class='ocr_page' id='page_1' title='image "./lucianisamosate04jacogoog_0249.png"; bbox 0 0 2625 4092; ppageno 0'>
   <div class='ocr_carea' id='block_1_1' title="bbox 432 255 1085 354">
    <p class='ocr_par' dir='ltr' id='par_1_1' title="bbox 432 255 1085 354">
     <span class='ocr_line' id='line_1_1' title="bbox 432 255 1085 354; baseline 0.012 -9"><span class='ocrx_word' id='word_1_1' title='bbox 432 255 730 350; x_wconf 74' lang='grc' dir='ltr'><strong><em>πλαεοαεοι.</em></strong></span> <span class='ocrx_word' id='word_1_2' title='bbox 1024 294 1085 354; x_wconf 81' lang='lat'><strong><em>193</em></strong></span> 
     </span>
    </p>
   </div>
   <div class='ocr_carea' id='block_1_2' title="bbox 72 445 1085 631">
    <p class='ocr_par' dir='ltr' id='par_1_2' title="bbox 72 445 1085 631">
     <span class='ocr_line' id='line_1_2' title="bbox 73 445 1085 540; baseline 0.009 -28"><span class='ocrx_word' id='word_1_3' title='bbox 73 453 187 521; x_wconf 87' lang='grc' dir='ltr'><strong><em>φιλεῖν</em></strong></span> <span class='ocrx_word' id='word_1_4' title='bbox 202 454 255 514; x_wconf 86' lang='grc' dir='ltr'><strong><em>και</em></strong></span> <span class='ocrx_word' id='word_1_5' title='bbox 270 448 331 514; x_wconf 86' lang='grc' dir='ltr'><strong><em>τὸν</em></strong></span> <span class='ocrx_word' id='word_1_6' title='bbox 346 450 384 516; x_wconf 83' lang='grc' dir='ltr'><strong><em>ἐν</em></strong></span> <span class='ocrx_word' id='word_1_7' title='bbox 398 446 488 538; x_wconf 76' lang='grc' dir='ltr'><strong><em>αὐτῷ</em></strong></span> <span class='ocrx_word' id='word_1_8' title='bbox 502 452 658 533; x_wconf 83' lang='grc' dir='ltr'><strong><em>λέγοντα,</em></strong></span> <span class='ocrx_word' id='word_1_9' title='bbox 681 447 770 528; x_wconf 87' lang='grc' dir='ltr'><strong><em>ὅστις</em></strong></span> <span class='ocrx_word' id='word_1_10' title='bbox 785 446 829 518; x_wconf 76' lang='grc' dir='ltr'><strong><em>ἂν</em></strong></span> <span class='ocrx_word' id='word_1_11' title='bbox 842 445 881 539; x_wconf 72' lang='grc' dir='ltr'><strong><em>ᾗ,</em></strong></span> <span class='ocrx_word' id='word_1_12' title='bbox 899 460 1085 540; x_wconf 74' lang='grc' dir='ltr'><strong><em>βουλοίμην</em></strong></span> 
     </span>
     <span class='ocr_line' id='line_1_3' title="bbox 72 537 332 631; baseline 0.012 -24"><span class='ocrx_word' id='word_1_13' title='bbox 72 537 117 608; x_wconf 82' lang='grc' dir='ltr'><strong><em>άν</em></strong></span> <span class='ocrx_word' id='word_1_14' title='bbox 134 543 332 631; x_wconf 77' lang='grc' dir='ltr'><strong><em>εὐδοκιμεῖν.</em></strong></span> 
     </span>
    </p>
   </div>
   <div class='ocr_carea' id='block_1_3' title="bbox 477 714 683 726">
    <p class='ocr_par' dir='ltr' id='par_1_3' title="bbox 477 714 683 726">
     <span class='ocr_line' id='line_1_4' title="bbox 477 714 683 726; baseline 0 -2"><span class='ocrx_word' id='word_1_15' title='bbox 477 714 683 726; x_wconf 66' lang='grc' dir='ltr'><strong><em>-υ-ι--α-</em></strong></span> 
     </span>
    </p>
   </div>
   <div class='ocr_carea' id='block_1_4' title="bbox 363 893 787 961">
    <p class='ocr_par' dir='ltr' id='par_1_4' title="bbox 363 893 787 961">
     <span class='ocr_line' id='line_1_5' title="bbox 363 893 787 961; baseline -0.002 -2"><span class='ocrx_word' id='word_1_16' title='bbox 363 893 787 961; x_wconf 84' lang='grc' dir='ltr'><em>ΜΑΚΡΟΒΙΟΙ.</em></span> 
     </span>
    </p>
   </div>
   <div class='ocr_carea' id='block_1_5' title="bbox 63 1047 1152 3654">
    <p class='ocr_par' dir='ltr' id='par_1_5' title="bbox 63 1047 1152 3648">
     <span class='ocr_line' id='line_1_6' title="bbox 160 1047 1084 1140; baseline 0.009 -25"><span class='ocrx_word' id='word_1_17' title='bbox 160 1053 188 1114; x_wconf 90' lang='lat' dir='ltr'><strong><em>l.</em></strong></span> <span class='ocrx_word' id='word_1_18' title='bbox 211 1047 316 1134; x_wconf 82' lang='grc' dir='ltr'><strong><em>Ὄναρ</em></strong></span> <span class='ocrx_word' id='word_1_19' title='bbox 335 1078 366 1116; x_wconf 95' lang='grc' dir='ltr'><strong><em>τι</em></strong></span> <span class='ocrx_word' id='word_1_20' title='bbox 386 1059 503 1135; x_wconf 83' lang='grc' dir='ltr'><strong><em>τοῦτο,</em></strong></span> <span class='ocrx_word' id='word_1_21' title='bbox 526 1054 734 1138; x_wconf 78' lang='grc' dir='ltr'><strong><em>λαμπρότατε</em></strong></span> <span class='ocrx_word' id='word_1_22' title='bbox 750 1061 945 1140; x_wconf 77' lang='grc' dir='ltr'><strong><em>Κυίντιλλε,</em></strong></span> <span class='ocrx_word' id='word_1_23' title='bbox 967 1064 1084 1124; x_wconf 87' lang='grc' dir='ltr'><strong><em>κελευ-</em></strong></span> 
     </span>
     <span class='ocr_line' id='line_1_7' title="bbox 72 1149 1085 1240; baseline 0.009 -28"><span class='ocrx_word' id='word_1_24' title='bbox 72 1149 167 1224; x_wconf 81' lang='grc' dir='ltr'><strong><em>σθείς</em></strong></span> <span class='ocrx_word' id='word_1_25' title='bbox 183 1151 365 1234; x_wconf 79' lang='grc' dir='ltr'><strong><em>προσφέρω</em></strong></span> <span class='ocrx_word' id='word_1_26' title='bbox 382 1169 436 1216; x_wconf 94' lang='grc' dir='ltr'><strong><em>σοι</em></strong></span> <span class='ocrx_word' id='word_1_27' title='bbox 450 1155 562 1231; x_wconf 90' lang='grc' dir='ltr'><strong><em>δῶρον</em></strong></span> <span class='ocrx_word' id='word_1_28' title='bbox 575 1149 654 1228; x_wconf 86' lang='grc' dir='ltr'><strong><em>τούς</em></strong></span> <span class='ocrx_word' id='word_1_29' title='bbox 668 1159 888 1240; x_wconf 80' lang='grc' dir='ltr'><strong><em>μακροβίους,</em></strong></span> <span class='ocrx_word' id='word_1_30' title='bbox 905 1155 1007 1221; x_wconf 90' lang='grc' dir='ltr'><strong><em>πάλαι</em></strong></span> <span class='ocrx_word' id='word_1_31' title='bbox 1022 1158 1085 1239; x_wconf 78' lang='grc' dir='ltr'><strong><em>μὲν</em></strong></span> 
     </span>
     <span class='ocr_line' id='line_1_8' title="bbox 70 1243 1084 1340; baseline 0.008 -30"><span class='ocrx_word' id='word_1_32' title='bbox 70 1243 108 1310; x_wconf 81' lang='grc' dir='ltr'><strong><em>τὸ</em></strong></span> <span class='ocrx_word' id='word_1_33' title='bbox 128 1243 213 1328; x_wconf 81' lang='grc' dir='ltr'><strong><em>ὄναρ</em></strong></span> <span class='ocrx_word' id='word_1_34' title='bbox 229 1248 312 1314; x_wconf 84' lang='grc' dir='ltr'><strong><em>ι’δων</em></strong></span> <span class='ocrx_word' id='word_1_35' title='bbox 330 1248 385 1314; x_wconf 83' lang='grc' dir='ltr'><strong><em>καλ</em></strong></span> <span class='ocrx_word' id='word_1_36' title='bbox 398 1247 574 1332; x_wconf 82' lang='grc' dir='ltr'><strong><em>ίστορήσας</em></strong></span> <span class='ocrx_word' id='word_1_37' title='bbox 590 1263 656 1325; x_wconf 86' lang='grc' dir='ltr'><strong><em>τοῖς</em></strong></span> <span class='ocrx_word' id='word_1_38' title='bbox 672 1256 797 1331; x_wconf 80' lang='grc' dir='ltr'><strong><em>φίλοις,</em></strong></span> <span class='ocrx_word' id='word_1_39' title='bbox 820 1249 875 1318; x_wconf 82' lang='grc' dir='ltr'><strong><em>ὅτε</em></strong></span> <span class='ocrx_word' id='word_1_40' title='bbox 891 1255 1019 1320; x_wconf 83' lang='grc' dir='ltr'><strong><em>ἐτίθεσο</em></strong></span> <span class='ocrx_word' id='word_1_41' title='bbox 1038 1257 1084 1340; x_wconf 82' lang='grc' dir='ltr'><strong><em>τῶ</em></strong></span> 
     </span>
     <span class='ocr_line' id='line_1_9' title="bbox 72 1344 1085 1436; baseline 0.004 -26"><span class='ocrx_word' id='word_1_42' title='bbox 72 1348 218 1436; x_wconf 75' lang='grc' dir='ltr'><strong><em>δευτέρω</em></strong></span> <span class='ocrx_word' id='word_1_43' title='bbox 228 1367 292 1412; x_wconf 88' lang='grc' dir='ltr'><strong><em>σου</em></strong></span> <span class='ocrx_word' id='word_1_44' title='bbox 301 1347 393 1413; x_wconf 82' lang='grc' dir='ltr'><strong><em>παιδὶ</em></strong></span> <span class='ocrx_word' id='word_1_45' title='bbox 403 1344 569 1432; x_wconf 89' lang='grc' dir='ltr'><strong><em>τούνομα·</em></strong></span> <span class='ocrx_word' id='word_1_46' title='bbox 586 1355 771 1433; x_wconf 78' lang='grc' dir='ltr'><strong><em>συμβαλεῖν</em></strong></span> <span class='ocrx_word' id='word_1_47' title='bbox 781 1351 815 1414; x_wconf 80' lang='grc' dir='ltr'><strong><em>δὲ</em></strong></span> <span class='ocrx_word' id='word_1_48' title='bbox 826 1345 889 1415; x_wconf 88' lang='grc' dir='ltr'><strong><em>οὐκ</em></strong></span> <span class='ocrx_word' id='word_1_49' title='bbox 899 1355 983 1435; x_wconf 80' lang='grc' dir='ltr'><strong><em>ἔχων</em></strong></span> <span class='ocrx_word' id='word_1_50' title='bbox 993 1358 1085 1427; x_wconf 87' lang='grc' dir='ltr'><strong><em>τίνας</em></strong></span> 
     </span>
     <span class='ocr_line' id='line_1_10' title="bbox 71 1440 1083 1534; baseline 0.003 -25"><span class='ocrx_word' id='word_1_51' title='bbox 71 1440 89 1509; x_wconf 84' lang='grc' dir='ltr'><em>ὃ</em></span> <span class='ocrx_word' id='word_1_52' title='bbox 104 1441 186 1521; x_wconf 82' lang='grc' dir='ltr'><strong><em>θεὸς</em></strong></span> <span class='ocrx_word' id='word_1_53' title='bbox 200 1444 327 1511; x_wconf 79' lang='grc' dir='ltr'><strong><em>κελεύει</em></strong></span> <span class='ocrx_word' id='word_1_54' title='bbox 338 1471 394 1530; x_wconf 88' lang='grc' dir='ltr'><strong><em>μοι</em></strong></span> <span class='ocrx_word' id='word_1_55' title='bbox 407 1448 611 1529; x_wconf 71' lang='grc' dir='ltr'><strong><em>προσφέρειν</em></strong></span> <span class='ocrx_word' id='word_1_56' title='bbox 622 1466 675 1511; x_wconf 93' lang='grc' dir='ltr'><strong><em>σοι</em></strong></span> <span class='ocrx_word' id='word_1_57' title='bbox 689 1442 768 1522; x_wconf 88' lang='grc' dir='ltr'><strong><em>τούς</em></strong></span> <span class='ocrx_word' id='word_1_58' title='bbox 779 1453 993 1534; x_wconf 88' lang='grc' dir='ltr'><strong><em>μακροβίους,</em></strong></span> <span class='ocrx_word' id='word_1_59' title='bbox 1010 1447 1083 1513; x_wconf 87' lang='grc' dir='ltr'><strong><em>τότε</em></strong></span> 
     </span>
     <span class='ocr_line' id='line_1_11' title="bbox 71 1539 1083 1630; baseline 0.002 -21"><span class='ocrx_word' id='word_1_60' title='bbox 71 1544 132 1627; x_wconf 76' lang='grc' dir='ltr'><strong><em>μὲν</em></strong></span> <span class='ocrx_word' id='word_1_61' title='bbox 148 1539 301 1628; x_wconf 85' lang='grc' dir='ltr'><strong><em>ηὐξάμην</em></strong></span> <span class='ocrx_word' id='word_1_62' title='bbox 315 1557 384 1620; x_wconf 88' lang='grc' dir='ltr'><strong><em>τοῖς</em></strong></span> <span class='ocrx_word' id='word_1_63' title='bbox 400 1553 494 1620; x_wconf 85' lang='grc' dir='ltr'><strong><em>θεοῖς</em></strong></span> <span class='ocrx_word' id='word_1_64' title='bbox 509 1545 560 1609; x_wconf 81' lang='grc' dir='ltr'><strong><em>ἐπὶ</em></strong></span> <span class='ocrx_word' id='word_1_65' title='bbox 577 1542 739 1628; x_wconf 76' lang='grc' dir='ltr'><strong><em>μήκιστον</em></strong></span> <span class='ocrx_word' id='word_1_66' title='bbox 758 1541 845 1628; x_wconf 84' lang='grc' dir='ltr'><strong><em>ὑμᾶς</em></strong></span> <span class='ocrx_word' id='word_1_67' title='bbox 862 1551 982 1630; x_wconf 80' lang='grc' dir='ltr'><strong><em>βιῶναι</em></strong></span> <span class='ocrx_word' id='word_1_68' title='bbox 997 1547 1037 1611; x_wconf 91' lang='grc' dir='ltr'><strong><em>σέ</em></strong></span> <span class='ocrx_word' id='word_1_69' title='bbox 1048 1571 1083 1611; x_wconf 91' lang='grc' dir='ltr'><strong><em>τε</em></strong></span> 
     </span>
     <span class='ocr_line' id='line_1_12' title="bbox 71 1637 1083 1727; baseline 0.005 -24"><span class='ocrx_word' id='word_1_70' title='bbox 71 1637 182 1707; x_wconf 85' lang='grc' dir='ltr'><strong><em>αύτύν-</em></strong></span> <span class='ocrx_word' id='word_1_71' title='bbox 194 1645 247 1708; x_wconf 78' lang='grc' dir='ltr'><strong><em>καὶ</em></strong></span> <span class='ocrx_word' id='word_1_72' title='bbox 269 1647 387 1718; x_wconf 87' lang='grc' dir='ltr'><strong><em>παῖδας</em></strong></span> <span class='ocrx_word' id='word_1_73' title='bbox 407 1638 486 1719; x_wconf 85' lang='grc' dir='ltr'><strong><em>τούς</em></strong></span> <span class='ocrx_word' id='word_1_74' title='bbox 500 1643 597 1724; x_wconf 89' lang='grc' dir='ltr'><strong><em>σούς,</em></strong></span> <span class='ocrx_word' id='word_1_75' title='bbox 621 1649 719 1708; x_wconf 88' lang='grc' dir='ltr'><strong><em>τοῦτο</em></strong></span> <span class='ocrx_word' id='word_1_76' title='bbox 738 1645 923 1726; x_wconf 81' lang='grc' dir='ltr'><strong><em>συμφέρειν</em></strong></span> <span class='ocrx_word' id='word_1_77' title='bbox 939 1649 1083 1727; x_wconf 83' lang='grc' dir='ltr'><strong><em>νομίζων</em></strong></span> 
     </span>
     <span class='ocr_line' id='line_1_13' title="bbox 71 1737 1083 1826; baseline 0.004 -24"><span class='ocrx_word' id='word_1_78' title='bbox 71 1740 125 1803; x_wconf 80' lang='grc' dir='ltr'><strong><em>καὶ</em></strong></span> <span class='ocrx_word' id='word_1_79' title='bbox 141 1737 310 1823; x_wconf 79' lang='grc' dir='ltr'><strong><em>σύμπαντι</em></strong></span> <span class='ocrx_word' id='word_1_80' title='bbox 325 1739 386 1824; x_wconf 76' lang='grc' dir='ltr'><strong><em>μὲν</em></strong></span> <span class='ocrx_word' id='word_1_81' title='bbox 401 1747 446 1826; x_wconf 76' lang='grc' dir='ltr'><strong><em>τῷ</em></strong></span> <span class='ocrx_word' id='word_1_82' title='bbox 462 1747 530 1806; x_wconf 92' lang='grc' dir='ltr'><strong><em>τῶν</em></strong></span> <span class='ocrx_word' id='word_1_83' title='bbox 545 1737 740 1821; x_wconf 77' lang='grc' dir='ltr'><strong><em>ἀνθρώπων</em></strong></span> <span class='ocrx_word' id='word_1_84' title='bbox 751 1745 856 1824; x_wconf 85' lang='grc' dir='ltr'><strong><em>γένει,</em></strong></span> <span class='ocrx_word' id='word_1_85' title='bbox 879 1737 944 1822; x_wconf 83' lang='grc' dir='ltr'><strong><em>πρὸ</em></strong></span> <span class='ocrx_word' id='word_1_86' title='bbox 960 1742 997 1808; x_wconf 78' lang='grc' dir='ltr'><strong><em>δὲ</em></strong></span> <span class='ocrx_word' id='word_1_87' title='bbox 1014 1749 1083 1808; x_wconf 85' lang='grc' dir='ltr'><strong><em>τῶν</em></strong></span> 
     </span>
     <span class='ocr_line' id='line_1_14' title="bbox 70 1832 1081 1926; baseline 0.003 -26"><span class='ocrx_word' id='word_1_88' title='bbox 70 1832 232 1902; x_wconf 84' lang='grc' dir='ltr'><strong><em>ἁπάντων</em></strong></span> <span class='ocrx_word' id='word_1_89' title='bbox 247 1834 337 1926; x_wconf 78' lang='grc' dir='ltr'><strong><em>αὐτῷ</em></strong></span> <span class='ocrx_word' id='word_1_90' title='bbox 350 1863 385 1902; x_wconf 88' lang='grc' dir='ltr'><strong><em>τε</em></strong></span> <span class='ocrx_word' id='word_1_91' title='bbox 402 1839 473 1921; x_wconf 79' lang='grc' dir='ltr'><strong><em>ἐμοὶ</em></strong></span> <span class='ocrx_word' id='word_1_92' title='bbox 489 1839 543 1904; x_wconf 85' lang='grc' dir='ltr'><strong><em>καὶ</em></strong></span> <span class='ocrx_word' id='word_1_93' title='bbox 558 1844 639 1902; x_wconf 83' lang='grc' dir='ltr'><strong><em>πᾶσι</em></strong></span> <span class='ocrx_word' id='word_1_94' title='bbox 655 1851 724 1913; x_wconf 86' lang='grc' dir='ltr'><strong><em>τοῖς</em></strong></span> <span class='ocrx_word' id='word_1_95' title='bbox 742 1840 847 1922; x_wconf 84' lang='grc' dir='ltr'><strong><em>ἐμοῖς·</em></strong></span> <span class='ocrx_word' id='word_1_96' title='bbox 870 1835 1003 1922; x_wconf 74' lang='grc' dir='ltr'><strong><em>καὶγὰρ</em></strong></span> <span class='ocrx_word' id='word_1_97' title='bbox 1020 1835 1081 1905; x_wconf 88' lang='grc' dir='ltr'><strong><em>κά-</em></strong></span> 
     </span>
     <span class='ocr_line' id='line_1_15' title="bbox 70 1931 1152 2022; baseline 0.001 -21"><span class='ocrx_word' id='word_1_98' title='bbox 70 1941 129 2019; x_wconf 89' lang='grc' dir='ltr'><strong><em>μοί</em></strong></span> <span class='ocrx_word' id='word_1_99' title='bbox 140 1961 172 2000; x_wconf 91' lang='grc' dir='ltr'><strong><em>τι</em></strong></span> <span class='ocrx_word' id='word_1_100' title='bbox 186 1931 319 2018; x_wconf 84' lang='grc' dir='ltr'><strong><em>άγαθόν</em></strong></span> <span class='ocrx_word' id='word_1_101' title='bbox 331 1936 438 2002; x_wconf 80' lang='grc' dir='ltr'><strong><em>ἐδόκει</em></strong></span> <span class='ocrx_word' id='word_1_102' title='bbox 450 1943 692 2021; x_wconf 86' lang='grc' dir='ltr'><strong><em>προσημαίνειν</em></strong></span> <span class='ocrx_word' id='word_1_103' title='bbox 706 1933 724 2002; x_wconf 87' lang='grc' dir='ltr'>ὁ</span> <span class='ocrx_word' id='word_1_104' title='bbox 736 1935 826 2013; x_wconf 88' lang='grc' dir='ltr'><strong><em>θεός.</em></strong></span> <span class='ocrx_word' id='word_1_105' title='bbox 851 1941 879 2003; x_wconf 78' lang='lat'><strong><em>2,</em></strong></span> <span class='ocrx_word' id='word_1_106' title='bbox 897 1939 1081 2022; x_wconf 87' lang='grc' dir='ltr'><strong><em>σκεπτόμε-</em></strong></span> <span class='ocrx_word' id='word_1_107' title='bbox 1100 1949 1152 2003; x_wconf 78' lang='lat'><strong><em>209</em></strong></span> 
     </span>
     <span class='ocr_line' id='line_1_16' title="bbox 70 2028 1082 2120; baseline 0.002 -20"><span class='ocrx_word' id='word_1_108' title='bbox 70 2061 128 2110; x_wconf 84' lang='grc' dir='ltr'><strong><em>νος</em></strong></span> <span class='ocrx_word' id='word_1_109' title='bbox 151 2034 186 2101; x_wconf 78' lang='grc' dir='ltr'><strong><em>δὲ</em></strong></span> <span class='ocrx_word' id='word_1_110' title='bbox 211 2033 285 2101; x_wconf 85' lang='grc' dir='ltr'><strong><em>κατ’</em></strong></span> <span class='ocrx_word' id='word_1_111' title='bbox 306 2035 450 2120; x_wconf 80' lang='grc' dir='ltr'><strong><em>ἐμαυτὸν</em></strong></span> <span class='ocrx_word' id='word_1_112' title='bbox 478 2041 523 2113; x_wconf 85' lang='grc' dir='ltr'><strong><em>είς</em></strong></span> <span class='ocrx_word' id='word_1_113' title='bbox 545 2037 710 2102; x_wconf 83' lang='grc' dir='ltr'><strong><em>σύννοιαν</em></strong></span> <span class='ocrx_word' id='word_1_114' title='bbox 733 2028 860 2120; x_wconf 81' lang='grc' dir='ltr'><strong><em>ἦλθον,</em></strong></span> <span class='ocrx_word' id='word_1_115' title='bbox 889 2033 976 2113; x_wconf 87' lang='grc' dir='ltr'><strong><em>είκὸς</em></strong></span> <span class='ocrx_word' id='word_1_116' title='bbox 999 2034 1082 2102; x_wconf 84' lang='grc' dir='ltr'><strong><em>εἶναι</em></strong></span> 
     </span>
     <span class='ocr_line' id='line_1_17' title="bbox 69 2130 1082 2218; baseline 0.003 -20"><span class='ocrx_word' id='word_1_117' title='bbox 69 2130 150 2209; x_wconf 89' lang='grc' dir='ltr'><strong><em>τούς</em></strong></span> <span class='ocrx_word' id='word_1_118' title='bbox 167 2131 271 2210; x_wconf 82' lang='grc' dir='ltr'><strong><em>θεούς</em></strong></span> <span class='ocrx_word' id='word_1_119' title='bbox 286 2133 383 2217; x_wconf 81' lang='grc' dir='ltr'><strong><em>άνδρὶ</em></strong></span> <span class='ocrx_word' id='word_1_120' title='bbox 404 2137 479 2217; x_wconf 80' lang='grc' dir='ltr'><strong><em>περὶ</em></strong></span> <span class='ocrx_word' id='word_1_121' title='bbox 495 2138 649 2201; x_wconf 78' lang='grc' dir='ltr'><strong><em>παιδείαν</em></strong></span> <span class='ocrx_word' id='word_1_122' title='bbox 666 2139 771 2218; x_wconf 82' lang='grc' dir='ltr'><strong><em>ἔχοντι</em></strong></span> <span class='ocrx_word' id='word_1_123' title='bbox 792 2141 895 2200; x_wconf 81' lang='grc' dir='ltr'><strong><em>ταῦτα</em></strong></span> <span class='ocrx_word' id='word_1_124' title='bbox 913 2132 1082 2218; x_wconf 88' lang='grc' dir='ltr'><strong><em>προστάσ-</em></strong></span> 
     </span>
     <span class='ocr_line' id='line_1_18' title="bbox 70 2228 1081 2319; baseline -0.003 -20"><span class='ocrx_word' id='word_1_125' title='bbox 70 2253 191 2308; x_wconf 91' lang='grc' dir='ltr'><strong><em>σοντας</em></strong></span> <span class='ocrx_word' id='word_1_126' title='bbox 207 2233 357 2299; x_wconf 87' lang='grc' dir='ltr'><strong><em>κελεύειν</em></strong></span> <span class='ocrx_word' id='word_1_127' title='bbox 374 2260 405 2299; x_wconf 90' lang='grc' dir='ltr'><strong><em>τι</em></strong></span> <span class='ocrx_word' id='word_1_128' title='bbox 425 2237 630 2319; x_wconf 87' lang='grc' dir='ltr'><strong><em>προσφέρειν</em></strong></span> <span class='ocrx_word' id='word_1_129' title='bbox 644 2252 697 2298; x_wconf 90' lang='grc' dir='ltr'><strong><em>σοι</em></strong></span> <span class='ocrx_word' id='word_1_130' title='bbox 714 2237 781 2297; x_wconf 93' lang='grc' dir='ltr'><strong><em>τῶν</em></strong></span> <span class='ocrx_word' id='word_1_131' title='bbox 799 2228 864 2296; x_wconf 82' lang='grc' dir='ltr'><strong><em>άπὸ</em></strong></span> <span class='ocrx_word' id='word_1_132' title='bbox 886 2238 943 2317; x_wconf 82' lang='grc' dir='ltr'><strong><em>τῆς</em></strong></span> <span class='ocrx_word' id='word_1_133' title='bbox 958 2233 1081 2317; x_wconf 84' lang='grc' dir='ltr'><strong><em>τέχνης.</em></strong></span> 
     </span>
     <span class='ocr_line' id='line_1_19' title="bbox 70 2322 1082 2415; baseline -0.003 -17"><span class='ocrx_word' id='word_1_134' title='bbox 70 2329 197 2415; x_wconf 86' lang='grc' dir='ltr'><strong><em>ταύτην</em></strong></span> <span class='ocrx_word' id='word_1_135' title='bbox 219 2322 282 2396; x_wconf 89' lang='grc' dir='ltr'><strong><em>οὐν</em></strong></span> <span class='ocrx_word' id='word_1_136' title='bbox 304 2331 503 2415; x_wconf 76' lang='grc' dir='ltr'><strong><em>αἰσιωτάτην</em></strong></span> <span class='ocrx_word' id='word_1_137' title='bbox 525 2335 669 2414; x_wconf 80' lang='grc' dir='ltr'><strong><em>νομίζων</em></strong></span> <span class='ocrx_word' id='word_1_138' title='bbox 690 2329 752 2413; x_wconf 78' lang='grc' dir='ltr'><strong><em>τήν</em></strong></span> <span class='ocrx_word' id='word_1_139' title='bbox 777 2354 814 2412; x_wconf 88' lang='grc' dir='ltr'><strong><em>γε</em></strong></span> <span class='ocrx_word' id='word_1_140' title='bbox 839 2335 907 2392; x_wconf 88' lang='grc' dir='ltr'><strong><em>τῶν</em></strong></span> <span class='ocrx_word' id='word_1_141' title='bbox 932 2337 1001 2394; x_wconf 87' lang='grc' dir='ltr'><strong><em>σῶν</em></strong></span> <span class='ocrx_word' id='word_1_142' title='bbox 1023 2354 1082 2413; x_wconf 87' lang='grc' dir='ltr'><strong><em>γε·</em></strong></span> 
     </span>
     <span class='ocr_line' id='line_1_20' title="bbox 70 2424 1081 2513; baseline -0.001 -19"><span class='ocrx_word' id='word_1_143' title='bbox 70 2432 219 2494; x_wconf 86' lang='grc' dir='ltr'><strong><em>νεθλίων</em></strong></span> <span class='ocrx_word' id='word_1_144' title='bbox 243 2424 371 2512; x_wconf 79' lang='grc' dir='ltr'><strong><em>ἡμέραν</em></strong></span> <span class='ocrx_word' id='word_1_145' title='bbox 391 2432 513 2513; x_wconf 86' lang='grc' dir='ltr'><strong><em>δίδωμί</em></strong></span> <span class='ocrx_word' id='word_1_146' title='bbox 529 2449 581 2494; x_wconf 90' lang='grc' dir='ltr'><strong><em>σοι</em></strong></span> <span class='ocrx_word' id='word_1_147' title='bbox 597 2425 676 2502; x_wconf 89' lang='grc' dir='ltr'><strong><em>τούς</em></strong></span> <span class='ocrx_word' id='word_1_148' title='bbox 693 2428 930 2510; x_wconf 85' lang='grc' dir='ltr'><strong><em>ίστορημένους</em></strong></span> <span class='ocrx_word' id='word_1_149' title='bbox 949 2433 994 2503; x_wconf 87' lang='grc' dir='ltr'><strong><em>είς</em></strong></span> <span class='ocrx_word' id='word_1_150' title='bbox 1016 2453 1081 2513; x_wconf 89' lang='grc' dir='ltr'><strong><em>μα-</em></strong></span> 
     </span>
     <span class='ocr_line' id='line_1_21' title="bbox 68 2522 1081 2611; baseline -0.002 -18"><span class='ocrx_word' id='word_1_151' title='bbox 68 2523 154 2608; x_wconf 87' lang='grc' dir='ltr'><strong><em>κρόν</em></strong></span> <span class='ocrx_word' id='word_1_152' title='bbox 170 2533 274 2611; x_wconf 82' lang='grc' dir='ltr'><strong><em>γῆρας</em></strong></span> <span class='ocrx_word' id='word_1_153' title='bbox 292 2523 474 2609; x_wconf 80' lang='grc' dir='ltr'><strong><em>ἀφικέσθαι</em></strong></span> <span class='ocrx_word' id='word_1_154' title='bbox 491 2529 528 2591; x_wconf 87' lang='grc' dir='ltr'><strong><em>έν</em></strong></span> <span class='ocrx_word' id='word_1_155' title='bbox 548 2522 749 2610; x_wconf 75' lang='grc' dir='ltr'><strong><em>ὑγιαινούσῃ</em></strong></span> <span class='ocrx_word' id='word_1_156' title='bbox 763 2530 803 2609; x_wconf 82' lang='grc' dir='ltr'><strong><em>τῇ</em></strong></span> <span class='ocrx_word' id='word_1_157' title='bbox 824 2530 913 2610; x_wconf 78' lang='grc' dir='ltr'><strong><em>ψυχῇ</em></strong></span> <span class='ocrx_word' id='word_1_158' title='bbox 933 2526 987 2590; x_wconf 83' lang='grc' dir='ltr'><strong><em>καλ</em></strong></span> <span class='ocrx_word' id='word_1_159' title='bbox 1002 2522 1081 2591; x_wconf 86' lang='grc' dir='ltr'><strong><em>ὁλο-</em></strong></span> 
     </span>
     <span class='ocr_line' id='line_1_22' title="bbox 70 2619 1080 2714; baseline -0.005 -23"><span class='ocrx_word' id='word_1_160' title='bbox 70 2625 182 2714; x_wconf 80' lang='grc' dir='ltr'><strong><em>κλήρῳ</em></strong></span> <span class='ocrx_word' id='word_1_161' title='bbox 199 2631 244 2713; x_wconf 78' lang='grc' dir='ltr'><strong><em>τῶ</em></strong></span> <span class='ocrx_word' id='word_1_162' title='bbox 260 2624 396 2708; x_wconf 83' lang='grc' dir='ltr'><strong><em>σάματι.</em></strong></span> <span class='ocrx_word' id='word_1_163' title='bbox 420 2626 473 2690; x_wconf 80' lang='grc' dir='ltr'><strong><em>καὶ</em></strong></span> <span class='ocrx_word' id='word_1_164' title='bbox 491 2621 555 2708; x_wconf 80' lang='grc' dir='ltr'><strong><em>γάρ</em></strong></span> <span class='ocrx_word' id='word_1_165' title='bbox 571 2619 614 2688; x_wconf 83' lang='grc' dir='ltr'><strong><em>άν</em></strong></span> <span class='ocrx_word' id='word_1_166' title='bbox 630 2625 685 2688; x_wconf 81' lang='grc' dir='ltr'><strong><em>καί</em></strong></span> <span class='ocrx_word' id='word_1_167' title='bbox 701 2619 822 2705; x_wconf 78' lang='grc' dir='ltr'><strong><em>ὄφελος</em></strong></span> <span class='ocrx_word' id='word_1_168' title='bbox 837 2619 967 2705; x_wconf 86' lang='grc' dir='ltr'><strong><em>γένοιτό</em></strong></span> <span class='ocrx_word' id='word_1_169' title='bbox 982 2628 1016 2688; x_wconf 90' lang='grc' dir='ltr'><strong><em>τί</em></strong></span> <span class='ocrx_word' id='word_1_170' title='bbox 1027 2642 1080 2687; x_wconf 93' lang='grc' dir='ltr'><strong><em>σοι</em></strong></span> 
     </span>
     <span class='ocr_line' id='line_1_23' title="bbox 68 2715 1080 2807; baseline -0.004 -17"><span class='ocrx_word' id='word_1_171' title='bbox 68 2726 106 2790; x_wconf 79' lang='grc' dir='ltr'><strong><em>ἐκ</em></strong></span> <span class='ocrx_word' id='word_1_172' title='bbox 120 2731 181 2788; x_wconf 84' lang='grc' dir='ltr'><strong><em>τού</em></strong></span> <span class='ocrx_word' id='word_1_173' title='bbox 197 2721 454 2807; x_wconf 88' lang='grc' dir='ltr'><strong><em>συγγράμματος</em></strong></span> <span class='ocrx_word' id='word_1_174' title='bbox 474 2724 633 2786; x_wconf 77' lang='grc' dir='ltr'><strong><em>διπλοῦν</em></strong></span> <span class='ocrx_word' id='word_1_175' title='bbox 662 2715 698 2784; x_wconf 87' lang='grc' dir='ltr'>τό</span> <span class='ocrx_word' id='word_1_176' title='bbox 717 2719 779 2802; x_wconf 81' lang='grc' dir='ltr'><strong><em>μὲν</em></strong></span> <span class='ocrx_word' id='word_1_177' title='bbox 794 2715 939 2802; x_wconf 81' lang='grc' dir='ltr'><strong><em>εὐθυμία</em></strong></span> <span class='ocrx_word' id='word_1_178' title='bbox 960 2744 1008 2795; x_wconf 91' lang='grc' dir='ltr'><strong><em>τις</em></strong></span> <span class='ocrx_word' id='word_1_179' title='bbox 1024 2720 1080 2786; x_wconf 81' lang='grc' dir='ltr'><strong><em>καὶ</em></strong></span> 
     </span>
     <span class='ocr_line' id='line_1_24' title="bbox 69 2813 1079 2905; baseline -0.009 -15"><span class='ocrx_word' id='word_1_180' title='bbox 69 2825 162 2898; x_wconf 81' lang='grc' dir='ltr'><strong><em>έλπὶς</em></strong></span> <span class='ocrx_word' id='word_1_181' title='bbox 180 2818 293 2905; x_wconf 78' lang='grc' dir='ltr'><strong><em>ἀγαθὴ</em></strong></span> <span class='ocrx_word' id='word_1_182' title='bbox 314 2823 368 2885; x_wconf 78' lang='grc' dir='ltr'><strong><em>καὶ</em></strong></span> <span class='ocrx_word' id='word_1_183' title='bbox 384 2816 488 2885; x_wconf 81' lang='grc' dir='ltr'><strong><em>αὐτὸν</em></strong></span> <span class='ocrx_word' id='word_1_184' title='bbox 510 2820 562 2886; x_wconf 83' lang='grc' dir='ltr'><strong><em>ἐπὶ</em></strong></span> <span class='ocrx_word' id='word_1_185' title='bbox 579 2818 738 2903; x_wconf 82' lang='grc' dir='ltr'><strong><em>μήκιστον</em></strong></span> <span class='ocrx_word' id='word_1_186' title='bbox 756 2813 925 2881; x_wconf 87' lang='grc' dir='ltr'><strong><em>δύνασθαι</em></strong></span> <span class='ocrx_word' id='word_1_187' title='bbox 947 2821 1079 2901; x_wconf 78' lang='grc' dir='ltr'><strong><em>βιῶναι,</em></strong></span> 
     </span>
     <span class='ocr_line' id='line_1_25' title="bbox 68 2910 1080 2999; baseline -0.008 -14"><span class='ocrx_word' id='word_1_188' title='bbox 68 2916 106 2985; x_wconf 89' lang='grc' dir='ltr'>τὸ</span> <span class='ocrx_word' id='word_1_189' title='bbox 122 2917 159 2985; x_wconf 72' lang='grc' dir='ltr'><strong><em>δὲ</em></strong></span> <span class='ocrx_word' id='word_1_190' title='bbox 171 2922 366 2984; x_wconf 85' lang='grc' dir='ltr'><strong><em>διδασκαλία</em></strong></span> <span class='ocrx_word' id='word_1_191' title='bbox 378 2945 427 2995; x_wconf 87' lang='grc' dir='ltr'><strong><em>τις</em></strong></span> <span class='ocrx_word' id='word_1_192' title='bbox 439 2920 474 2983; x_wconf 78' lang='grc' dir='ltr'><strong><em>ἐκ</em></strong></span> <span class='ocrx_word' id='word_1_193' title='bbox 490 2914 786 2999; x_wconf 88' lang='grc' dir='ltr'><strong><em>παραδειγμάτων,</em></strong></span> <span class='ocrx_word' id='word_1_194' title='bbox 804 2917 834 2978; x_wconf 86' lang='grc' dir='ltr'><strong><em>εί</em></strong></span> <span class='ocrx_word' id='word_1_195' title='bbox 849 2914 1017 2997; x_wconf 82' lang='grc' dir='ltr'><strong><em>ἐπιγνοίης</em></strong></span> <span class='ocrx_word' id='word_1_196' title='bbox 1029 2910 1080 2978; x_wconf 82' lang='grc' dir='ltr'><strong><em>ὅτι</em></strong></span> 
     </span>
     <span class='ocr_line' id='line_1_26' title="bbox 66 3010 1079 3102; baseline -0.01 -17"><span class='ocrx_word' id='word_1_197' title='bbox 66 3022 103 3085; x_wconf 80' lang='grc' dir='ltr'><strong><em>οἱ</em></strong></span> <span class='ocrx_word' id='word_1_198' title='bbox 114 3017 257 3102; x_wconf 84' lang='grc' dir='ltr'><strong><em>μάλιστα</em></strong></span> <span class='ocrx_word' id='word_1_199' title='bbox 269 3019 398 3082; x_wconf 81' lang='grc' dir='ltr'><strong><em>ἑαυτῶν</em></strong></span> <span class='ocrx_word' id='word_1_200' title='bbox 408 3017 596 3100; x_wconf 84' lang='grc' dir='ltr'><strong><em>ἐπιμέλειαν</em></strong></span> <span class='ocrx_word' id='word_1_201' title='bbox 610 3011 830 3097; x_wconf 88' lang='grc' dir='ltr'><strong><em>ποιησάμενοι</em></strong></span> <span class='ocrx_word' id='word_1_202' title='bbox 845 3010 927 3077; x_wconf 92' lang='grc' dir='ltr'><strong><em>κατά</em></strong></span> <span class='ocrx_word' id='word_1_203' title='bbox 938 3037 972 3077; x_wconf 89' lang='grc' dir='ltr'><strong><em>τε</em></strong></span> <span class='ocrx_word' id='word_1_204' title='bbox 985 3016 1079 3094; x_wconf 89' lang='grc' dir='ltr'><strong><em>σῶμα</em></strong></span> 
     </span>
     <span class='ocr_line' id='line_1_27' title="bbox 66 3102 1080 3198; baseline -0.011 -15"><span class='ocrx_word' id='word_1_205' title='bbox 66 3117 123 3183; x_wconf 79' lang='grc' dir='ltr'><strong><em>καί</em></strong></span> <span class='ocrx_word' id='word_1_206' title='bbox 140 3111 223 3182; x_wconf 82' lang='grc' dir='ltr'><strong><em>κατά</em></strong></span> <span class='ocrx_word' id='word_1_207' title='bbox 241 3114 369 3198; x_wconf 70' lang='grc' dir='ltr'><strong><em>ψυχήν,</em></strong></span> <span class='ocrx_word' id='word_1_208' title='bbox 394 3105 488 3179; x_wconf 81' lang='grc' dir='ltr'><strong><em>οὗτοι</em></strong></span> <span class='ocrx_word' id='word_1_209' title='bbox 508 3110 544 3176; x_wconf 77' lang='grc' dir='ltr'><strong><em>δέ</em></strong></span> <span class='ocrx_word' id='word_1_210' title='bbox 560 3117 605 3188; x_wconf 87' lang='grc' dir='ltr'><strong><em>είς</em></strong></span> <span class='ocrx_word' id='word_1_211' title='bbox 622 3110 833 3195; x_wconf 87' lang='grc' dir='ltr'><strong><em>μακρότατον</em></strong></span> <span class='ocrx_word' id='word_1_212' title='bbox 853 3115 956 3193; x_wconf 75' lang='grc' dir='ltr'><strong><em>γῆρας</em></strong></span> <span class='ocrx_word' id='word_1_213' title='bbox 969 3102 1080 3194; x_wconf 79' lang='grc' dir='ltr'><strong><em>ἦλθον</em></strong></span> 
     </span>
     <span class='ocr_line' id='line_1_28' title="bbox 65 3199 1147 3300; baseline -0.006 -20"><span class='ocrx_word' id='word_1_214' title='bbox 65 3211 133 3280; x_wconf 85' lang='grc' dir='ltr'><strong><em>σύν</em></strong></span> <span class='ocrx_word' id='word_1_215' title='bbox 147 3210 258 3300; x_wconf 80' lang='grc' dir='ltr'><strong><em>ὑγιεία</em></strong></span> <span class='ocrx_word' id='word_1_216' title='bbox 273 3218 435 3278; x_wconf 90' lang='grc' dir='ltr'><strong><em>παντελεῖ.</em></strong></span> <span class='ocrx_word' id='word_1_217' title='bbox 466 3215 494 3276; x_wconf 85' lang='grc'><strong><em>3.</em></strong></span> <span class='ocrx_word' id='word_1_218' title='bbox 514 3212 665 3291; x_wconf 85' lang='grc' dir='ltr'><strong><em>Νέστορα</em></strong></span> <span class='ocrx_word' id='word_1_219' title='bbox 681 3209 742 3291; x_wconf 76' lang='grc' dir='ltr'><strong><em>μὲν</em></strong></span> <span class='ocrx_word' id='word_1_220' title='bbox 761 3199 826 3272; x_wconf 85' lang='grc' dir='ltr'><strong><em>οὐν</em></strong></span> <span class='ocrx_word' id='word_1_221' title='bbox 843 3203 902 3272; x_wconf 84' lang='grc' dir='ltr'><strong><em>τόν</em></strong></span> <span class='ocrx_word' id='word_1_222' title='bbox 921 3207 1076 3291; x_wconf 88' lang='grc' dir='ltr'><strong><em>σοφῶτα-</em></strong></span> <span class='ocrx_word' id='word_1_223' title='bbox 1097 3221 1147 3273; x_wconf 76' lang='lat'><strong><em>210</em></strong></span> 
     </span>
     <span class='ocr_line' id='line_1_29' title="bbox 64 3301 1078 3394; baseline -0.01 -16"><span class='ocrx_word' id='word_1_224' title='bbox 64 3339 126 3380; x_wconf 92' lang='grc' dir='ltr'><strong><em>τον</em></strong></span> <span class='ocrx_word' id='word_1_225' title='bbox 140 3320 209 3377; x_wconf 85' lang='grc' dir='ltr'><strong><em>τῶν</em></strong></span> <span class='ocrx_word' id='word_1_226' title='bbox 222 3309 359 3394; x_wconf 82' lang='grc' dir='ltr'><strong><em>Ἀχαιῶν</em></strong></span> <span class='ocrx_word' id='word_1_227' title='bbox 376 3311 427 3376; x_wconf 78' lang='grc' dir='ltr'><strong><em>ἐπὶ</em></strong></span> <span class='ocrx_word' id='word_1_228' title='bbox 439 3322 525 3389; x_wconf 84' lang='grc' dir='ltr'><strong><em>τρεῖς</em></strong></span> <span class='ocrx_word' id='word_1_229' title='bbox 537 3319 733 3389; x_wconf 91' lang='grc' dir='ltr'><strong><em>παρατεῖναι</em></strong></span> <span class='ocrx_word' id='word_1_230' title='bbox 744 3301 1012 3389; x_wconf 82' lang='grc' dir='ltr'><strong><em>γενεάςὍμηρος</em></strong></span> <span class='ocrx_word' id='word_1_231' title='bbox 1024 3307 1078 3370; x_wconf 93' lang='grc' dir='ltr'><strong><em>λέ-</em></strong></span> 
     </span>
     <span class='ocr_line' id='line_1_30' title="bbox 63 3398 1078 3496; baseline -0.009 -19"><span class='ocrx_word' id='word_1_232' title='bbox 63 3436 133 3496; x_wconf 89' lang='grc' dir='ltr'><strong><em>γει,</em></strong></span> <span class='ocrx_word' id='word_1_233' title='bbox 149 3405 191 3476; x_wconf 80' lang='grc' dir='ltr'><strong><em>ὐν</em></strong></span> <span class='ocrx_word' id='word_1_234' title='bbox 205 3415 402 3492; x_wconf 87' lang='grc' dir='ltr'><strong><em>συνίστησιν</em></strong></span> <span class='ocrx_word' id='word_1_235' title='bbox 413 3403 493 3491; x_wconf 82' lang='grc' dir='ltr'><strong><em>ἡμῖν</em></strong></span> <span class='ocrx_word' id='word_1_236' title='bbox 504 3405 782 3491; x_wconf 86' lang='grc' dir='ltr'><strong><em>γεγυμνασμένον</em></strong></span> <span class='ocrx_word' id='word_1_237' title='bbox 794 3398 912 3488; x_wconf 86' lang='grc' dir='ltr'><strong><em>άριστα</em></strong></span> <span class='ocrx_word' id='word_1_238' title='bbox 925 3404 978 3468; x_wconf 81' lang='grc' dir='ltr'><strong><em>καί</em></strong></span> <span class='ocrx_word' id='word_1_239' title='bbox 990 3403 1078 3489; x_wconf 67' lang='grc' dir='ltr'><strong><em>ψυχῇ</em></strong></span> 
     </span>
     <span class='ocr_line' id='line_1_31' title="bbox 64 3495 1075 3648; baseline -0.013 -73"><span class='ocrx_word' id='word_1_240' title='bbox 64 3509 121 3576; x_wconf 80' lang='grc' dir='ltr'><strong><em>καί</em></strong></span> <span class='ocrx_word' id='word_1_241' title='bbox 143 3505 278 3590; x_wconf 75' lang='grc' dir='ltr'><strong><em>στόματι.</em></strong></span> <span class='ocrx_word' id='word_1_242' title='bbox 313 3507 368 3571; x_wconf 84' lang='grc' dir='ltr'><strong><em>καὶ</em></strong></span> <span class='ocrx_word' id='word_1_243' title='bbox 392 3509 564 3585; x_wconf 87' lang='grc' dir='ltr'><strong><em>Τειρεσίαν</em></strong></span> <span class='ocrx_word' id='word_1_244' title='bbox 583 3500 619 3568; x_wconf 73' lang='grc' dir='ltr'><strong><em>δὲ</em></strong></span> <span class='ocrx_word' id='word_1_245' title='bbox 641 3497 701 3566; x_wconf 83' lang='grc' dir='ltr'><strong><em>τὸν</em></strong></span> <span class='ocrx_word' id='word_1_246' title='bbox 722 3500 843 3583; x_wconf 88' lang='grc' dir='ltr'><strong><em>μάντιν</em></strong></span> <span class='ocrx_word' id='word_1_247' title='bbox 866 3495 1075 3648; x_wconf 60' lang='grc' dir='ltr'><strong><em>ἡΙτόραγφδία</em></strong></span> 
     </span>
    </p>

    <p class='ocr_par' dir='ltr' id='par_1_6' title="bbox 154 3595 924 3654">
     <span class='ocr_line' id='line_1_32' title="bbox 154 3595 924 3654; baseline 0 0"><span class='ocrx_word' id='word_1_248' title='bbox 154 3615 260 3654; x_wconf 75' lang='lat' dir='ltr'><strong>wem«.</strong></span> <span class='ocrx_word' id='word_1_249' title='bbox 280 3599 325 3654; x_wconf 90' lang='lat'><em>111.</em></span> <span class='ocrx_word' id='word_1_250' title='bbox 920 3595 924 3606; x_wconf 90' lang='lat'>&#39;</span> 
     </span>
    </p>
   </div>
   <div class='ocr_carea' id='block_1_6' title="bbox 0 0 1318 4092">
    <p class='ocr_par' dir='ltr' id='par_1_7' title="bbox 0 0 1318 4092">
     <span class='ocr_line' id='line_1_33' title="bbox 0 0 1318 4092; baseline 0 3"><span class='ocrx_word' id='word_1_251' title='bbox 0 0 1318 4092; x_wconf 95' lang='lat' dir='ltr'><strong><em> </em></strong></span> 
     </span>
    </p>
   </div>
  </div>
 </body>
</html>
