2625 4092
240 295 283 359 50
591 246 901 362 ΛίλΤΚΙΑΝΟΤ

239 458 302 543 μὲν
324 463 359 526 ἐκ
381 465 558 545 καταδίκης
578 462 765 539 ἑαλωκότας
784 464 836 529 έπὶ
855 477 923 540 τοῖς
947 470 1111 547 μεγίστοις
1131 461 1253 550 ἀδική-

238 574 330 643 μασι,
347 560 524 649 φαρμάκῳ,
541 557 620 638 τούς
631 562 667 626 δὲ
678 565 974 647 καταπρησθέντας
987 558 1024 627 τό
1037 568 1131 647 σῶμα
1146 559 1251 630 άπαν.

237 652 318 733 τοὺς
333 657 369 723 δὲ
382 653 448 724 άπὸ
465 661 646 740 δυσουρίας
658 660 908 744 φθινήσαντας,
925 654 1005 735 τούς
1019 659 1055 725 δὲ
1065 659 1252 745 φυγόντας,

238 762 424 840 παρασίτου
436 756 472 823 δὲ
485 755 640 823 θάνατον
651 754 762 835 οὐδείς
776 764 842 843 ἔχει
857 764 1012 826 τοιοῦτον
1028 762 1148 842 εἰπεῖν,
1163 753 1252 825 ἄλλά

238 852 298 921 τὸν
310 850 610 939 εὐδαιμονέστατον
622 854 791 939 φαγόντος
806 858 861 923 καί
876 856 1020 932 πιόντος.
1044 860 1075 922 εί
1088 854 1127 921 δέ
1133 880 1185 933 τις
1197 857 1253 922 καὶ

239 954 333 1020 δοκεῖ
340 958 438 1041 βιαίφ
449 955 716 1037 τετελευτηκέναι
726 954 877 1043 θανάτφ,
888 951 1078 1039 ἀπεπτήσας
1086 951 1250 1021 ἀπέθανε.

226 1124 228 1127 ,
323 1056 372 1119 58.
389 1055 484 1117 TYX.
502 1056 614 1116 Ταῦτα
624 1051 687 1135 μὲν
696 1054 819 1129 [κανῶς
831 1054 1042 1138 διημίλληταί
1048 1071 1102 1119 σοι
1112 1049 1153 1117 τά
1165 1048 1252 1134 πρός

238 1146 318 1227 τούς
333 1149 544 1234 φιλοσόφους
556 1145 640 1234 ὑπὲρ
654 1156 724 1216 τῶν
734 1158 935 1233 παρασίτων.
957 1147 1078 1217 λοιπόν
1093 1151 1129 1216 δὲ
1145 1154 1178 1217 εί
1188 1175 1251 1215 κοι-

238 1244 300 1315 λὸν
311 1249 365 1315 καὶ
377 1249 544 1325 λυσιτελές
555 1249 622 1314 ἐστι
633 1245 671 1314 τό
683 1257 790 1333 κτῆμα
799 1258 899 1316 τοῦτο
907 1258 954 1337 τῷ
964 1252 1132 1334 τρέφοντι,
1142 1252 1251 1327 πειρῶ

238 1347 363 1431 λέγειν·
386 1346 457 1431 ἐμοὶ
471 1346 534 1432 μέν
547 1344 612 1430 γάρ
626 1350 787 1413 δοκοῦσιν
803 1346 913 1430 ὥσπερ
926 1344 1182 1430 εὐεργετοῦντες
1197 1346 1251 1409 καὶ

237 1444 445 1530 χαριζόμενοι
457 1446 594 1531 τρέφειν
608 1443 732 1522 αὐτοὺς
746 1451 780 1513 οί
789 1448 960 1530 πλούσιοι,
975 1446 1031 1513 καὶ
1048 1442 1133 1511 εἶναι
1147 1451 1249 1510 τοῦτο

237 1542 399 1628 αἰσχύνην
416 1549 461 1631 τῷ
478 1546 681 1632 τρεφομένῳ.

322 1638 500 1719 ΠΑΡ.’Ὡς
514 1638 630 1726 ἠλίθιά
645 1644 686 1726 γε’
697 1661 780 1726 σου,
796 1634 823 1707 ά
842 1642 1005 1728 Τυχιάδη,
1020 1647 1143 1724 ταῦτα,
1158 1644 1193 1706 εί
1206 1661 1249 1722 μη

238 1737 382 1807 δυύασαι
402 1737 582 1823 γινεόσκειν
597 1737 648 1807 ότι
665 1739 826 1819 πλούσιος
841 1738 944 1826 ἀνήρ,
965 1744 996 1807 εί
1009 1740 1064 1806 καί
1079 1734 1116 1804 τὸ
1130 1737 1250 1822 Γύγου

235 1844 377 1925 χρυσίον
394 1843 477 1923 ἔχει,
494 1838 596 1924 μόνος
613 1840 739 1907 ἐσθίων
753 1843 856 1926 πένης
870 1840 937 1907 ἐστὶ
950 1838 1006 1906 καί
1019 1833 1150 1922 προιών
1164 1834 1251 1903 άνευ

236 1944 423 2021 παρασίτου
442 1933 571 2022 πτωχός
587 1940 694 2023 δοκεῖ,
714 1940 769 2006 καὶ
792 1936 904 2024 ὥσπερ
926 1934 1127 2021 στρατιώτης
1147 1935 1251 2021 χωρὶς

237 2031 352 2102 ὅπλων
372 2030 565 2119 ἀτιμότερος
586 2036 640 2102 καὶ
654 2033 757 2121 ἐσθὴς
777 2035 859 2104 ἄνευ
880 2035 1058 2121 πορφύρας
1076 2034 1132 2101 καί
1146 2033 1251 2109 ἵππος

236 2129 321 2199 άνευ
337 2131 518 2217 φαλάρων,
541 2130 630 2199 οὕτω
645 2134 701 2200 καὶ
715 2135 875 2214 πλούσιος
890 2133 973 2202 ἄνευ
987 2137 1175 2218 παρασίτου
1188 2158 1250 2196 τα-

236 2228 350 2307 πεινός
365 2254 415 2307 τις
429 2231 484 2297 καὶ
499 2227 634 2315 εὐτελὴς
647 2237 810 2316 φαίνεται.
832 2232 965 2320 καὶμὴν
979 2230 996 2299 ὁ
1012 2231 1074 2318 μὲν
1087 2231 1251 2307 πλούσιος

166 2344 217 2401 881
237 2341 407 2412 κοσμεῖται
424 2324 483 2394 ὑπ’
500 2326 622 2413 αὐτοῦ,
644 2326 706 2396 τόν
723 2331 760 2398 δὲ
774 2332 959 2415 παράσιτον
972 2331 1133 2408 πλούσιος
1147 2326 1251 2397 οὐδέ-

237 2453 317 2496 ποτε
332 2442 457 2513 κοσμεῖ.
488 2432 537 2495 59.
555 2426 663 2506 άλλως
679 2455 715 2495 τε
729 2429 808 2499 οὐδὲ
823 2430 952 2509 ὄνειδος
967 2428 1058 2518 αὐτῷ
1073 2431 1180 2514 ἐστιν,
1203 2426 1251 2506 ὡς

237 2525 280 2595 σά
297 2526 379 2613 φής,
401 2522 440 2594 τό
460 2543 655 2613 παρασιτεῖν
672 2531 803 2620 ἐκείνῳ,
828 2533 931 2615 δῆλον
947 2528 997 2597 ὅτι
1020 2526 1064 2606 ὥς
1082 2534 1250 2610 κρείττονι

181 2668 185 2675 ·
235 2633 387 2712 χείρονα,
410 2622 498 2694 ὅπου
515 2653 553 2711 γε
569 2625 636 2713 μὴν
651 2636 697 2717 τῷ
714 2635 863 2720 πλουσίφ
878 2636 977 2695 τοῦτο
994 2628 1160 2702 λυσιτελές
1179 2628 1251 2693 ἐστι

235 2723 272 2793 τό
287 2729 425 2811 τρέφειν
434 2722 495 2793 τόν
506 2728 707 2812 παράσιτον,
722 2719 750 2818 ᾦ
760 2753 799 2813 γε
811 2724 892 2812 μετὰ
903 2734 964 2794 τοῦ
975 2734 1175 2812 κοσμεῖσθαι
1185 2722 1249 2791 ὑπ’

236 2822 341 2893 αὐτοῦ
363 2829 417 2893 καὶ
439 2824 604 2911 ἀσφάλεια
626 2825 732 2913 πολλὴ
755 2830 791 2893 ἐκ
814 2834 871 2911 τῆς
893 2826 1017 2893 τούτου
1040 2828 1251 2910 δορυφορίας

235 2921 392 3010 ὑπάρχει·
423 2923 501 2992 οὔτε
521 2923 586 3008 γάρ
607 2927 695 3012 μάχη
717 2928 839 3014 ῥᾳδίως
853 2924 896 2992 ἄν
916 2952 966 3003 τις
981 2925 1184 3011 ἐπιχειρήσαι
1200 2932 1250 3014 τῷ

235 3028 385 3110 πλουσίῳ
399 3030 521 3090 τοῦτον
537 3021 627 3109 ὁρῶν
643 3030 854 3108 παρεστῶτα,
869 3020 943 3091 ἀλλ’
960 3019 1034 3091 οὐδ’
1053 3018 1096 3088 άν
1111 3020 1251 3089 ἀποθά-

236 3145 289 3187 νοι
304 3122 471 3212 φαρμάκφ
486 3118 595 3199 οὐδεὶς
605 3128 690 3209 ἔχων
704 3124 898 3207 παράσιτον.
921 3129 970 3201 τίς
984 3117 1050 3206 γάρ
1063 3117 1108 3188 άν
1121 3122 1251 3206 τολμή··

237 3238 327 3285 σειεν
344 3220 582 3305 ἐπιβουλεῦσαί
599 3248 667 3288 τινι
681 3222 805 3289 τούτου
825 3228 1066 3304 προεσθίοντος
1085 3223 1142 3287 καὶ
1159 3245 1250 3305 προ-

236 3327 409 3402 πίνοντος;
433 3318 516 3388 ὥστε
533 3318 552 3389 ὁ
566 3323 728 3399 πλούσιος
743 3319 815 3405 οὐχὶ
830 3335 998 3405 κοσμεῖται
1013 3321 1137 3406 μόνον,
1160 3316 1250 3387 ἀλλὰ

236 3421 291 3487 καὶ
307 3420 426 3487 ἐκτῶν
441 3426 605 3505 μεγίστων
622 3420 796 3489 κινδύνων
812 3416 879 3487 ὑπὸ
895 3426 957 3488 τοῦ
973 3424 1160 3499 παρασίτου
1178 3418 1250 3485 σά·

237 3524 333 3597 ζεται.
366 3516 455 3586 οὕτω
477 3522 539 3603 μὲν
560 3517 578 3587 ὁ
603 3518 786 3605 παράσιτος
803 3518 858 3586 διά
876 3524 1115 3605 φιλοστοργίαν
1137 3518 1248 3585 πάντα
