2625 4092
232 272 273 337 58
585 277 889 337 AOYKIANOY

231 444 309 503 θεῖν
322 436 359 502 ἐν
375 442 504 521 βραχεῖ,
523 434 607 504 ἀλλά
625 433 708 503 κατὰ
724 440 805 520 με’ρη
823 437 926 505 ἐπιων
942 441 1049 528 εῖσγγ”
1029 461 1166 524 εκαστα,
1184 436 1239 509 οἷα

230 530 292 615 μὲν
307 531 382 614 περὶ
395 539 504 617 θεῶν,
526 526 630 601 οἷαὲ
594 533 630 601 δὲ
646 558 721 616 περι
711 530 899 618 γονέων
877 562 898 620 η
915 536 1047 619 περλ’
1002 562 1120 623 γαμων
1134 532 1155 623 ἢ
1170 544 1241 603 τῶν

231 624 342 694 ἀλλων
358 626 478 696 δοκεῖ’
461 642 550 715 ημῖν.
579 656 600 696 α
586 626 652 697 “δὲ
667 632 824 716 περὶτῶν
834 632 922 699 νέων
934 633 1167 720 γιγνιόσκομεν
1183 638 1240 702 καὶ

212 734 215 747 “
231 722 320 801 ὅπως
334 721 446 805 αὐτοῖς
456 726 632 813 χρά,μεθα
650 724 786 794 ε’πειδάν
799 735 932 811 πρῶτον
946 729 1110 813 ἄρξωνται
1122 736 1239 799 συνιέ-

230 849 286 891 ναι
297 849 332 891 τε
343 848 403 891 του
390 831 583 912 βελτίονος
596 828 651 895 καί
665 834 710 917 τῷ
722 828 848 913 σάματι
863 825 1077 914 ἀνδρίζεσθαι
1088 827 1174 897 καὶ
1156 838 1240 913 υφί-

230 931 373 991 στασθαι
384 920 464 1003 τοδς
474 924 616 1011 πόνους,
634 932 739 993 ταῦτα
749 923 813 1012 ἤδη
825 946 879 993 σοι
892 924 1077 1014 διέξειμι,’
1055 953 1100 1005 ως
1113 929 1240 1012 μάθοις

231 1011 364 1098 οὗτινος
384 1021 483 1108 χάριν
503 1023 562 1102 τάς
577 1021 734 1111 ἀσκήσεις
747 1024 870 1102 ταύτας
889 1032 1155 1112 προτεθείκαμεν
1175 1023 1240 1093 αό-

229 1131 298 1197 τοῖς
313 1122 367 1188 καλ
383 1119 605 1190 διαπονεῖν
570 1149 607 1190 το
624 1129 720 1209 σῶμα
728 1123 1047 1243 καταναγκάζομεν,
1070 1122 1111 1191 οά
1128 1124 1239 1211 μόνον

231 1218 329 1284 ἕνεκα
343 1224 411 1285 τόν
422 1216 581 1305 ἀγόνων,
596 1217 688 1298 ὅπως
698 1245 739 1287 τα
728 1212 842 1289 ἀθλα
852 1220 1012 1290 δύναιντο
1023 1218 1239 1306 ἀναιρείσθω

229 1358 272 1368 -
286 1311 340 1382 ἐπ’
355 1317 465 1383 ἐκεῖνα
485 1315 548 1403 μὲν
564 1317 629 1403 γάρ
645 1314 752 1402 όλίγοι
771 1318 863 1385 πάνυ
877 1320 910 1398 ἐξ
925 1317 1085 1387 ἁπάντων
1105 1324 1234 1405 χωροῦι
1297 1349 1298 1358 ¹

229 1432 284 1478 σιν
296 1449 339 1463 -
350 1409 433 1480 ἀλλά
446 1413 558 1499 μεῖζόν
571 1441 602 1481 τι
616 1410 728 1503 άπάσῃ
741 1423 782 1505 τῇ
800 1415 895 1484 πόλει
910 1413 1044 1502 ἀγαθὸν
1060 1418 1097 1485 ἐκ
1113 1415 1239 1484 τούτου

229 1513 283 1579 καὶ
300 1507 412 1589 αὐτοῖς
428 1513 567 1591 ἐκείνοις
580 1514 849 1600 προσκτώμενοι·
872 1512 984 1592 κοινός
995 1514 1062 1601 γάρ
1077 1541 1126 1592 τις
1144 1512 1239 1600 ἀγόν

229 1606 365 1687 ἀλλος”
342 1627 446 1676 απασι
461 1625 530 1689 τοῖς
540 1609 684 1696 ἀγαθοῖς
696 1618 843 1690 πολίταις
858 1612 1029 1694 πρόκειται
1043 1615 1097 1680 καὶ
1111 1618 1238 1697 στέφα-

229 1732 286 1785 νος
299 1704 342 1776 οά
356 1714 471 1787 πίτυος
485 1708 563 1776 οάδε
584 1705 757 1779 κοτίνου
734 1738 756 1797 η
770 1718 927 1796 σελίνων,
953 1708 1060 1780 ἀλλ’“
1040 1738 1077 1790 ος
1092 1714 1129 1779 ἐν
1145 1709 1298 1818 αὑτῷ
1297 1707 1298 1714 ¹

159 1816 212 1872 094
230 1804 409 1893 συλλαβῶν
423 1807 539 1892 ἔχει
504 1834 565 1893 την
581 1807 774 1891 ἀνθρώπων
792 1808 1068 1896 εόδαιμονίαν,ο
1050 1803 1124 1877 οἷον
1141 1812 1238 1875 ἐλευ-

228 1910 349 1987 θερίαν
363 1906 449 1989 λέγω
461 1902 566 1972 αὐτοῦ
580 1932 615 1972 τε
627 1906 768 1974 ἑκάστου
783 1912 851 1997 ίδίᾳ
862 1909 916 1976 καὶ
930 1915 1028 1997 κοινῇ
1043 1914 1100 1995 τῆς
1117 1913 1237 1992 πατρί-

229 2006 286 2079 δος
302 2002 357 2069 καὶ
371 2009 519 2070 πλοῦτον
532 2006 587 2071 καλ
599 2004 701 2083 δόξαν
715 2005 802 2072 καῖ’
785 2030 909 2089 εορτων
923 2014 1072 2092 πατρίων
1083 2004 1237 2074 ἀπόλαυ-

229 2122 284 2167 σιν
299 2102 354 2167 καὶ
371 2106 502 2169 οίκείων
517 2110 701 2189 σωτηρίαν,
722 2108 778 2172 καὶ
792 2105 944 2184 συνόλως
957 2102 997 2173 τά
1015 2105 1175 2173 κάλλιστα
1188 2096 1236 2172 ἀν

228 2196 271 2265 ἀν
283 2223 332 2275 τις
344 2195 473 2277 εὔξαιτο
483 2203 642 2285 γενέσθαι
657 2204 691 2269 οί
700 2200 790 2284 παρά
802 2209 869 2269 τῶν
880 2210 988 2271 θεῶν·
1011 2209 1115 2269 ταῦτα
1126 2200 1236 2269 πάντα

228 2305 273 2365 τῶ
284 2295 451 2387 στεφάνῳ,
466 2295 507 2367 ὄν
522 2324 617 2385 φημι,
633 2303 941 2370 συναναπέπλεκται
956 2305 1010 2371 καί
1023 2305 1059 2370 ἐκ
1073 2311 1134 2369 τοῦ
1145 2299 1236 2387 ἀγῶ-

228 2422 287 2475 νος
301 2399 433 2465 ἐκείνου
447 2405 688 2484 περιγίγνεται,
710 2398 765 2485 ἐφ’
784 2396 826 2467 δν
842 2406 878 2470 αλ
890 2399 1045 2488 ἀσκήσεις
1065 2392 1164 2468 αὗται
1181 2403 1236 2468 καὶ

229 2500 264 2564 ολ
274 2495 375 2565 πόνοι
389 2494 541 2583 ἀγονσιν.

313 2600 363 2665 16.
382 2602 519 2665 ANAX.
542 2594 640 2680 Εἶτα,
656 2590 865 2685 ἀθαυμάσιε
875 2598 1015 2683 Σόλων,
1031 2596 1169 2666 τοιαῦτά
1179 2622 1237 2682 μοι
1298 2639 1299 2646 1

227 2696 282 2765 καὶ
295 2704 476 2783 τηλικαῦτα
493 2702 578 2784 ἔχων
592 2691 683 2765 ἀθλα
699 2700 853 2777 διεξιέναι
867 2708 954 2785 μῆλα
968 2700 1023 2766 καὶ
1034 2700 1147 2765 σε’λινα
1161 2700 1237 2781 διη-

228 2800 291 2879 γοῦ
306 2795 360 2861 καλ
376 2795 507 2862 θαλλὸν
523 2798 634 2873 ἐλαίας
647 2793 765 2879 ἀγρίας
780 2798 835 2865 καλ
849 2805 966 2878 πίτυν;

311 2899 413 2960 ΣΟΛ.
437 2894 502 2961 Καὶ
522 2893 605 2979 μήν,
631 2886 658 2959 ὦ
677 2891 869 2980 Ἀνάχαρσι,
894 2890 969 2963 οὐδ’
991 2892 1100 2963 ἐκεῖνά
1117 2914 1172 2960 σοι
1189 2900 1237 2961 ἔτι

227 2991 315 3071 δόξει
329 2989 431 3076 μικρά
447 2990 548 3076 εἶναι,
565 2989 692 3060 ὁπόταν
706 2989 729 3060 ἀ
743 2998 829 3081 λέγω
845 2994 1058 3083 καταμάθῃς·
1085 2989 1151 3060 ἀπὸ
1168 2994 1236 3077 γάρ

226 3115 277 3156 τοι
288 3096 345 3173 τῆς
355 3086 457 3174 αὐτῆς
468 3089 601 3176 γνωμης
609 3099 758 3176 γίγνεται
769 3096 823 3161 καλ
835 3097 919 3181 μέρη
933 3094 1042 3161 πάντα
1051 3091 1157 3159 ταῦτά
1166 3094 1236 3158 ἐστι

226 3187 326 3275 μικρά
342 3195 403 3255 τοῦ
418 3195 564 3275 μείζονος
578 3194 709 3259 ἐκείνου
724 3189 853 3276 ἀγῶνος
866 3196 920 3261 καὶ
936 3199 997 3260 τοῦ
1008 3190 1180 3277 στεφάνου
1195 3189 1237 3259 δν

225 3289 380 3367 κατέλεξα
398 3294 459 3355 τοῦ
475 3294 751 3375 πανευδαίμονος.
781 3288 852 3358 δδδ
866 3292 966 3375 λόγος
979 3288 1043 3357 οὐκ
1062 3287 1125 3357 οἷδ’
1143 3287 1237 3366 ὅπως

225 3382 372 3470 ὑπερβάς
391 3383 453 3470 τὴν
478 3386 571 3467 τάξιν
598 3390 737 3455 ἐκείνων
759 3389 925 3475 πρότερον
947 3390 1143 3474 ἐπεμνήσθη
1165 3396 1236 3463 τῶν

221 3482 352 3568 Ἰσθμοῖ
365 3487 574 3570 γιγνομένων
589 3488 644 3554 καὶ
663 3486 857 3572 Ὀλυμπίασι
873 3490 926 3556 καὶ
948 3490 984 3555 ἐν
997 3491 1121 3573 Νεμέᾳ.
1145 3487 1239 3574 πλὴν
