2625 4092
323 279 615 338 ΕΠΙΣΤΟΛΑΙ
632 278 892 338 ΚΡΟΝΙΚΑΙ.
1049 277 1112 340 311

103 449 299 526 κρείττονος.
322 455 422 526 μοῖρα
439 446 548 522 κρεῶν
565 435 638 505 κατ’
656 449 732 506 ίσον
749 437 890 506 ἅπασιν·
913 445 948 506 οί
962 440 1114 506 ὃιοίκονοι

103 539 187 624 πρὸς
197 541 295 627 χάριν
306 541 422 625 μηδενί
435 541 554 622 μηδέν,
571 533 654 606 ιἰλλόι
666 541 749 624 μηδὲ
759 542 1018 625 βραόυνέτωσαν
1029 539 1112 624 μηδὲ

103 641 410 722 παραπετέσθωσοιν
428 634 495 703 ἔστ’
512 631 555 701 όν
572 632 686 714 αὐτοῖς
702 641 799 724 δοκῇ,
822 635 932 703 ὁπόσα
948 634 1010 721 χρὴ
1026 634 1113 703 ἀπο-
1130 647 1182 701 40⁰

103 742 228 823 φέρειν.
250 735 332 823 μηδὲ
350 743 395 823 τῷ
409 735 472 820 μὲν
482 734 626 819 μεγάλα,
646 743 692 824 τῷ
704 733 740 802 δὲ
753 739 874 822 κομιδῇ
885 745 988 820 μικρά
1003 759 1112 817 παρα-

103 840 269 922 τιθέσθω,
295 838 376 922 μηόέ
398 842 443 925 τῷ
465 831 554 920 μὲνὸ
570 835 693 920 μηρός,
718 841 764 924 τῷ
781 835 816 902 δὲ
836 831 857 919 ἡ
873 832 1003 917 γνάθος
1020 832 1111 917 συός,

102 935 175 1005 ἀλλ’
192 937 301 1022 ίσότης
322 936 374 1004 ἐπὶ
391 943 502 1002 πᾶσιν.
535 941 584 1004 18.
599 932 617 1001 ὁ
635 935 784 1019 οἰνοχόος
800 931 860 1014 ὀξύ
877 935 1060 1019 δεόορκέτω
1076 936 1112 1001 ἐκ

102 1043 271 1120 περιωπῆς
287 1036 320 1113 ἐς
335 1034 490 1118 ἕκαστον,
505 1033 561 1101 καὶ
575 1038 712 1099 ἔλαττον
727 1035 759 1110 ἐς
774 1028 835 1098 τόν
850 1031 1034 1116 δεσπότην,
1057 1034 1112 1098 καὶ

101 1130 155 1199 ἐπ’
173 1130 331 1215 ὀξύτερον
343 1129 501 1198 ιῖκουέτω.
525 1134 579 1198 καὶ
592 1131 727 1208 κύλικες
738 1145 902 1197 παντοῖαι.
925 1130 981 1198 καὶ
994 1132 1112 1209 ἐξίστω

101 1237 271 1319 παρέχειν,
294 1232 338 1319 ἥν
352 1259 401 1310 τις
417 1235 534 1320 ἐθέλη,
557 1237 763 1316 φιλοτησίαν.
795 1231 918 1308 πάντες
932 1236 1013 1296 πᾶσι
1028 1255 1113 1311 προ-

101 1335 304 1415 πινέτωσαν,
324 1327 368 1416 ἢν
387 1332 543 1416 ἐθέλωσι,
565 1329 767 1414 προπιόντος
786 1335 848 1396 τοῦ
869 1335 1042 1396 πλουσίου.
1066 1327 1111 1416 μὴ

101 1433 285 1517 ἐπάναγκες
302 1436 384 1498 ἐστιν
400 1436 527 1513 πίνειν,
545 1427 588 1516 ἤν
605 1455 654 1507 τις
668 1426 712 1515 μὴ
729 1429 879 1514 δύνηται.
909 1435 954 1508 είς
969 1426 1006 1496 τό
1024 1451 1112 1516 συμ-

101 1531 223 1598 πόσιον
247 1529 328 1615 μήτε
355 1525 518 1613 ὀρχηστὴν
541 1526 622 1613 μήτε
643 1523 845 1612 κιθαριστὴν
866 1525 990 1605 αύτούς
1017 1526 1112 1614 ἄγειν

100 1627 175 1712 όίρτι
191 1627 410 1714 μανθάνοντα
426 1626 560 1707 ἐξέστω,
578 1624 622 1712 ἤν
635 1652 685 1703 τις
699 1628 808 1714 ἐθέλη.
840 1627 1037 1713 σκώμματος
1052 1631 1112 1713 μί-

101 1752 182 1809 τρον
198 1732 280 1792 ἔστω
297 1722 333 1791 τό
353 1721 484 1791 ἄλυπον
498 1725 551 1791 ἐπὶ
565 1730 677 1792 πᾶσιν.
700 1727 752 1792 ἐπὶ
766 1732 847 1792 πᾶσι
864 1729 1112 1794 πεττευέτωσαν

99 1826 154 1891 ἐπὶ
168 1821 319 1905 καρύων·
343 1819 386 1908 ἤν
397 1847 446 1899 τις
459 1817 512 1888 ἐπ’
529 1818 680 1910 ἀργυρίῳ
691 1821 863 1910 πεττεύση,
880 1821 992 1902 ἄσιτος
1004 1827 1037 1902 ἐς
1050 1822 1112 1910 τὴν

100 1919 281 2004 ὑστεραίαν
298 1926 389 1988 ἐστω.
414 1923 469 1987 καὶ
484 1920 609 2004 μενέτω
625 1922 680 1988 καὶ
694 1917 799 1988 ύπίτω
815 1923 968 2006 ἕκαστος,
985 1919 1111 1990 ὁπόταν

100 2019 271 2108 βούληται.
295 2015 379 2086 ἐπὰν
397 2020 433 2085 δὲ
449 2014 529 2096 τούς
542 2021 671 2098 οίκέτας
685 2017 703 2087 ὁ
719 2021 878 2100 πλούσιος
893 2019 1015 2111 εύωχῇ,
1037 2026 1111 2089 δια-

99 2117 295 2185 κονούντων
309 2119 363 2184 καὶ
379 2121 414 2184 οί
428 2122 520 2201 φίλοι
533 2115 599 2184 σύν
616 2115 716 2208 αύτῷ.
736 2118 816 2198 τούς
830 2122 957 2206 νόμους
971 2122 1111 2198 τούτους

99 2221 241 2286 ἕκαστον
264 2223 333 2282 τῶν
357 2223 529 2284 πλουσίων
554 2217 767 2302 ἐγγράψαντα
788 2221 821 2296 ἐς
842 2226 969 2305 χαλκῆν
985 2221 1111 2306 στήλην

98 2325 187 2403 ἔχειν
198 2318 235 2383 ἐν
246 2315 430 2406 μεσαιτάτῳ
443 2323 501 2401 τῆς
514 2314 633 2402 αὐλῆς,
649 2317 703 2383 καί
719 2313 984 2402 ἀναγινωσκέτω.
1009 2324 1062 2386 δεῖ
1074 2321 1111 2386 δέ

99 2419 222 2485 είόέναι
238 2412 288 2482 ότι
305 2413 371 2483 ἔστ’
388 2411 432 2482 όίν
449 2414 534 2501 αὕτη
548 2412 568 2503 ἡ
583 2415 687 2500 στήλη
703 2419 802 2504 μένη,
826 2414 904 2482 ούτε
920 2415 1014 2502 λιμός
1032 2417 1109 2484 ούτε

97 2513 214 2601 λοιμός
230 2513 307 2583 ούτε
329 2513 476 2598 πυρκαϊὰ
497 2513 573 2582 ούτε
589 2512 671 2582 όίλλο
685 2513 831 2600 χαλεπόν
853 2513 954 2583 ούόέν
971 2527 1108 2583 εἴσεισιν
1126 2535 1176 2588 401

98 2619 145 2692 είς
159 2613 221 2700 την
235 2613 344 2682 οἰκίαν
358 2611 479 2692 αὐτοῖς.
504 2611 547 2700 ἣν
564 2617 603 2680 δέ
614 2639 693 2680 ποτε
712 2655 748 2664 -
766 2611 849 2697 ὅπερ
865 2611 909 2700 μὴ
922 2617 1052 2698 γένοιτο
1066 2660 1110 2671 -

96 2720 306 2804 καθαιρεθῇ,
324 2711 552 2796 ἀποτρόπαιον
569 2709 623 2782 οἶα
638 2722 817 2783 πείσονται.

284 3047 606 3116 ΕΠΙΣΤΟΛΑΙ
642 3047 924 3116 ΚΡΟΝΙΚΑΙ.

586 3198 614 3260 l.

184 3309 233 3372 19.
253 3302 343 3391 Ἐγώ
360 3305 505 3395 Κρόνῳ
527 3313 699 3392 χαίρειν.
731 3305 948 3392 Ἐγεγρόφειν
967 3306 1030 3393 μὲν
1043 3305 1108 3392 ἤδη

96 3424 151 3471 σοι
173 3405 407 3488 καὶπρότερον
427 3409 539 3491 όηλοίν
556 3409 594 3474 ἐν
614 3402 664 3483 οἷς
682 3415 754 3491 είην
771 3409 826 3474 καὶ
843 3403 886 3484 ὡς
905 3403 970 3473 ὑπό
993 3413 1108 3482 πενίας

95 3501 330 3588 κιυόυυεύοιμι
338 3503 441 3590 μόνος
449 3503 588 3590 ἄμοιρος
598 3501 683 3571 είναι
693 3511 750 3590 τῆς
759 3505 883 3589 ἑορτῆς,
893 3500 937 3587 ἢν
946 3505 1107 3590 ἐπήνγελ·
