2625 4092
380 277 440 336 TA
460 276 591 335 ΠΡΟΣ
609 277 820 336 ΚΡΟΝΟΝ.
1038 278 1100 340 303

91 440 262 524 τριβέυτος
280 433 392 513 αὐτοῖς
411 443 473 502 τοῦ
489 435 643 519 σκάφους
663 437 739 516 περὶ
756 433 845 503 οὕτω
860 446 967 526 μικρῷ
985 441 1100 524 ἕρματι

90 543 138 624 τῳ
153 534 256 624 κύβῳ.
280 546 334 601 καί
356 531 422 618 μήν
441 533 496 598 καὶ
510 547 598 599 πιεῖν
612 534 644 609 ές
660 530 697 598 τό
713 532 850 616 ἥδιστον
865 536 919 602 καὶ
935 532 1101 624 ῳδικάτε-

90 658 156 719 ρον
171 631 275 699 ἀλλον
292 632 383 711 δόξαι
398 624 477 720 ᾆσαι
499 631 536 696 ἐν
554 636 600 719 τῷ
616 638 790 722 συμποσίῳ
810 632 864 698 καὶ
880 635 1101 719 διακονουμέ-

92 757 163 797 νων
174 727 252 807 τούς
269 729 331 814 μὲν
347 726 469 806 ἀλλους
485 730 518 805 ές
534 724 571 794 τδ
586 725 679 812 ὕδωρ
696 730 849 814 ἐμπεσεῖν
862 772 905 783 -
921 737 1020 798 τοῦτο
1036 729 1100 817 γάρ

92 826 301 912 τούπιτίμιον
314 834 371 913 τῆς
385 823 518 905 ἀδεξίου
533 829 703 904 διακονίας
717 827 802 894 -σὲ
814 825 1101 917 δὲάνακηρυχθή-

91 955 149 995 ναι
171 932 363 994 καλλίνικον
384 926 439 992 καὶ
459 916 568 990 τάθλα
588 927 752 1010 φέρεσθαι
772 923 832 993 τόν
853 923 998 995 ἀλλᾶντα
1018 925 1101 1018 ὁρᾷς

93 1023 210 1112 ήλίκον
227 1021 264 1090 τδ
286 1022 436 1108 ἀγαθόν;
458 1027 505 1088 έτι
521 1023 576 1090 καλ
590 1025 727 1108 βασιλέα
744 1024 851 1108 μόνον
867 1023 921 1110 ἐφ’
940 1023 1101 1093 ἁπάντων

89 1125 250 1209 γενέσθαι
259 1129 304 1210 τῳ
314 1117 509 1208 ἀστραγάλῳ
520 1119 740 1205 κρατήσαντα,
748 1117 791 1198 ὡς
800 1122 882 1207 μήτε
891 1124 1099 1209 ἐπιταχθείης
1116 1144 1169 1200 388

93 1229 205 1307 γελοία
227 1218 430 1304 ἐπιτάγματα
450 1219 505 1285 καί
522 1213 622 1295 αύτός
645 1218 829 1285 ἐπιτάττειν
844 1224 945 1306 ἔχοις,
970 1228 1016 1310 τῳ
1038 1222 1101 1307 μὲν

91 1321 229 1406 αἰσχρόν
245 1347 275 1386 τι
291 1322 366 1401 περὶ
381 1314 487 1384 αὑτοῦ
507 1313 710 1402 ἀναβοῆσαι,
733 1324 778 1406 τῳ
797 1318 833 1388 δὲ
851 1317 983 1404 γυμνόν
999 1318 1101 1406 ὀρχή-

91 1430 217 1486 σασθαι
235 1419 289 1486 καὶ
305 1417 475 1502 ἀράμενον
489 1413 551 1500 τήν
563 1412 744 1501 αὐλητρίδα
760 1419 828 1500 τρίς
842 1415 903 1502 τήν
917 1423 1027 1485 οἰκίαν
1038 1443 1100 1484 πε-

92 1525 257 1601 ριελθεῖν,
272 1523 341 1594 πῶς
352 1512 424 1600 οὐχί
435 1516 489 1582 καὶ
501 1520 603 1579 ταῦτα
615 1517 772 1598 δείγματα
784 1522 1032 1600 μεγαλοδωρίας
1043 1525 1100 1603 τῆς

90 1619 185 1700 έμής;
214 1621 245 1682 εί
264 1615 299 1680 δὲ
322 1610 359 1681 τό
382 1610 426 1698 μή
450 1610 560 1696 ἀληθῆ
578 1612 661 1697 μηδὲ
681 1615 819 1697 βέβαιον
841 1622 1018 1700 γίγνεσθαι
1037 1614 1100 1701 τήν

91 1710 251 1796 τοιαύτην
262 1717 434 1796 βασιλείαν
445 1709 585 1796 αίτιάση,
601 1708 762 1794 ἀγνωμου
773 1713 922 1796 ποιήσεις
933 1711 1024 1796 ὁρῶν
1036 1711 1100 1778 αύ-

90 1806 152 1877 τδν
168 1808 224 1894 ἐμὲ
240 1806 300 1877 τόν
322 1815 425 1876 ταῦτα
440 1811 639 1891 διανέμοντα
661 1804 892 1893 ὀλιγοχρόνιον
911 1808 973 1896 τήν
993 1810 1100 1897 ἀρχὴν

91 1913 218 1994 ἔχοντα.
248 1908 378 1974 τούτων
395 1903 427 1973 δ’
443 1900 507 1972 ούυ
522 1904 544 1972 ἀ
558 1932 614 1991 μοι
631 1904 758 1972 δυνατά
776 1911 912 1992 δοῦναι,
934 1916 1002 1974 τῶν
1018 1935 1098 1975 πετ-

10 2005 11 2020 ³
94 2014 175 2092 τῶν,
190 2013 251 2075 τοῦ
265 2005 398 2093 ἀρχειν,
413 2013 473 2074 τοῦ
488 2005 582 2094 ᾄδειν
597 2009 649 2072 καί
665 2012 732 2071 τῶν
749 2001 770 2071 ἀ
784 2009 1096 2094 κατηριθμησάμην,

89 2112 232 2189 θαρρῶν
254 2115 355 2189 αίτει,
380 2102 423 2182 ὡς
446 2107 528 2190 ἐμοῦ
549 2102 632 2188 πρός
650 2101 751 2171 οὐδὲν
769 2107 983 2190 δεδιξομένου
1003 2127 1039 2172 σε
1060 2116 1100 2194 τή

90 2208 194 2290 αίγίδι
209 2206 322 2293 καὶτῷ
338 2210 491 2292 κεραυνῷ

176 2309 205 2370 5.
221 2309 304 2371 ΙΕΡ.
325 2299 426 2387 Ἀλλ’,
442 2294 468 2367 ό
484 2302 636 2368 Τιτάνων
648 2299 772 2386 ἀριστε,
783 2301 922 2387 τῶνμέν
937 2302 1100 2370 τοιούτων

90 2399 134 2468 ού
150 2405 282 2486 δέομαι,
299 2398 342 2465 σύ
361 2401 395 2465 δὲ
412 2397 485 2466 ἀλλ’
503 2401 613 2466 ἐκεῖνό
628 2426 685 2484 μοι
701 2398 898 2484 ἀπόκριναι,
920 2398 940 2469 δ
958 2401 1099 2487 μάλιστα

91 2498 243 2568 ἐπόθουν
259 2501 396 2582 εἰδέναι,
414 2505 471 2565 καί
479 2524 535 2583 μοι
548 2493 592 2584 ήν
609 2507 703 2586 ἐἴπης
716 2498 816 2584 αὐτό,
832 2497 952 2585 ἱκανήν
968 2504 1027 2585 ἒση
1037 2498 1100 2585 τήν

90 2596 236 2685 ἀμοιβήν
252 2594 471 2674 ἀποδεδωκώς
486 2595 560 2663 ἀντὶ
577 2604 636 2683 τής
648 2604 786 2682 θυσίας,
808 2599 863 2663 καὶ
879 2596 962 2680 πρός
977 2595 1013 2664 τὸ
1029 2605 1101 2664 λοι-

89 2695 158 2768 πόν
175 2695 298 2783 ἀφίημί
309 2717 361 2764 σοι
375 2695 414 2762 τά
431 2699 518 2781 χρέα.

177 2803 307 2864 ΚΡΟΝ.
334 2793 456 2879 Ἐράτα
476 2795 596 2880 μόνον·
627 2791 874 2882 ἀποκρινοῦμαι
889 2796 971 2881 γάρ,
993 2792 1037 2881 ήν
1052 2803 1100 2864 εί-

89 2895 159 2974 δάς
172 2895 269 2982 τύχω.

175 3004 258 3065 ΙΕΡ.
286 2993 330 3063 Τδ
347 2996 408 3080 μὲν
424 3002 558 3079 πρῶτον
574 2998 697 3077 έκεῖνο,
721 2999 751 3062 εί
764 2992 876 3080 ἀληθῆ
888 2996 992 3060 ταύτά
1008 2997 1099 3062 ἐστιν

89 3093 202 3178 ἀπερλ
219 3103 282 3163 σοῦ
301 3093 487 3180 ἀκούομεν,
509 3091 552 3172 ὡς
567 3095 746 3180 κατήσθιες
765 3091 805 3160 τά
822 3092 1017 3179 γεννάμενα
1032 3092 1098 3160 ὑπὸ

89 3201 148 3279 τῆς
163 3192 267 3279 Ῥέας,
288 3197 397 3280 ἐκείνη
414 3195 449 3261 δὲ
470 3191 662 3280 ὑφελομένη
679 3193 739 3260 τὸν
753 3200 820 3261 Δία
836 3201 935 3261 λίθον
949 3190 1100 3281 ὑποβαλ-

90 3297 213 3380 λομένη
230 3292 302 3361 ἀντὶ
322 3301 383 3361 τοῦ
398 3296 546 3380 βρέφους
565 3299 672 3361 ἔδωκε’
686 3315 738 3360 σοι
757 3308 944 3376 καταπιεῖν,
968 3289 986 3360 ὁ
1003 3294 1039 3360 δὲ
1054 3299 1101 3372 εἰς

39 3419 46 3442 ·
90 3391 223 3477 ἡλικίαν
243 3390 445 3479 ἀφικόμενος
465 3395 602 3480 ἐξήλασέ
620 3415 658 3461 σε
673 3401 730 3479 τής
746 3390 846 3479 ἀρχῆς
868 3394 1000 3482 πολέμῳ
1017 3418 1100 3473 κρα-

91 3493 207 3578 τήσας,
237 3490 304 3561 εἶτα
328 3495 361 3572 ές
380 3491 440 3561 τόν
467 3495 641 3578 Τάρταρον
663 3493 777 3578 φέρων
799 3493 933 3578 ἐνέβαλε
955 3491 1100 3577 πεδήσας
