2625 4092
221 310 283 375 228
583 312 879 372 ΛΟΥΚΙΑΝΟΤ

220 499 271 540 τοι
286 474 505 559 παρήλθομεν
520 477 566 550 είς
584 472 621 539 τὸ
641 481 719 540 είσω
739 477 807 538 τῶν
827 478 943 556 τειχῶν
961 473 1014 538 καὶ
1034 476 1153 556 ἔχομεν
1168 469 1233 557 τήν

221 569 333 638 πάλιν
350 568 368 636 ὁ
380 568 535 657 βασιλεύς
547 570 582 638 δὲ
592 572 666 652 περὶ
678 574 900 655 Κτησιφῶντα
912 573 1093 655 διατρίβων
1104 569 1229 655 ἤκουσε

220 667 281 754 τήν
297 673 437 755 ἔφοδον,
455 667 522 736 εἶτα
536 675 582 748 είς
595 667 799 738 Σελεύκειαν
816 668 997 751 παρελθών
1013 671 1230 753 παρασκευά·

221 772 306 847 ζεται
321 769 439 845 ίπιιέας
453 791 488 832 τε
503 765 553 833 ὅτι
568 771 743 842 πλείστους
756 766 1049 851 μεταπεμπόμενος
1066 768 1122 835 καὶ
1132 767 1229 847 τοξό-

220 890 283 941 ταςΙ
296 867 351 930 καὶ
372 865 608 949 σφενδονήτας.
643 861 888 948 ἀπαγγέλλουσι
913 861 944 929 δ’
965 857 1029 930 οὖν
1052 869 1087 932 οί
1109 868 1229 932 σκοποὶ

221 960 305 1046 άμφλ
319 959 377 1038 τάς
393 959 511 1028 ἑκατὸν
525 960 588 1047 ήδη
603 962 768 1046 μυριάδας
782 967 842 1027 τού
853 967 997 1046 μαχίμου
1013 964 1229 1047 συνειλέχθαι

207 1061 272 1126 ’καὶ
291 1059 420 1125 τούτων
437 1069 563 1128 είκοσιυ
577 1058 817 1141 ’ίπποτοξότας,
838 1066 944 1126 καίτοι
960 1058 1056 1126 οὔπω
1078 1059 1230 1145 δἈρμέ-

219 1183 290 1234 νιος
309 1155 471 1239 πάρεστιν
488 1155 565 1223 ούτε
585 1162 621 1225 οί
633 1156 716 1225 κατά
737 1155 798 1242 τήν
814 1163 967 1224 Κασπίαν
983 1161 1156 1226 θάλατταν
1179 1164 1230 1226 οί·

219 1264 357 1334 νοοῦντες
372 1254 450 1324 ούτε
467 1263 502 1324 οί
512 1254 577 1325 άτιό
594 1259 769 1344 Βάκτρων,
788 1256 862 1326 ἀλλ’
879 1261 914 1325 ἐκ
932 1267 1000 1325 τῶν
1014 1267 1156 1344 πλησίον
1174 1260 1231 1324 καὶ

220 1359 425 1438 προαστείων
436 1362 493 1439 της
508 1353 624 1441 ἀρχῆς·
647 1353 737 1422 οὕτω
752 1359 874 1445 ῥᾳδίως
891 1358 1052 1434 τοσαύτας
1062 1357 1230 1444 μυριάδας

151 1467 203 1524 271
222 1456 380 1532 κατέλεξε.
404 1450 518 1532 καιρὸς
529 1446 594 1519 ούν
604 1451 667 1540 ήδη
679 1468 816 1520 σκοπεῖν
829 1451 915 1541 ἡμᾶς
925 1453 946 1522 ὅ
957 1483 986 1522 τι
997 1452 1059 1541 χρή
1071 1466 1192 1520 ποιεῖν.

305 1555 355 1617 35.
375 1557 535 1617 ΑΔΕΙΜ.
551 1549 637 1617 Ἀλλ’
649 1551 714 1636 έγῶ
726 1555 787 1636 μέν
799 1577 884 1637 φημι
900 1557 969 1619 δεῖν
982 1551 1067 1636 ύμάς
1080 1548 1117 1618 τό
1129 1547 1231 1631 πεζὸν

221 1645 353 1716 άπιίναι
366 1646 427 1734 τὴν
442 1650 493 1715 ε’πὶ
507 1656 762 1734 Κτησιφῶντος,
775 1647 861 1734 ἡμᾶς
874 1653 910 1716 δὲ
921 1647 957 1716 τδ
974 1650 1109 1717 ἱππικὸν
1121 1645 1231 1715 αὐτοῦ

221 1750 335 1832 μένειν
351 1744 413 1831 τήν
430 1753 616 1832 Βαβυλῶνα
633 1748 906 1830 διαφυλάξοντας.

305 1853 418 1912 ΣΑΜ.
437 1842 640 1934 Ἀποδειλιᾷς
660 1849 714 1913 καὶ
736 1847 794 1931 σύ,
817 1840 844 1914 ῶ
861 1846 1065 1932 Ἀδείμαντε,
1086 1851 1233 1930 πλησίον

222 1949 283 2008 τού
292 1943 457 2009 κινδύνου
469 1943 664 2029 γενόμενος;
687 1947 739 2012 σοὶ
751 1945 786 2012 δὲ
797 1953 831 2012 τί
840 1951 946 2028 δοκεῖ,
963 1938 989 2013 ῶ
1005 1946 1164 2030 Τιμόλαε;

310 2049 404 2110 ΤΙΜ.
429 2041 555 2131 Ἀπάση
576 2052 615 2132 τή
637 2051 774 2133 στρατιᾷ
790 2050 936 2130 βαδίζειν
956 2047 1008 2112 ίπὶ
1028 2042 1106 2121 τούς
1128 2051 1235 2109 πολε-

222 2145 334 2224 μίους,
351 2141 433 2224 μηδὲ
448 2145 638 2225 περιμένειν
649 2141 717 2210 ἔστ’
733 2139 776 2209 ῶν
788 2141 927 2229 άμεινου
943 2142 1235 2226 παρασκευάσων-

223 2265 275 2304 ται
286 2240 498 2323 πανταχόθεν
509 2249 576 2307 τῶν
588 2241 770 2325 συμμάχων
780 2240 1069 2326 προσγενομένων,
1082 2235 1156 2306 ἄλλ’
1170 2237 1235 2317 ἕως

223 2342 270 2403 ἐτι
288 2335 368 2404 καθ’
387 2336 469 2406 ὁδόν
484 2346 569 2406 είσιν
583 2344 616 2407 οί
630 2344 797 2425 πολέμιοι,
814 2345 1029 2424 ἐπιχειρῶμεν
1043 2334 1165 2412 αὐτοῖς.

308 2443 420 2503 ΣΑΜ.
436 2430 488 2504 Εὖ
503 2442 616 2524 λέγεις.
647 2436 690 2505 σύ
705 2439 741 2505 δὲ
756 2445 804 2521 τί,
828 2431 990 2504 ῶΛυκῑνε
999 2488 1008 2521 ,
1025 2437 1236 2521 δοκιμάζειςς

307 2541 404 2602 AYK.
418 2534 500 2621 Ἐγώ
517 2558 570 2603 σοι
590 2538 725 2623 φράσω·
749 2535 860 2621 ἐπειδή
877 2536 1088 2622 κεκμήκαμεν
1106 2535 1236 2600 συντύ-
1310 2551 1311 2597 ι

223 2659 288 2712 νως
304 2632 496 2718 ὁδεύοντες,
519 2633 620 2703 ὁπότε
635 2637 810 2724 κατῄειμεν
826 2639 935 2702 ἕωθεν
949 2637 982 2712 ἐς
998 2632 1058 2701 τὸν
1073 2640 1235 2715 Πειραιᾶ,
1309 2667 1310 2740 η

223 2735 277 2800 καὶ
297 2741 362 2799 νῶν
382 2732 445 2820 ήδη
464 2734 644 2819 τριάκοντά
668 2761 734 2802 που
754 2738 909 2813 σταδίους
929 2732 1238 2817 προκεχωρήκαμεν
1308 2787 1309 2806 ,

222 2834 276 2899 καὶ
297 2829 314 2897 ὁ
335 2831 426 2918 ἥλιος
441 2834 562 2918 πολύς,
587 2832 670 2901 κατά
691 2841 899 2920 μεσημβρίαν
915 2831 979 2918 γάρ
994 2830 1057 2918 ήδη
1075 2831 1236 2914 μάλιστα,
1308 2809 1309 2879 δ

222 2932 371 2998 ἐνταῦθά
383 2957 450 2999 που
462 2933 513 3000 ἐπὶ
525 2933 583 3011 τάς
594 2935 704 3010 ίλαίας
717 2933 768 2998 ἐπὶ
783 2940 840 3016 τῆς
850 2929 1138 3015 ἀνατετραμμένης
1151 2928 1231 3014 στή·
1307 2931 1308 3021 ή

222 3039 282 3115 λης
295 3038 497 3107 καθίσαντας
512 3029 788 3113 ἀναπαύσασθαι,
813 3027 880 3095 εἶτα
900 3027 1013 3106 οὕτως·
1021 3026 1237 3106 ἀναστάντας
1306 3075 1307 3161 η

222 3125 339 3194 ἀνύειν
354 3126 390 3194 τὸ
408 3127 527 3195 λοιπὸν
541 3132 574 3207 ές
590 3127 625 3197 τὸ
644 3128 737 3195 ἄστυ.

307 3233 418 3291 ΣΑΜ.
432 3223 502 3294 Ἔτι
514 3223 578 3310 γάρ
591 3224 788 3312 Ἀθήνησιν,
802 3219 829 3294 ῶ
840 3229 998 3312 μακάριε,
1014 3225 1098 3294 εἶναι
1110 3230 1238 3303 δοκεις,

221 3321 258 3400 ὃς
272 3321 356 3408 ἀμφὶ
371 3330 556 3409 Βαβυλῶνα
579 3326 616 3390 ἐν
636 3331 681 3413 τῷ
698 3329 798 3416 πεδίῳ
815 3323 878 3408 πρὸ
895 3331 963 3391 τῶν
984 3331 1102 3409 τειχῶν
1122 3325 1162 3391 ἐν
1177 3351 1238 3390 το-

223 3420 354 3499 σούτοις
369 3423 581 3505 στρατιώταις
597 3423 745 3509 κάθησαι
763 3426 837 3505 περὶ
853 3430 913 3491 τοῦ
928 3426 1076 3506 πολέμου
1092 3429 1237 3490 διασκο-

224 3521 409 3605 πούμενος;
