2625 4092
251 313 315 379 ενα
597 320 912 400 [Λουκακαου]

248 487 396 577 θόμενός
413 514 447 555 τε
460 496 515 556 καὶ
529 484 823 573 παρανυττόμενος
842 485 933 572 παρὰ
948 494 1010 555 τοῦ
1025 489 1247 574 πεπαλαιωμὲ·

248 610 312 653 νου
322 589 453 655 ἐκείνου
465 590 651 673 δαιμονίου.
675 592 725 654 23,
738 591 784 664 είς
794 586 915 673 λόγους
924 587 960 655 δὲ
969 593 1074 655 ταῦτα
1085 597 1251 674 παρεκτεί-

248 710 365 765 ναντες
385 691 496 754 πείθει
513 712 554 772 με
579 685 640 754 τὸν
662 690 890 770 κακοδαίμονα
913 692 958 764 είς
981 687 1104 772 γόητας
1120 685 1248 770 άνθρό-

246 810 331 863 πους
340 787 590 872 παραγενέσθαι
602 785 655 853 καὶ
667 782 841 868 ἀποφράδι
851 783 888 854 τό
902 782 942 871 δή
954 786 1142 872 λεγόμενον
1152 783 1252 873 ἡμέρᾳ

247 893 469 972 συγκυρήσαι·
493 891 617 970 ἔφασκε
636 879 702 969 γάρ
720 881 828 951 πάντα
851 887 883 964 ἐξ
904 881 1017 951 αὐτῶν
1036 905 1254 969 μυσταγωγη-

247 992 360 1071 θῆναι.
384 985 438 1053 καὶ
450 980 490 1071 δὴ
506 983 691 1069 διήλθομεν
702 981 858 1068 σιδηρέας
867 1008 902 1050 τε
913 983 1020 1060 πύλας
1032 983 1086 1051 καλ
1096 984 1255 1068 χαλκέους

247 1085 379 1161 οόδοός.
413 1081 612 1171 άναβάθρας
637 1084 673 1149 δέ
695 1089 848 1160 πλείστας
870 1085 1207 1176 περικυκλωσάμενοι
1229 1085 1256 1160 ἐς

246 1182 462 1271 χρυσόροφον
480 1180 573 1249 οἷκον
589 1177 798 1267 άνήλθομεν,
821 1175 893 1249 οἷον
906 1179 1049 1267 Ὅμηρος
1065 1179 1129 1248 τόν
1147 1189 1257 1248 Μενε·

177 1301 229 1357 ⁶12
247 1281 332 1350 λάου
345 1289 437 1369 φησί.
469 1282 524 1349 καὶ
544 1280 585 1367 δή
607 1278 739 1347 ἅπαντα
761 1282 954 1361 ἐσκοπίαζον
977 1278 1038 1347 ὅσα
1057 1279 1258 1366 όνησιοότης

246 1385 371 1462 ἐκεῖνος
381 1387 562 1456 νεανίσκος.
592 1375 661 1461 ὁριῦ
674 1377 709 1446 δὲ
721 1377 782 1465 οῦχ
793 1376 943 1466 Ἑλένην,
960 1377 1006 1465 μά
1015 1376 1090 1462 Δί’,
1108 1377 1189 1448 ἀλλ’
1202 1379 1258 1448 ἄν·

247 1486 327 1566 δρας
344 1478 584 1564 ἐπικεκυφότας
602 1479 658 1546 καλ
679 1479 987 1565 κατωχριυμέυους·
1020 1483 1054 1546 οί
1072 1479 1110 1548 δέ
1133 1479 1259 1556 ἰδόντες

245 1581 402 1667 γήθησαν
412 1577 467 1647 καὶ
477 1581 509 1657 ἐξ
520 1579 671 1656 ἐναντίας
681 1579 916 1665 παρεγένοντο·
937 1584 1085 1664 ἔφασκον
1096 1577 1165 1664 γάρ
1179 1576 1226 1658 οἱς
1236 1588 1261 1646 ελ

245 1706 320 1746 τινα
337 1673 466 1763 λυγράν
483 1672 640 1762 άγγελίαν
659 1675 856 1763 άγάγοιμεν·
885 1680 1061 1763 ἐφαίνοντο
1081 1675 1150 1762 γάρ
1168 1673 1258 1745 οῦτοι

247 1775 291 1855 ὡς
301 1773 341 1843 τά
351 1773 489 1843 κάκιστα
502 1771 675 1860 εὐχόμενοι
691 1777 745 1843 καὶ
762 1779 892 1862 ἔχαιρον
906 1779 957 1845 ἐπὶ
968 1791 1034 1854 τοῖς
1045 1783 1189 1861 λυγροῖς
1202 1775 1258 1853 ὥς

247 1901 309 1961 περ
321 1877 359 1941 αί
366 1873 553 1941 ποινοποιοδ
565 1873 617 1940 ἐπὶ
628 1875 771 1960 θέατρα,
788 1871 846 1952 τὰς
861 1873 1007 1959 κεφαλάς
1019 1869 1050 1939 δ’
1064 1871 1144 1958 ἄγχι
1161 1874 1258 1959 σχόν-

242 1997 298 2052 τες
310 1970 513 2055 ἐψιθῦριζον.
534 1967 614 2058 μετά
628 1974 663 2038 δὲ
675 1969 713 2038 τά
726 1970 847 2058 ήροντό
858 1998 909 2058 με,

309 2077 357 2148 τίς
368 2068 477 2136 πόθεν
488 2067 533 2147 είς
544 2067 695 2156 ἀνδρῶν,
710 2070 794 2137 πόθι
805 2097 855 2138 τοι
866 2069 962 2149 πόλις
970 2067 1028 2156 ήδέ
1038 2078 1178 2155 tumim

246 2167 385 2256 χρηστὸς
395 2167 459 2253 γάρ
471 2162 513 2234 άν
526 2178 593 2254 εἴης
604 2166 671 2235 άπό
683 2195 720 2253 γε
732 2177 792 2235 τοῦ
803 2169 973 2255 σχήματος.
987 2160 1030 2254 ήυ
1040 2165 1073 2234 δ’
1084 2168 1166 2254 έγαό,
1176 2165 1254 2238 Ὀλί-

245 2295 299 2354 γοι
310 2293 347 2353 γε
357 2274 507 2353 χρηστοί,
521 2265 632 2350 ὥσπερ
643 2268 755 2353 βλέπω
767 2274 950 2352 πανταχοῦ·
981 2270 1117 2350 Κριτίας
1132 2265 1169 2335 δὲ
1182 2267 1254 2334 τοῦ·

246 2391 346 2453 νομα,
366 2364 460 2442 πόλις
472 2367 511 2431 δέ
524 2391 580 2450 μοι
591 2370 693 2434 ἐνθεν
711 2364 796 2434 ὅθεν
807 2368 861 2432 καὶ
873 2361 960 2451 ῦμίν.
989 2368 1039 2433 24.
1053 2361 1098 2443 ὥς
1111 2360 1146 2432 δ’
1160 2363 1253 2450 άερο

245 2471 425 2552 βατοῦνιες
439 2464 689 2548 ἐπυνθάνοντο,
711 2473 789 2543 Πῶς
800 2463 840 2531 τά
856 2472 914 2550 τής
925 2463 1050 2542 πόλεως
1066 2466 1124 2532 καὶ
1142 2463 1187 2531 τά
1200 2471 1253 2532 τοῦ

244 2565 391 2649 κόσμους
410 2554 455 2648 ήν
471 2559 503 2628 δ’
516 2561 596 2647 ἐγό,
616 2568 783 2644 Χαίρουοί
789 2586 826 2648 γε
838 2562 958 2641 πάντες
974 2561 1028 2629 καὶ
1039 2565 1086 2629 ἐτι
1103 2587 1144 2646 γε
1155 2563 1252 2646 χαρή-

246 2685 370 2730 σονται.
393 2663 429 2729 ol
436 2659 472 2727 δέ
483 2657 646 2727 ἀνένευον
658 2674 727 2739 ταῖς
741 2657 902 2745 όφρῦσιν,
922 2655 993 2745 Οὐχ
1006 2656 1112 2725 οὕτω·
1136 2663 1250 2725 δυστυ-

245 2773 299 2826 κεί
305 2755 369 2845 γάρ
380 2754 401 2844 ή
413 2756 515 2835 πόλις.
528 2749 571 2843 ήν
580 2755 613 2823 δ’
624 2756 689 2842 ἐγώ
701 2758 782 2824 κατά
791 2755 853 2843 τήν
862 2755 975 2824 αὐτῶν
983 2755 1137 2842 γνάμην·
1156 2755 1253 2843 Ὑμεῖς

245 2858 418 2942 πεδάρσιοι
435 2854 528 2933 ὄντες
545 2857 598 2921 καὶ
611 2852 654 2933 ὡς
669 2852 733 2922 άπὸ
746 2853 877 2940 ὑψηλοῦ
894 2853 1025 2923 ἅπαντα
1041 2865 1253 2937 καθορῶντες

175 2973 227 3030 613
246 2952 505 3036 ὀξυδερκέστατα
521 2955 575 3021 καὶ
592 2952 671 3020 τάδε
688 2953 876 3039 νευοήκατε.
899 2959 969 3032 πῶς
979 2949 1016 3019 δέ
1030 2948 1071 3019 τά
1082 2961 1147 3018 τοῦ
1164 2955 1254 3021 αίθί-

246 3078 320 3134 ρος;
342 3061 415 3135 μῦν
426 3053 567 3131 ἐκλείψει
578 3048 596 3118 ὁ
608 3050 716 3138 ήλιος,
734 3048 754 3138 ή
767 3052 803 3121 δέ
813 3051 934 3138 σελήνη
946 3049 1027 3119 κατά
1039 3049 1194 3119 κάθετον
1203 3076 1254 3136 γε·

245 3150 398 3234 υήσεται;
420 3144 550 3235 δ”Αρης
565 3155 594 3217 εί
608 3150 849 3235 τετραγωνήσει
865 3146 926 3217 τὸν
934 3154 1002 3218 Δία
1019 3153 1075 3217 καὶ
1093 3146 1255 3233 ὁΚρόνος

247 3246 454 3334 διαμετρήσει
470 3244 531 3314 τόν
547 3246 659 3333 ήλιον;
685 3246 705 3335 ή
723 3248 898 3335 Ἀφροδίτη
916 3254 946 3316 εί
961 3244 1040 3334 μετά
1057 3255 1123 3315 τοῦ
1134 3245 1254 3335 Ἑρμοῦ

246 3346 442 3413 συνοδεῦσει
464 3346 519 3414 καλ
536 3343 815 3432 Ἑρμαφροδίτους
835 3345 1106 3433 ἀποκνήσουσιν,
1134 3344 1192 3434 ἐφ’
1213 3341 1255 3424 οἷς

245 3442 337 3529 ὑμεῖς
353 3440 491 3529 ήδεσθες
514 3449 545 3511 εί
559 3446 739 3530 ῥαγδαίους
755 3442 872 3522 ὑετοὺς
890 3446 1138 3531 ἐκπέμψουσινς
1161 3452 1195 3513 εί
1208 3473 1253 3510 νι·

245 3537 349 3624 φετόν
361 3537 469 3608 πολῦν
480 3540 785 3627 ἐπιστρωννόσουσι
796 3550 836 3630 τῇ
845 3549 898 3633 γῇ,
909 3542 1054 3629 χάλαζαν
1063 3541 1101 3611 δέ
1111 3546 1171 3613 καὶ
1183 3548 1252 3626 ἐριι
