2625 4092
247 270 307 334 176
599 278 904 335 ΛΟῬΚΙΑΝΟΤ

243 460 317 518 μοι,
339 430 519 518 ἀποφράδα
534 432 775 519 ἀνομάζεσθαις
803 433 886 503 ἀλλά
903 443 948 519 τί,
974 435 1056 520 πρδς
1073 437 1175 522 Διός,
1197 443 1246 503 καὶ

146 586 149 593 .
244 538 380 616 φιλῆσαι
400 538 445 619 τῷ
460 532 597 617 στόματι
617 536 751 616 προσέτι
767 531 917 613 ἀξιώσεις
933 532 1017 619 ἡμᾶς
1039 532 1092 602 ἐπ’
1112 539 1246 612 ἐκείνοις

243 643 310 706 τοῖς
324 634 449 712 ἐργοις;
471 637 570 696 τούτο
582 640 668 716 γοῦν
678 629 715 697 τὸ
728 628 969 716 ὑβριστότατον
980 647 1103 716 ποιεῖς,
1120 634 1176 699 καὶ
1187 635 1246 718 μα’-

177 742 226 796 180
245 736 339 794 λιστα
349 723 432 807 πρὸς
443 723 502 804 οὓς
512 725 628 812 ήκιστα
643 733 742 814 έχρήν
754 732 806 796 καί
819 726 897 806 τοὺς
909 727 1076 815 ὁμιλητάς,
1090 726 1140 809 οἷς
1151 727 1245 797 ἱκανά

242 817 286 907 ήν
307 826 416 890 ἐκεῖνα
433 825 520 908 μόνα
536 823 576 891 τά
598 824 682 892 κακά
701 834 761 893 τοῦ
783 834 846 894 σοῦ
871 828 1032 911 στόματος
1054 825 1245 907 ἀπολαύειν,

243 919 279 987 τὸ
300 921 473 1008 βάρβαρον
492 930 560 990 τῶν
577 921 769 1009 ὀνομάτων,
792 922 828 992 τό
853 923 956 1010 τραχὺ
979 932 1035 1011 τῆς
1053 934 1188 1011 φωνής,
1213 923 1245 989 τὰ

243 1018 396 1104 ἄκριτον,
416 1017 452 1086 τδ
465 1020 625 1104 ἀτακτον,
640 1019 677 1088 τδ
693 1023 800 1108 πάντη
813 1019 963 1108 ἀμουσον
976 1025 1028 1088 καὶ
1044 1021 1244 1089 τὰτοιαῦτα·

242 1125 379 1202 φιλῆσαι
405 1123 445 1185 δέ
466 1139 518 1185 σοι
544 1121 594 1186 ἐπὶ
618 1122 748 1198 τούτοις
768 1122 814 1206 μὴ
837 1123 983 1205 γένοιτο,
1017 1113 1042 1186 οδ
1067 1118 1245 1198 ἀλεξίκακε.

242 1213 363 1281 ἀσπίδα
378 1222 506 1301 μᾶλλον
520 1211 542 1301 ἢ
558 1221 693 1301 ἔχιδναν
714 1224 851 1302 φιλήσοι
873 1216 1028 1302 ἀμεινον·
1059 1222 1169 1302 δῆγμα
1186 1221 1246 1285 ἐκει

240 1310 277 1378 τὸ
293 1315 500 1398 κινδύνευμα
512 1317 565 1383 καὶ
580 1315 725 1400 ἄλγημα,
741 1311 824 1380 καὶὸ
841 1311 953 1394 ιάτρὸς
966 1316 1152 1399 εἰσκληθεὶς
1170 1316 1246 1398 ἐπή-

241 1435 361 1493 μυνεν·
382 1408 447 1477 ἀπδ
465 1413 500 1479 δὲ
515 1418 575 1478 τοῦ
586 1418 649 1478 σού
662 1413 844 1495 φιλήματος
859 1414 912 1477 καλ
928 1417 983 1478 ίοῦ
1000 1413 1131 1478 ἐκείνου
1146 1418 1197 1488 τίς
1208 1407 1246 1476 ἀν

240 1504 261 1593 ή
276 1514 376 1592 ίεροῖς
387 1505 409 1594 ή
419 1517 543 1596 βωμοῖς
557 1514 757 1591 προσέλθοις
778 1517 826 1586 τίς
838 1508 869 1575 δ’
883 1505 926 1575 ἀν
941 1507 1021 1586 θεὸς
1033 1511 1246 1576 ἐπακούσειεν

240 1615 288 1676 ἔτι
303 1605 503 1692 εὐχομένους
525 1608 639 1676 πόσων
651 1614 949 1693 περιρραντηρίων,
963 1607 1077 1674 πόσων
1089 1613 1246 1691 ποταμῶν

241 1711 292 1774 δεῖ
298 1735 307 1786 3
329 1711 380 1772 24.
393 1709 448 1773 καλ
462 1714 611 1784 τοιοῦτος
623 1704 723 1784 αὐτὸς
739 1702 787 1771 ἀν
802 1708 976 1790 κατεγέλας
987 1712 1054 1771 των
1068 1702 1184 1772 ἀλλων
1196 1700 1244 1770 ἐπ’

241 1803 381 1888 ὀνόμασι
393 1805 447 1869 καὶ
460 1804 604 1888 ῥήμασιν
615 1810 696 1888 ἔργα
707 1811 842 1870 τοιαῦτα
856 1805 910 1870 καὶ
921 1809 1098 1887 τηλικαῦτα
1113 1803 1246 1886 ἐργαζό-

240 1928 347 1988 μενος.
372 1908 478 1968 καίτοι
493 1903 629 1987 ἐγὼμὲν
640 1901 820 1988 ἀποφράδα
836 1898 878 1986 μή
893 1898 987 1978 είδώς
998 1899 1195 1988 ήσχυνόμην
1206 1895 1246 1964 ἀν

239 2010 382 2089 μᾶλλον,
404 1999 464 2086 οὐχ
486 2001 575 2080 ὅπως
599 2001 702 2070 είπάν
726 1999 911 2086 ἀρνηθείην
934 1998 990 2065 ἀν·
1025 1996 1060 2064 σέ
1081 1997 1116 2064 δέ
1139 1994 1246 2072 οὐδεὶς

240 2101 395 2188 ᾐτιάσατο
406 2099 501 2187 ἡμῶν
514 2101 751 2187 βρωμολόγους
764 2103 902 2186 λέγοντα
916 2101 970 2166 καλ
986 2100 1245 2183 τροπομάσθλη-
1300 2161 1301 2186 η

238 2226 296 2275 τας
324 2201 378 2266 καλ
402 2202 611 2284 ῥησιμετρεῖν
633 2200 688 2265 καὶ
713 2196 844 2282 ἀθηνιῶ
868 2199 919 2264 καλ
946 2193 1172 2278 ἀνθοκρατεῖν
1195 2197 1246 2260 καὶ
1300 2195 1301 2254 ι

239 2300 461 2380 σφενδικίζειν
474 2297 528 2363 καλ
543 2302 836 2382 χειροβλημάσθαι.
860 2290 965 2360 κατιόν
980 2300 1089 2369 κακῶς
1099 2312 1138 2357 σε
1153 2289 1171 2358 ὁ
1191 2292 1241 2358 λό·

173 2410 220 2465 181
240 2419 311 2478 γιος
326 2389 445 2478 Ἑρμῆς
468 2397 667 2476 ἐπιτρίψειεν
684 2390 797 2469 αὐτοῖς
815 2392 934 2476 λόγοις.
967 2397 1034 2457 ποῦ
1055 2387 1120 2474 γάρ
1144 2397 1246 2456 ταῦτα

238 2496 305 2556 τῶν
321 2496 460 2577 βιβλίων
479 2488 658 2574 εὑρίσκεις;
682 2492 718 2555 ἐν
730 2495 835 2576 γωνίᾳ
846 2515 912 2556 που
924 2490 1006 2573 τάχα
1019 2493 1087 2554 τῶν
1101 2491 1246 2572 ίαλέμων

238 2584 330 2664 τινὸς
351 2594 499 2670 ποιητῶν
516 2589 814 2671 κατορωρυγμένα,
841 2583 983 2670 εύρῶτος
1006 2590 1059 2654 καὶ
1078 2583 1246 2672 ἀραχνίων

238 2685 357 2771 μεστά,
378 2683 400 2771 ή
416 2712 483 2753 που
499 2690 534 2753 ἐκ
552 2693 619 2752 τῶν
635 2691 825 2764 Φιλαινίδος
841 2691 981 2767 δέλτων,
1004 2683 1043 2764 ἀς
1065 2684 1120 2752 διά
1139 2684 1247 2770 χειρὸς
1299 2683 1300 2708 ¹

239 2792 336 2869 ἔχεις·
363 2791 426 2850 σοῦ
446 2787 559 2869 μέντοι
580 2785 635 2851 καὶ
654 2792 715 2850 τοῦ
732 2791 794 2849 σού
810 2786 970 2869 στόματος
991 2783 1074 2864 ἀξια.
1109 2790 1161 2852 25.
1179 2787 1244 2851 ἐπεὶ

238 2885 273 2946 δὲ
288 2888 349 2946 τοῦ
364 2880 524 2965 στόματος
540 2882 730 2966 ἐμνήσθην,
748 2889 782 2948 τί
795 2889 894 2966 φαίης
906 2880 964 2965 ἀν,
987 2892 1019 2949 εί
1029 2902 1066 2948 σε
1082 2879 1103 2967 ή
1118 2891 1245 2966 γλῶττα

237 2980 270 3054 ἐς
285 2978 500 3062 δικαστήριον
520 2981 791 3064 προκαλεσαμένη
805 3023 847 3032 -
861 2987 978 3064 θῶμεν
998 2977 1062 3064 γάρ
1084 2978 1193 3058 οὕτως
1210 3019 1242 3030 -·

237 3075 438 3159 ἀδικήματος
458 3068 480 3159 ή
500 3073 535 3140 τδ
558 3077 781 3159 μετριώτατον
806 3075 935 3162 ὕβρεως
956 3076 1069 3144 διώκοι
1090 3083 1245 3161 λέγουσα,

234 3169 314 3254 Ἐγοί
329 3192 382 3254 σε,
408 3163 435 3238 ἀ
451 3169 622 3256 ἀχάριστε,
647 3178 771 3259 πένητα
789 3178 842 3242 καὶ
859 3173 987 3259 ἀπορον
1003 3183 1246 3262 παραλαβοῦσα
1298 3227 1299 3238 ,

237 3269 290 3334 καὶ
302 3274 380 3353 βίον
395 3268 556 3354 δεόμενον
572 3268 610 3335 τά
627 3273 689 3356 μὲν
707 3279 819 3352 πρῶτα
842 3275 878 3337 ἐν
891 3287 960 3348 τοῖς
973 3275 1130 3357 θεάτροις
1147 3273 1246 3340 εὐδο-

236 3380 344 3455 κιμεῖν
358 3368 508 3451 ἐποίησα,
524 3375 589 3433 νῦν
605 3371 668 3453 μὲν
682 3377 807 3454 Νίνον,
831 3377 895 3435 νῦν
911 3372 947 3436 δὲ
964 3378 1155 3456 Μητίοχον,
1177 3371 1245 3438 εἶτα

237 3460 316 3529 αετά
328 3461 449 3544 μικρὸν
461 3461 603 3547 Ἀχιλλέα
615 3476 761 3532 τιθεῖσα·
777 3465 857 3546 μετά
870 3475 972 3533 ταῦτα
984 3471 1019 3536 δὲ
1029 3473 1148 3541 παῖδας
1161 3481 1239 3535 συλ-
