2625 4092
305 80 322 111 ῃ

334 119 369 169 w

221 278 282 341 120
565 280 890 359 [Αονιιεκαοε]

219 446 297 520 ἔπος
313 437 582 527 ἀποκρινόμενον
596 436 645 519 οἷς
659 436 703 509 ἀν
720 445 887 530 ἐγγράψας
898 470 946 521 τις
961 448 1007 521 εἰς
1019 441 1057 509 τό
1073 468 1222 528 γραμμα-

219 553 308 605 τεῖον
322 542 463 625 παραδῷ
477 545 523 628 τῷ
535 540 705 633 προφήτῃ,
724 549 833 620 καλῶς
848 537 990 627 ἀνέχειν
1002 538 1178 627 ἡγησάμην
1190 540 1225 605 έν
1294 573 1295 576 “

219 636 383 725 παράπλῳ
395 642 598 722 πειραθῆναι
610 646 671 704 τοῦ
680 646 881 725 χρηστηρίου
893 645 952 707 καί
959 649 989 705 τι
999 640 1074 723 περὶ
1085 638 1225 724 μελλόν-

123 803 124 806 ,
218 762 287 804 των
304 735 624 821 συμβουλεύσασθαι
646 745 693 826 τῷ
708 744 789 827 θεῷ.
823 743 874 805 39.
896 744 998 805 ταῦτα
1016 742 1063 804 ἐτι
1078 744 1139 804 τοῦ
1156 732 1225 803 Et}-

217 834 363 917 κράτους
373 836 528 918 λέγοντος
538 831 622 901 ἐδάν
633 830 667 902 οἶ
675 832 712 906 τό
725 843 860 922 πρᾶγμα
872 836 1101 922 προχωρήσειν
1114 840 1225 919 ἔμελλε

218 934 273 1016 καὶ
292 928 393 1009 ὦςόύ
417 934 492 1012 περὶ
508 938 629 1017 μικράς
649 932 803 1020 ἐνήρχετο
821 944 877 1020 τῆς
898 930 1030 1016 περὶτὰ
1047 932 1224 1019 χρηστήρια

220 1035 413 1121 τραγῳδίας,
430 1028 471 1097 ού
483 1034 596 1098 δοκεῖν
607 1034 734 1117 οἰηθεὶς
748 1036 818 1101 δεῖν
829 1034 932 1117 μόνος
943 1028 1128 1118 ἀντιλέγειν
1140 1026 1226 1097 άπα-

220 1150 291 1210 σιν,
308 1124 483 1195 ἀπολιπάν
493 1124 598 1195 αύτόν
609 1133 655 1195 ἐτι
669 1131 867 1196 διαπλέοντα
877 1131 910 1208 ἐξ
920 1131 1094 1214 Αἰγύπτου
1110 1133 1155 1205 εές
1165 1125 1226 1211 τήν

218 1225 408 1293 Μαλλόν-
421 1224 550 1312 καὶγὰρ
567 1232 696 1294 συνίειν
708 1225 758 1293 ότι
770 1252 825 1311 μοι
840 1223 1002 1311 ἀχθονται
1014 1226 1156 1309 παρόντι
1166 1251 1224 1291 κα-

218 1324 330 1408 θάπερ
347 1322 564 1412 ἀντισοφιστῇ
578 1331 645 1391 τῶν
660 1319 861 1409 ψευσμάτων
871 1364 914 1374 -
926 1322 1014 1393 Ἀλλ’
1027 1321 1090 1410 ἐγά
1102 1322 1227 1407 ἄπειμι,

219 1429 322 1509 ἔφην,
336 1424 516 1508 Λεόντιχον
525 1423 743 1509 έπιζητήσωυ·
761 1426 876 1507 δέομαι
886 1420 950 1507 γάρ
963 1420 1054 1511 αύτῷ
1063 1448 1092 1487 τι
1106 1443 1227 1503 συγγε-

219 1523 349 1588 νέσθαι.
370 1518 464 1607 ὑμεῖς
480 1519 515 1588 δέ
534 1524 601 1588 ἐπεὶ
621 1519 682 1606 οὐχ
698 1518 797 1589 ἐκανά
814 1517 949 1607 ἡγεῖσθε
967 1516 1006 1586 τά
1027 1517 1227 1601 ἀνθρώπινα

220 1617 322 1701 εἶναι,
345 1621 399 1686 καὶ
417 1616 540 1697 αὐτούς
555 1617 619 1705 ήδη
636 1616 715 1697 τούς
731 1615 835 1695 θεούς
856 1626 984 1685 καλεῖτε
1001 1624 1228 1699 συνεπιληψο-

218 1720 341 1804 μένους
350 1714 431 1801 ὑμῖν
440 1724 508 1784 τῶν
517 1720 843 1803 μυθολογουμένων·
855 1719 909 1784 καὶ
917 1712 986 1802 ἀμα
995 1717 1102 1801 λέγων
1112 1714 1226 1802 έξήειν.

220 1820 254 1883 οί
268 1816 303 1883 δὲ
318 1812 457 1901 ἄσμενοι
469 1820 663 1897 ἐλευθερίας
673 1816 854 1902 λαβόμενοι
870 1819 1009 1890 είστίων,
1026 1809 1070 1890 ὡς
1080 1810 1117 1879 τὸ
1130 1810 1228 1896 εἰκός,

170 1928 203 1983 65
222 1910 347 1993 αὐτούς
359 1915 414 1981 καὶ
428 1916 653 1999 ἐνεφοροῦντο
670 1920 739 1980 τῶν
754 1913 964 1999 ψευσμάτων.

229 2044 238 2071 s
308 2010 452 2079 Τοιαῦτά
470 2032 541 2094 σοι,
613 2011 803 2092 Φιλόκλεις,
825 2008 914 2096 παρά
936 2006 1103 2093 Εὐκράτει
1124 2005 1231 2075 ἀκοά-

219 2131 279 2187 σας
295 2107 367 2195 ήκω
382 2106 423 2195 νή
440 2106 499 2177 τόν
516 2117 582 2177 Δία
599 2106 710 2193 ὥσπερ
726 2113 760 2177 σί
770 2116 833 2175 τοῦ
846 2108 1011 2194 γλεύκους
1023 2106 1158 2184 πιόντες
1171 2110 1229 2193 έμ-

221 2209 456 2293 πεφυσημένος
469 2206 531 2291 τήν
545 2210 688 2293 γαστέρα
702 2209 820 2292 ἐμέτου
831 2207 997 2291 δεόμενος.
1020 2202 1127 2291 ἡδέως
1142 2202 1173 2271 δ’
1186 2203 1231 2271 ἀν

220 2316 329 2373 ποθεν
345 2308 397 2373 ἐπὶ
414 2314 527 2393 πολλῷ
542 2304 714 2392 ἐπριάμην
729 2305 921 2391 ληθεδανόν
938 2329 968 2369 τι
984 2304 1166 2388 φάρμακον
1181 2294 1230 2368 όν

219 2401 364 2489 ήκουσα,
390 2402 434 2483 ἀς
452 2404 497 2491 μή
512 2431 542 2473 τι
560 2400 666 2470 κακὸν
686 2403 866 2489 ἐργάσηταί
883 2428 923 2489 με
944 2399 964 2489 ἡ
981 2402 1094 2488 μνήμη
1117 2398 1231 2469 αὐτῶν
1299 2417 1300 2482 j

220 2504 478 2585 ἐνοικουροῦσα·
511 2504 630 2584 τέρατα
653 2508 739 2585 γούν
758 2503 812 2568 καὶ
834 2505 994 2587 δαίμονας
1015 2501 1069 2566 καὶ
1093 2498 1232 2576 Ἑκάτας

221 2597 305 2681 ὁρᾶν
323 2624 378 2683 μοι
394 2604 499 2665 δοκωμ
1013 2679 1014 2683 ¹

304 2702 353 2764 40.
373 2704 465 2765 ΦΙΛ.
489 2700 554 2765 Καὶ
568 2694 687 2781 αύτός,
705 2688 732 2763 τό
751 2697 915 2783 Τυχιάδη,
933 2696 1087 2763 τοιοῦτόν
1102 2722 1134 2761 τι
1149 2693 1232 2762 ἀπέ-

220 2805 328 2863 λαυσα
344 2803 400 2881 τῆς
417 2797 614 2882 διηγήσεως·
638 2802 724 2879 φασί
736 2797 776 2880 γέ
789 2820 839 2861 τοι
851 2791 895 2879 μή
914 2794 1022 2879 μόνον
1036 2799 1162 2861 λυττᾶν
1177 2792 1232 2861 καὶ

218 2890 255 2961 τὸ
275 2890 368 2973 ὕδωρ
386 2899 567 2978 φοβεῖσθαι
582 2890 729 2970 ὁπόσους
745 2888 789 2960 ἀν
804 2898 838 2959 οί
851 2899 1034 2971 λυττῶντες
1049 2890 1150 2969 κύνες
1170 2890 1232 2958 δά-

219 3010 339 3071 κωσιν,
356 2987 439 3057 ἀλλά
452 2988 516 3057 κάν
530 3018 605 3059 τινα
619 2988 637 3058 ὁ
655 2993 788 3077 δηχθεὶς
805 2990 986 3074 ἀνθρωπος
998 2990 1101 3078 δόκη,
1118 3000 1175 3059 ῖσα
1187 2994 1234 3079 τῷ

220 3089 296 3155 κυνὶ
314 3088 454 3156 δύναται
467 3086 507 3155 τὸ
521 3093 645 3175 δῆγμα,
669 3091 723 3155 καλ
742 3086 782 3155 τά
798 3085 883 3155 αύτά
900 3084 1052 3165 κάκεῖνος
1066 3094 1232 3173 φοβεῖται.

220 3182 336 3253 καὶσὺ
357 3191 474 3253 τοίνυν
494 3192 602 3265 ἔοικας
623 3185 725 3265 αὐτὸς
741 3190 778 3253 ἐν
791 3184 988 3269 Εὐκράτους
1009 3188 1144 3271 δηχθεὶς
1165 3181 1233 3251 ὑπὸ

221 3291 354 3351 πολλῶν
369 3284 570 3368 ψευσμάτων
585 3286 847 3369 μεταδεδωκέναι
862 3282 960 3369 κάμοὶ
972 3290 1033 3349 τοῦ
1048 3282 1232 3368 δήγματος·

221 3380 309 3450 ούτω
325 3382 495 3469 δαιμόνων
511 3409 566 3467 μοι
580 3382 643 3469 τήν
660 3382 771 3469 ψυχήν
787 3384 977 3468 ἐνέπλησας.

308 3488 402 3550 T‘PX.
422 3477 518 3549 Ἀλλά
534 3487 726 3565 θαρρῶμεν,
738 3474 765 3547 ἀ
776 3482 924 3567 φιλότης,
944 3482 1027 3567 μέγα
1038 3485 1106 3546 τῶν
1117 3478 1232 3545 τοιού·
