2625 4092
236 317 277 378 ΞΕ
594 321 899 380 AOYKIANOY

237 477 334 562 ρικδν
351 482 404 548 καί
422 487 549 567 φυκίον
572 483 811 567 ἐντριβομένην
831 481 886 547 καὶ
904 479 949 546 τά)
971 478 1137 566 ὀφθαλμώ
1162 480 1251 548 ύπο-
1306 558 1307 569 χ

235 583 468 665 γραφομένην,
487 577 690 647 ὑπώπτευον
705 575 811 655 εύθύς
825 578 881 644 καί
897 578 1155 663 παρεφύλαττον
1169 577 1249 647 ὅποι

235 674 294 743 τόν
310 673 491 764 ὀφθαλμόν
504 681 608 763 φέρει.
631 677 686 743 καί
698 675 811 762 τὰμὲν
826 674 909 743 ἄλλα
921 679 979 742 ἐῶ·
1003 675 1085 743 καθ’
1102 677 1250 763 ἑκάστην

234 779 271 842 δέ
281 775 343 862 τὴν
354 777 460 843 νύκτα
472 773 489 843 ὁ
502 776 564 862 μὲν
576 775 744 853 στενωπός
754 773 851 862 ἡμῶν
861 779 1082 860 ἐνεπίμπλατο
1092 779 1250 863 μεθυόν-

233 900 302 942 των
318 877 467 956 ἐραστῶν
483 874 705 960 κωμαζόντων
720 871 773 940 ἐπ’
787 870 894 959 αὐτην
908 875 963 942 καὶ
978 874 1172 942 κοπτόντων
1182 875 1249 963 τὴν

233 972 365 1057 θύραν,
382 975 482 1040 ἐνίων
494 974 529 1039 δὲ
544 975 598 1040 καί
613 972 826 1057 ἐκβιάζεσθαι
838 970 903 1038 σύν
917 969 1031 1039 ούδενί
1042 973 1157 1061 κόσμῳ
1166 981 1248 1041 τολ-

224 1071 382 1158 μώντων.
407 1067 490 1156 αὕτη
509 1070 545 1137 δέ
560 1071 655 1156 ἐγέλα
670 1071 726 1137 καὶ
740 1067 838 1156 ἥδετο
853 1083 921 1147 τοῖς
937 1073 1119 1155 δρωμένοις
1134 1069 1245 1139 καὶτὰ

232 1169 339 1238 πολλὰ
353 1165 375 1256 ἢ
389 1173 602 1254 παρέκυπτεν
614 1166 679 1235 άπό
694 1176 757 1234 τοῦ
771 1171 888 1254 τέγους
902 1166 1056 1257 ᾀδόντων
1070 1166 1246 1236 άκούουσα

231 1276 365 1359 τραχείᾳ
380 1276 419 1358 τῇ
440 1275 538 1358 φωνῇ
556 1266 644 1358 βδάς
668 1295 760 1346 τινας
781 1269 949 1353 ἑταιρικάς
969 1265 1062 1354 ἢκαλ
1078 1277 1245 1354 παρανοί-

232 1389 338 1454 γουσα
358 1365 416 1446 τάς
431 1370 542 1452 θύρας
564 1369 619 1453 ἐμὲ
636 1369 772 1452 οἰομένη
787 1367 975 1434 λανθάνειν
994 1365 1169 1453 ἠσέλγαινε
1186 1370 1244 1435 καὶ

230 1467 416 1553 ἐμοιχεύετο
433 1465 516 1550 πρὸς
532 1463 660 1533 αύτων·
683 1464 763 1551 ὅπερ
776 1462 841 1551 ἐγω
852 1463 898 1554 μὴ
916 1469 1030 1550 φέρων
1045 1465 1243 1551 γράψασθαι

229 1563 291 1651 μὲν
308 1562 414 1649 αὐτὴν
429 1572 574 1651 μοιχείας
589 1561 651 1631 ούκ
667 1567 878 1651 ἐδοκίμαζον,
903 1567 940 1631 ἐν
960 1566 1123 1650 γειτόνων
1137 1567 1174 1632 δὲ
1188 1571 1241 1633 οί-

229 1669 346 1729 κοῦντι
356 1670 402 1748 τῷ
411 1663 569 1752 Διαλόγφ
581 1659 782 1744 προσελθων
793 1659 910 1748 ἠξίουν
921 1665 1166 1746 καταδεχθῆναι
1177 1659 1239 1728 ὑπ’

229 1757 344 1827 αὐτοῦ.

313 1864 364 1926 32.
391 1859 503 1926 Ταῦτά
520 1862 609 1926 ἐστιν
627 1855 649 1924 δι’
664 1857 725 1945 τὴν
735 1858 928 1946 Ῥητορικὴν
946 1858 1010 1945 ἐγώ
1027 1858 1154 1944 μεγάλα
1164 1855 1235 1943 ἠδί-

228 1984 324 2044 κηκα.
348 1965 454 2026 καίτοι
468 1965 498 2028 εί
512 1963 566 2027 καὶ
582 1960 688 2046 μηδὲν
704 1957 788 2046 αὐτῇ
803 1966 934 2026 τοιοῦτο
949 1961 1150 2039 ἐπέπρακτο,
1175 1982 1234 2022 κα-

228 2063 293 2134 λῶς
308 2055 374 2142 εἶχέ
388 2085 444 2146 μοι
468 2056 565 2141 άνδρί
585 2057 647 2144 ἤδη
665 2057 907 2139 τετταράκοντα
928 2063 983 2141 ἐτη
1002 2052 1122 2141 σχεδδν
1136 2080 1236 2140 γεγο-

226 2154 298 2222 νύτι
321 2158 485 2244 θορύβων
502 2158 564 2244 μέν
587 2160 725 2225 ἐκείνων
745 2158 799 2222 καὶ
820 2160 925 2223 δικῶν
945 2152 1157 2241 ἀπηλλάχθαι
1180 2155 1238 2220 καὶ

156 2265 207 2320 831
227 2251 306 2332 τούς
320 2253 445 2338 άνδρας
455 2255 533 2334 τούς
548 2253 705 2332 δικαστάς
720 2252 874 2340 ἀτρεμεῖν
891 2257 966 2337 ἐάν,
983 2253 1163 2336 τυράννων
1174 2277 1234 2316 κα-

225 2361 380 2440 τηγορίας
400 2356 454 2422 καὶ
475 2353 638 2436 άριστέον
659 2357 817 2432 ἐπαίνους
833 2353 1041 2440 ἐκφυγόντα,
1063 2355 1097 2429 ἐς
1120 2349 1155 2417 δὲ
1173 2347 1236 2434 τὴν

221 2451 422 2540 Ἀκαδημίαν
436 2450 457 2541 ἢ
475 2457 507 2533 ἐς
522 2452 558 2522 τό
572 2455 720 2521 Λύκειον
735 2453 880 2520 ἐλθόντα
895 2459 941 2540 τῷ
955 2458 1113 2540 βελτίστῳ
1127 2450 1238 2539 τούτῳ
1306 2472 1307 2477 ’

224 2553 382 2644 Διαλόγῳ
394 2568 655 2639 συμπεριπατεῖν
665 2550 771 2639 η’ρέμα
784 2554 1051 2637 διαλεγομένους,
1061 2557 1128 2617 τῶν
1139 2551 1237 2617 ε’παί-

223 2679 295 2720 νων
310 2656 365 2722 καὶ
382 2654 513 2737 κρότων
534 2649 576 2720 ού
595 2655 784 2737 δεομένους.
818 2649 924 2718 πολλὰ
945 2656 1029 2735 ἔχων
1050 2656 1155 2718 εἰπεῖν
1169 2645 1236 2735 ἤδη

223 2755 404 2838 παύσομαι.
427 2750 521 2838 ὑμεῖς
537 2755 573 2820 δὲ
588 2751 731 2838 εὔορκον
743 2751 805 2838 τὴν
817 2758 934 2837 ψῆφον
950 2753 1112 2833 ἐνέγκατε.

306 2857 399 2919 ΛΙΚ.
426 2858 483 2929 Τίς
499 2865 630 2935 κρατεῑ;

306 2955 411 3016 ΕΡΜ.
434 2949 563 3026 Πάσαις
580 2947 597 3016 ὁ
614 2950 728 3032 Σύρος
746 2949 833 3036 πλὴν
849 2976 935 3035 μιας.

305 3054 398 3115 ΔΙΚ.
415 3044 537 3132 Ῥήτωρ
555 3075 604 3126 τις
619 3054 729 3116 ἐοικεν
747 3048 830 3118 εἶναι
846 3047 863 3116 ὁ
879 3047 941 3135 τὴν
958 3065 1112 3116 ἐναντίαν
1127 3049 1236 3130 θέμε-

221 3170 288 3223 νος.
310 3151 360 3214 33.
379 3143 396 3211 ὁ
410 3147 579 3232 Διάλογος
595 3150 648 3216 ἐπὶ
663 3157 731 3215 τῶν
745 3146 857 3216 αύτῶν
872 3151 955 3233 λέγε.
978 3144 1071 3234 ὑμεῖς
1085 3145 1122 3214 δὲ
1134 3169 1237 3229 περι·

220 3249 353 3330 μείνατε
369 3249 567 3312 διπλασίονα
587 3243 805 3332 ἀποισόμενοι
826 3247 885 3314 τόν
904 3243 1033 3334 μισθόν
1048 3242 1100 3312 ἐπ’
1118 3241 1236 3330 ύμφο-

220 3345 328 3428 τέραις
341 3358 411 3423 ταῖς
428 3349 541 3424 δίκαις.

303 3451 550 3514 ΔΙΑΛΟΓΟΣ.
571 3443 652 3532 Ἐγοδ
665 3448 712 3529 δέ,
729 3439 888 3529 ύάνδρες
899 3450 1062 3528 δικασταί,
1079 3443 1235 3531 μακρούς

218 3545 281 3625 μὲν
292 3542 482 3613 άποτείνειν
491 3544 554 3612 ούκ
563 3541 608 3612 δν
618 3547 808 3633 ἐβουλόμην
816 3548 895 3625 τούς
905 3545 1028 3633 λόγους
1039 3541 1123 3628 πρός
1131 3541 1233 3631 ὑμᾶς,
