2625 4092
238 248 301 313 σου
551 328 553 336 y
591 250 896 311 Λοππικπον
991 258 996 265 ·

239 416 279 499 τῇ
296 414 433 496 πτέρυγι
450 410 485 477 δέ
501 416 624 497 ποίημα
640 408 784 495 χρύσεον
798 406 905 499 αὐτέῳ
919 407 1088 477 ἀνακέετο.
1118 419 1174 478 καί
1185 437 1233 497 μιν

241 506 304 592 ἐγω
321 510 480 586 πολλάκις
494 508 701 593 ἐθεησάμην,
720 510 773 574 καὶ
789 505 901 591 εἴχετό
917 515 1051 593 ποίημα.
1073 514 1124 575 46.
1139 510 1235 595 βάθος

239 608 275 673 δὲ
290 613 346 692 τής
357 614 474 692 λίμνης
488 606 621 673 πολλόν.
650 602 715 688 ε’γά
732 605 794 688 μὲν
808 602 870 671 οὐκ
890 607 1090 692 ἐπειρήθην,
1111 610 1235 690 λέγουσι

239 702 269 770 δ’
283 696 331 769 ἀν
342 704 397 770 καὶ
409 709 585 788 διηκοσίων
596 700 762 788 ὀργυιέων
773 704 874 769 πλέον
886 708 1031 788 ἔμμεναι.
1047 701 1132 770 κατὰ
1143 705 1235 788 μέσον

241 801 276 869 δὲ
292 800 393 887 αὐτῆς
409 798 522 887 βωμός
536 808 637 868 λίθον
653 800 821 885 ἀνέστηκε.
844 803 972 879 δοκέοις
987 797 1032 867 ἀν
1047 800 1150 886 ἀφνω
1163 798 1237 869 ίδόιν

240 901 364 968 πλείειν
378 903 415 966 τέ
426 925 485 983 μιν
502 901 618 988 καὶτῷ
633 896 730 964 ὕδατι
746 902 957 984 ἐποχέεσθαι,
978 903 1033 967 καὶ
1047 903 1168 967 πολλοὶ
1183 892 1238 966 όδε

240 1002 439 1083 νομίζουσιν.
454 1000 524 1081 ἐμοὶ
536 998 571 1063 δὲ
582 998 689 1063 δοκέει
698 1002 817 1073 στόλος
826 992 994 1079 ὑφεστειδς
1002 1000 1105 1082 μέγας
1114 996 1240 1082 ἀνέχειν

241 1093 301 1162 τόν
316 1094 441 1182 βωμόν.
471 1101 620 1161 ἔστεπται
637 1094 674 1161 δὲ
691 1096 752 1161 αίεὶ
769 1097 824 1160 καὶ
840 1094 1003 1180 θυώματα
1023 1102 1099 1181 ἔχει.
1131 1096 1241 1161 πολλοὶ

240 1193 275 1262 δὲ
296 1195 350 1260 καὶ
371 1193 508 1277 ε’κάστης
527 1189 650 1277 ήμέρης
671 1187 744 1257 κατ’
769 1189 871 1277 εὐχήν
887 1195 920 1270 ές
941 1189 1045 1259 αὐτόν
1065 1194 1242 1277 νηχόμενοι

240 1294 560 1377 στεφανηφορέουσι.
582 1294 633 1358 47.
647 1296 820 1375 γίγνονται
832 1293 867 1356 δὲ
883 1288 1003 1357 αὐτόθι
1020 1292 1075 1357 καὶ
1091 1292 1243 1375 πανηγό-

239 1390 306 1472 ριές
322 1414 357 1455 τε
373 1392 538 1473 μέγισται,
555 1387 729 1454 καλέονται
738 1389 774 1454 δὲ
785 1390 818 1465 ές
831 1384 894 1471 τήν
905 1396 1025 1474 λίμνην
1036 1389 1244 1474 καταβάσιες,

240 1484 291 1553 ότι
307 1488 344 1553 έν
361 1482 501 1573 αὐτῇσιν
521 1488 554 1563 ές
573 1482 635 1569 τήν
652 1492 772 1569 λίμνην
786 1481 826 1550 τὰ
846 1481 901 1567 ίρά
918 1485 1027 1551 πάντα
1042 1490 1244 1571 κατέρχεται,

239 1588 276 1653 έν
293 1600 399 1652 τοῖσιν
416 1581 435 1669 ἡ
451 1582 536 1668 Ἥρη
550 1584 664 1669 πρώτη
684 1582 872 1650 ἀπικνέεται
887 1589 955 1649 τῶν
975 1584 1108 1667 ίχθόων
1126 1588 1243 1667 εἵνεκα,

239 1683 282 1769 μή
306 1680 440 1769 σφέαςὸ
459 1680 543 1759 Ζεὺς
558 1690 687 1764 πρῶτος
707 1687 830 1767 ἴδηται·
858 1676 902 1765 ήν
921 1678 986 1765 γὰρ
1005 1680 1084 1747 τόδε
1101 1686 1244 1767 γένηται,

240 1787 395 1868 λέγουσιν
410 1781 460 1849 ότι
475 1782 596 1859 πάντες
610 1779 826 1849 ἀπόλλυνται.
846 1782 900 1847 καί
915 1784 997 1865 δῆτα
1008 1776 1027 1846 ὁ
1040 1778 1105 1866 μέν
1120 1788 1244 1867 ἔρχεται
1287 1811 1288 1870 3

239 1878 414 1965 ὀψόμενος,
430 1878 450 1966 ή
463 1883 499 1947 δὲ
514 1881 628 1962 πρόσω
639 1882 797 1966 ίσταμένη
809 1878 944 1962 ἀπέρχει
955 1881 992 1945 τέ
999 1904 1059 1963 μιν
1072 1878 1243 1946 καὶπολλὰ
1287 1891 1288 1900 ’

165 1996 219 2053 486
240 1984 442 2061 λιπαρέουσα
463 1976 656 2063 ἀποπέμπει.
684 1983 735 2047 48.
751 1978 900 2063 μέγισται
922 1978 956 2043 δὲ
972 1974 1124 2044 αὐτέοισι
1141 2004 1245 2061 πανη-

238 2078 367 2163 γύριες,
390 2082 427 2143 αλ
441 2079 474 2154 ές
495 2078 673 2143 θάλασσαν
693 2082 889 2162 νομίζονται.
920 2072 994 2143 ἀλλ’
1018 2073 1084 2160 έγώ
1100 2080 1246 2144 τουτέων

239 2177 314 2257 πέρι
329 2175 432 2259 σαφές
452 2173 553 2241 οὐδὲν
568 2181 630 2259 έχω
645 2180 764 2242 εἰπεῖν·
791 2171 833 2240 οὐ
848 2171 911 2259 γάρ
926 2166 1036 2258 ήλθον
1050 2172 1158 2254 αὐτός
1172 2174 1246 2242 οὐδὲ

239 2272 423 2358 ἐπειρήθην
432 2274 555 2359 ταότης
563 2281 620 2359 τῆς
630 2272 829 2359 ὁδοιπορίης.
842 2270 881 2339 τά
893 2272 928 2340 δέ
939 2273 1098 2351 ἐλθόντες
1110 2278 1246 2342 ποιέου-

240 2395 311 2456 σιν,
333 2370 422 2439 είδον
437 2374 491 2441 καί
511 2371 732 2459 ἀπηγήσομαι.
764 2370 905 2457 ἀγγήιον
921 2374 1057 2450 ἕκαστος
1073 2372 1180 2441 ὕδατι
1196 2396 1245 2441 σε·

239 2474 406 2557 σαγμένον
415 2476 566 2556 φέρουσι,
577 2480 670 2561 κηρῷ
678 2472 714 2539 δὲ
725 2472 803 2538 τόδε
815 2472 1032 2557 σεσήμανται·
1047 2479 1108 2538 καί
1115 2500 1181 2556 μιν
1189 2472 1244 2541 σόν

239 2568 333 2638 αὐτοὶ
348 2570 528 2656 λυσάμενοι
540 2575 685 2655 χέονται,
701 2569 774 2638 ἀλλ’
787 2577 875 2636 ἔστιν
887 2568 1082 2653 ἀλεκτρυὼν
1092 2574 1188 2658 ἱρός,
1203 2578 1246 2639 ol·

238 2673 305 2737 κέει
321 2668 351 2735 δ’
370 2672 420 2736 ἐπὶ
437 2676 476 2758 τή
491 2677 607 2759 λίμνη,
626 2668 663 2749 ἀς
675 2668 777 2737 έπεάν
791 2674 904 2754 σφέων
918 2674 1046 2753 δέξηται
1063 2668 1104 2735 τά
1126 2670 1245 2757 ἀγγήια

238 2770 299 2854 τήν
314 2794 349 2834 τε
360 2773 526 2854 σφρηγῖδα
539 2766 616 2857 ὁρῇ,
635 2768 762 2853 μισθόν
774 2767 961 2853 ἀρνύμενος
972 2766 1038 2833 ἀντί
1052 2794 1089 2834 τε
1101 2770 1182 2836 λύει
1192 2768 1245 2837 τόν

239 2865 363 2952 δεσμὸν
383 2868 437 2934 καὶ
453 2865 513 2933 τόν
534 2865 640 2952 κηρόν
655 2866 862 2951 ἀπαιρέεται,
884 2870 937 2934 καί
957 2870 1076 2935 πολλαί
1098 2873 1203 2952 μνέες
1215 2873 1245 2935 έτ
1284 2901 1285 2908 ¹

238 2967 377 3032 τουτέου
396 2972 457 3033 τοῦ
472 2972 573 3050 ἔργον
590 2974 636 3056 τῷ
651 2964 849 3051 ἀλεκτρυόνι
865 2964 1066 3051 ἀγείρονται.
1089 2969 1245 3035 ἐνθενδὶ

237 3068 269 3141 ές
284 3062 345 3131 τόν
358 3061 443 3147 νηόν
459 3060 552 3131 αὐτοὶ
569 3067 753 3143 ἐνείκαντες
766 3069 949 3133 σπένδουσί
960 3090 995 3131 τε
1010 3067 1066 3132 καὶ
1077 3068 1247 3143 θύσαντες

237 3160 342 3229 ὀπίσω
357 3160 627 3231 ἀπονοστέουσιν.

321 3266 371 3327 49.
382 3258 523 3344 Ὀρτέων
535 3264 571 3330 δὲ
582 3268 716 3330 πασέων
726 3270 794 3329 τῶν
805 3260 879 3330 οἶδα
891 3268 1051 3349 μεγίστην
1061 3272 1130 3329 τοῦ
1140 3274 1247 3345 εἴαρος

238 3358 425 3445 ἀρχομένου
439 3363 657 3446 ἐπιτελέουσι,
672 3369 730 3431 καί
738 3388 797 3447 μιν
807 3366 843 3431 οί
850 3360 912 3448 μὲν
923 3362 1051 3447 πνρήν,
1069 3367 1108 3430 ol
1116 3366 1155 3431 δὲ
1166 3372 1246 3447 λαμ-

236 3460 326 3524 πόδα
349 3462 514 3527 καλέουσι.
546 3468 674 3543 θυσίην
697 3463 733 3527 δέ
755 3463 792 3528 έν
814 3460 898 3548 αὐτῇ
918 3463 1053 3546 τοιήνδε
1075 3467 1246 3530 ποιέουσι·
