2625 4092
227 299 267 363 72
584 304 893 362 AOYKIANOY

226 490 261 530 τε
277 462 351 530 ὅσοι
367 460 439 548 μετ’
452 459 636 547 Εὐμόλπου
651 460 707 547 ἐφ’
724 461 810 547 ἡμᾶς
821 463 1043 544 ἐστράτευσαν
1057 465 1111 530 καί
1126 467 1163 529 αί
1175 488 1243 545 γυ-

227 574 338 639 ναῖκες
354 560 452 647 ὑμεῖν
468 564 504 627 αι’
516 558 596 643 μετά
609 557 804 643 Ἱππολύτης
819 561 976 628 ἐλάσασαι
993 564 1044 628 ἐπὶ
1060 560 1121 646 τήν
1137 561 1245 626 πόλιν

206 676 207 679 ’
226 657 306 726 οὐδὲ
316 657 411 726 άλλοι
424 656 497 724 ὅσοι
508 656 604 742 ἡμῶν
616 660 652 724 έν
666 655 782 736 ὅπλοις
795 661 1032 745 ἐπειράθησαν.
1055 657 1148 745 ἡμεῖς
1158 660 1242 744 γάρ,

227 752 253 826 οἷ
270 758 427 843 μακάριε,
450 754 512 824 οὐκ
534 761 668 838 ἐπείπερ
689 755 778 824 οὕτω
792 756 903 843 γυμνά
920 757 960 825 τά
982 758 1117 843 σώματα
1135 762 1244 826 έκπο-

225 866 353 944 νοῦμεν
370 863 437 924 τῶν
458 860 560 939 νέων,
585 854 640 923 διά
656 864 755 923 τοῦτο
778 859 832 924 καὶ
854 858 983 924 ἄνοπλα
1004 858 1165 942 ἐξάγομεν
1184 857 1242 923 ε’πὶ

225 955 304 1035 τούς
319 957 518 1040 κινδύνους,
542 952 617 1024 ἀλλ’
635 954 771 1022 ἐπειδάν
791 953 872 1023 καθ’
890 954 1014 1033 αύτούς
1030 954 1158 1037 άριστοι
1180 955 1241 1037 γέ-

225 1083 367 1139 νωνται,
390 1052 572 1123 άσκοῦνται
589 1051 625 1120 τό
647 1051 728 1139 μετά
743 1062 841 1121 τοῦτο
857 1053 918 1133 ξύν
936 1068 1003 1131 τοῖς
1024 1051 1156 1131 ὅπλοις.
1182 1051 1240 1117 καὶ

226 1152 313 1221 πολύ
328 1152 469 1240 άμεινον
482 1150 655 1239 χρήσαιντ’
673 1149 717 1218 άν
733 1151 846 1230 αὐτοῖς
860 1151 949 1220 οὕτω
964 1157 1175 1236 διακείμενοι.

311 1260 448 1320 ΑΝΑΧ.
472 1253 537 1318 Καὶ
553 1258 620 1318 ποῦ
640 1258 739 1317 τοῦτο
756 1248 837 1336 ύμῖν
854 1254 920 1317 ἐστι
937 1247 974 1317 τό
991 1252 1183 1335 γυμνάσιον
1199 1249 1239 1317 τό

226 1354 263 1418 ἐν
277 1366 345 1428 τοῖς
359 1348 491 1430 ὅπλοις;
515 1346 631 1435 ούγάρ
648 1347 738 1416 εἶδον
753 1355 856 1434 ἔγωγε
869 1352 905 1416 ἐν
920 1356 959 1436 τή
972 1346 1066 1414 πόλει
1081 1357 1240 1414 τοιοῦτον
1298 1403 1299 1422 ,

226 1447 328 1517 οὐδὲν
343 1448 476 1515 ἅπασαν
493 1445 600 1533 αὐτήν
614 1451 650 1515 ἐν
666 1449 779 1535 κύκλῳ
794 1448 993 1529 περιελθών,

311 1554 412 1616 ΣΟΛ.
432 1544 529 1615 Ἀλλά
544 1551 628 1625 ῖδοις
643 1545 702 1631 όν,
719 1540 949 1633 ύἏνάχαρσι,
967 1548 1020 1613 ἐπὶ
1038 1549 1140 1614 πλέον
1155 1544 1240 1631 ἡμῖν

156 1663 207 1716 915
226 1650 481 1729 συνδιατρίψας,
505 1648 559 1713 καὶ
582 1644 669 1713 ὅπλα
687 1646 812 1735 ἑκάστῳ
828 1646 916 1731 μάλα
937 1647 1060 1729 πολλά,
1083 1640 1131 1724 οἷς
1147 1646 1238 1732 χριό-

226 1754 314 1831 μεθα
329 1741 455 1811 ὁπόταν
470 1742 655 1828 ἀναγκαῖον
670 1735 709 1830 ή,
729 1745 783 1810 καλ
801 1743 929 1828 λόφους
951 1746 1006 1812 καὶ
1027 1745 1164 1829 φάλαρα
1181 1746 1238 1810 καί

227 1846 352 1921 ἵππους
367 1846 421 1909 καὶ
436 1846 554 1920 ίππέας
569 1839 689 1927 σχεδόν
705 1837 742 1907 τό
762 1844 919 1923 τέταρτον
933 1851 1000 1909 τῶν
1017 1850 1173 1909 πολιτῶν.
1199 1839 1236 1908 τό

227 1944 340 2024 μέντοι
357 1938 561 2025 ὁπλοφορεῖν
576 1938 626 2007 dez
642 1941 696 2006 καὶ
714 1932 880 2025 ἀκινάκην
895 1946 1105 2022 παρεζῶσθαι
1121 1967 1239 2022 περιτ-

227 2036 287 2105 τόν
309 2041 346 2105 έν
370 2040 485 2126 εἰρήνη
508 2039 649 2125 οἰόμεθα
673 2036 774 2121 εἶναι,
800 2039 856 2105 καὶ
876 2040 1062 2124 πρόστιμόν
1082 2037 1116 2124 γ’
1134 2045 1237 2121 ἐστιν,

228 2133 319 2214 ὅστις
330 2138 367 2202 ἐν
377 2133 468 2204 ἄστει
483 2140 724 2221 σιδηροφοροίη
736 2139 841 2220 μηδὲν
851 2139 929 2203 δίον
940 2132 961 2222 ή
973 2136 1059 2205 ὅπλα
1071 2140 1238 2221 ἐξενέγκοι

227 2240 273 2311 είς
283 2231 320 2299 τό
331 2233 501 2319 δημόσιον.
515 2232 607 2318 ὑμεῖς
619 2236 654 2301 δὲ
666 2237 873 2319 συγγνωστοὶ
883 2238 921 2301 ἐν
932 2233 1047 2313 ὅπλοις
1058 2233 1109 2303 άελ
1121 2243 1237 2321 βιοῦν-

227 2358 293 2409 τες·
317 2332 354 2399 τό
370 2359 403 2399 τε
418 2333 482 2418 γάρ
504 2336 541 2399 εὐ
556 2331 716 2420 άφράκτφ
735 2337 839 2399 οίκεῖυ
856 2334 974 2421 ῥηίδιον
991 2336 1023 2411 ές
1040 2334 1237 2421 ἐπιβουλήν,
1300 2331 1301 2346 ὅ

227 2434 281 2499 καλ
300 2436 335 2499 οί
348 2435 498 2515 πολέμιοι
515 2433 603 2517 μάλα
621 2438 755 2512 πολλοί,
771 2432 826 2497 καὶ
838 2429 963 2516 ἄδηλον
979 2429 1080 2499 ὁπότε
1098 2458 1148 2509 τις
1164 2435 1237 2499 ἐπι-

226 2531 306 2611 στάς
327 2534 536 2619 κοιμώμενον
561 2532 772 2610 κατασπάσας
793 2529 859 2598 άπό
881 2540 938 2618 τής
959 2530 1085 2618 ἁμάξης
1109 2533 1238 2618 φονεύ-

225 2654 329 2699 σειεν·
354 2628 422 2718 ήτε
434 2628 517 2714 πρὸς
535 2627 700 2716 ἀλλήλους
718 2628 869 2715 άπιοτία,
892 2628 1101 2713 αὐθαιρέτως
1119 2634 1174 2698 καὶ
1192 2628 1237 2717 μή

225 2735 262 2800 ἐν
274 2732 367 2820 νόμῳ
380 2733 730 2816 ξυμπολιτευομένων,
753 2727 937 2815 άναγκαῖον
953 2727 1004 2795 άεὶ
1019 2726 1079 2797 τόν
1095 2734 1239 2814 σίδηρον

227 2843 330 2911 ποιεῖ,
354 2827 397 2907 ὡς
409 2836 550 2915 πλησίον
563 2825 646 2894 εἶναι
660 2824 871 2910 άμυνούντα,
894 2834 928 2894 εί
933 2853 981 2903 τις
992 2827 1149 2913 βιάζοιτο.

310 2932 360 2995 35.
373 2934 510 2994 ANAX.
527 2924 619 3008 Εἶτα,
633 2918 660 2991 ά
673 2925 803 3007 Σόλων,
816 2929 1054 3010 σιδηροφορεῖν
1064 2929 1126 3010 μὲν
1138 2922 1237 2992 οὐδε-

225 3024 284 3103 νός
296 3023 482 3111 ἀναγκαίου
494 3027 591 3092 ἕνεκα
609 3021 765 3108 περιττόν
775 3021 855 3108 ὑμῖν
867 3023 1024 3091 δοκεῖκαὶ
1041 3033 1109 3090 τῶν
1121 3022 1236 3091 ὅπλων

226 3127 401 3209 φείδεσθε,
426 3121 469 3199 ὡς
485 3120 529 3208 μή
547 3121 602 3190 διά
621 3119 731 3207 χειρός
750 3120 830 3190 ὅντα
848 3131 1039 3208 φθείροιτο,
1063 3120 1148 3189 άλλά
1168 3149 1236 3207 φυ-

224 3222 357 3290 λάττετε
374 3218 577 3305 ἀποκείμενα
596 3218 639 3297 ὡς
656 3220 856 3307 χρησόμενοι
875 3220 949 3287 τότε
964 3227 1022 3306 τῆς
1040 3226 1154 3305 χρείας
1164 3222 1237 3287 ἐπι-

225 3318 361 3405 στάσης·
383 3316 424 3385 τά
446 3321 482 3386 δέ
504 3320 639 3403 σήματα
657 3326 725 3384 τῶν
742 3320 829 3384 νέων
850 3315 988 3396 οὐδενός
1009 3322 1126 3385 δεινοῦ
1148 3322 1236 3386 ἐπεί·

225 3446 344 3506 γοντος
354 3434 569 3488 καταπονεῖτε
581 3425 733 3494 παίοντες
744 3418 797 3484 καὶ
809 3414 875 3483 ὑπό
888 3425 955 3485 τῶν
966 3415 1120 3498 ίδρύτων
1134 3444 1236 3483 κατα-

226 3524 454 3599 ναλίσκοντες,
488 3516 530 3583 ού
550 3515 784 3600 ταμιευόμενοι
807 3513 890 3597 πρός
910 3513 947 3581 τό
971 3513 1159 3599 α’ναγκαῖον
1177 3511 1238 3592 τάς
