2625 4092
214 264 277 326 262
565 266 874 325 AOYKIANOY

214 426 461 511 ὑπεραγαπῶσα
478 427 532 492 καὶ
549 432 646 491 τοῦτο
662 427 880 508 ἐμφαίνουσα.
905 427 1003 508 ἐχρῆν
1018 426 1053 492 δὲ
1069 424 1115 512 μη
1132 427 1221 494 πάνυ

214 523 318 594 αὐτόν
334 531 470 611 ζηλοῦν·
496 522 687 605 ὑπερόπται
702 522 766 606 γὰρ
781 522 1024 608 αἰσθανόμενοι
1038 530 1221 608 γίγνονται.

213 620 317 708 παῦ’,
341 615 366 689 ολ
382 623 539 705 τάλαινα,
563 622 777 705 δακρύουσα,
795 621 850 689 καὶ
865 619 909 706 ἤν
923 646 979 706 μοι
996 627 1119 708 πείθη,
1138 620 1223 701 ἅπαξ

145 735 196 790 313
215 717 235 806 ἢ
252 721 301 798 δὶς
319 717 520 787 ἀπόκλεισον
536 718 696 787 ἐλθόντα·
724 716 800 796 ὄψει
821 716 885 804 γοὶρ
901 716 1148 804 ἀνακαιόμενον
1162 716 1222 784 αύ-

214 817 275 888 τδν
289 817 380 886 πάνυ
395 819 449 885 καλ
465 814 709 902 ἀντιμεμηνότα
725 814 871 901 ἀληθῶς.

238 965 239 968 ,
299 923 419 986 ΙΟΕΣ.
435 912 530 984 Ἀλλά
542 913 620 1009 μηδ’
633 925 736 1002 εἴπης,
749 913 865 998 ἄπαγε.
879 909 1065 982 ἀποκλείσω
1074 920 1222 992 Λυσίαν;

216 1023 288 1082 είθε
303 1013 347 1100 μὴ
365 1011 465 1092 αὐτὸς
480 1011 642 1099 ἀποσταίη
657 1013 802 1097 φθάσας.

300 1120 399 1182 Hm
420 1107 506 1180 Ἀλλ’
524 1114 734 1196 ἐπανέρχεται
750 1103 861 1190 αύθις.

300 1217 416 1280 ΙΟΕΣ.
432 1205 659 1286 Ἀπολύλεκας
669 1207 765 1294 ἡμᾶς,
778 1201 804 1276 ό
815 1208 964 1288 Πυθιάς·
987 1207 1152 1295 ἠκρόαταί
1159 1228 1224 1274 σου

215 1319 295 1387 ἴσως
308 1307 555 1394 ,,ἀπόκλεισον“
570 1307 741 1392 λεγούσης.

299 1413 327 1472 3.
345 1415 445 1474 ΛΤΣ.
470 1401 553 1489 Οῦχλ
568 1405 689 1490 ταύτης
703 1407 833 1487 ἕνεκεν,
851 1397 878 1470 ω’
891 1405 1044 1490 Πυθιύς,
1059 1407 1222 1490 ἐπανελη-

214 1513 316 1589 λνθα,
326 1502 369 1590 ἣν
378 1501 453 1572 οὐδ’
467 1497 511 1570 ἀν
522 1506 768 1589 προσβλέψαιμι
780 1508 826 1570 ἐτι
837 1504 996 1590 τοιαύτην
1007 1497 1126 1587 οὖσαν,
1138 1499 1222 1570 ἀλλά
1303 1488 1304 1531 ³

215 1601 268 1670 διὰ
285 1605 336 1686 σέ,
360 1599 404 1680 ὡς
419 1600 463 1687 μὴ
478 1603 749 1688 καταγιγνώσκῃς
764 1604 846 1686 ἐμοῦ
862 1604 917 1669 καλ
933 1605 1045 1690 λέγης,
1067 1601 1223 1686 ἄτεγκτος

215 1699 232 1767 ὁ
247 1708 373 1779 Λυσίας
387 1702 486 1768 ἐστίν.

246 1859 248 1863 .
298 1806 398 1868 ΠΤΘ.
419 1796 543 1884 Ἀμέλει
558 1800 612 1866 καὶ
627 1804 758 1884 ἔλεγον,
775 1791 935 1866 ύΛυσία.

300 1905 398 1965 m.
423 1901 543 1977 Φέρειν
555 1891 618 1964 οῦν
634 1899 768 1976 ἐθέλεις,
785 1889 967 1980 ύΠυθιάς,
980 1893 1125 1967 Ἰόεσσαν
1139 1901 1223 1965 ταύ-

214 2024 276 2083 την
296 1994 356 2081 τὴν
383 2002 449 2062 νῦν
469 1995 686 2076 δακρύουσαν
708 1993 812 2062 αὐτόν
835 1997 1013 2063 ἐπιστάντα
1035 1993 1119 2085 αὐτῇ
1141 2023 1223 2066 ποτε

214 2093 295 2182 μετὰ
311 2099 446 2162 νεανίου
462 2096 678 2182 καθευδούση
691 2099 774 2180 ἐμοῦ
788 2091 976 2180 ἀποστόση;

298 2199 399 2266 Hm.
422 2199 546 2276 Λυσία,
562 2192 598 2260 τό
613 2193 676 2279 μέν
690 2192 771 2262 ὅλον
786 2195 897 2276 ἑταίρα
911 2196 987 2261 ἐστί.
1015 2195 1094 2260 πότε
1109 2192 1140 2260 δ’
1157 2187 1223 2261 οῦν

214 2295 390 2376 κατέλαβες
407 2289 530 2369 αύτούς
542 2293 855 2378 συγκαθεύδοντας;

298 2398 398 2462 m.
414 2389 534 2477 Ἕκτην
549 2389 669 2477 σχεδόν
680 2392 805 2477 ταύτην
816 2389 957 2478 ἡμέραν,
974 2388 1015 2477 νὴ
1030 2388 1106 2475 Δί’,
1123 2393 1224 2477 ἕκτην

214 2518 267 2576 γε,
292 2492 430 2578 δευτέρᾳ
448 2494 644 2576 ἱσταμένου·
668 2490 704 2557 τὸ
721 2491 867 2577 τήμερον
882 2493 918 2560 δέ
940 2493 1063 2578 ἑβδόμη
1080 2493 1183 2558 ἐστίν.
1206 2489 1224 2558 ό
1302 2504 1303 2507 ’

213 2587 320 2676 πατὴρ
339 2585 434 2666 είδεδς
450 2585 493 2666 ως
509 2589 613 2656 πύλαι
627 2590 737 2677 ἐρῴην
751 2593 888 2676 ταυτησὶ
902 2597 959 2677 τῆς
970 2596 1128 2676 χρηστῆς,
1147 2593 1226 2657 ἐνέ-
1302 2658 1303 2665 ,

144 2745 147 2750 .
213 2692 324 2759 κλεισέ
336 2715 376 2775 με
391 2696 612 2774 παραγγείλας
627 2695 673 2777 τῷ
687 2697 836 2778 θυρωρῷ
850 2687 894 2775 μη
909 2687 1074 2774 ἀνοίγειν·
1096 2687 1162 2772 ἐγώ
1176 2690 1224 2772 δέ,
1302 2754 1303 2783 ÷

215 2785 256 2857 ού
268 2788 331 2874 γάρ
347 2793 471 2873 ἐφερον
482 2785 526 2873 μη
537 2785 610 2872 οὐχὶ
621 2786 774 2855 συνεῖναι
784 2785 883 2876 αῦτη,
901 2785 959 2855 τόν
969 2788 1138 2872 Δρόμωνα
1150 2790 1226 2856 ἐκέ·
1302 2786 1303 2821 ³

215 2897 317 2955 λευσα
329 2888 572 2970 παρακύψαντα
587 2883 676 2967 παρά
691 2885 750 2953 τόν
763 2883 910 2970 θριγκδν
921 2893 979 2971 της
993 2883 1111 2972 αύλής,
1128 2878 1150 2972 ᾖ
1164 2915 1225 2954 τα·

215 2988 410 3054 πεινότατου
426 2979 485 3072 ἦν,
509 2984 737 3066 ἀναδέξασθαί
755 3010 796 3069 με
815 2987 868 3052 ἐπὶ
887 2992 954 3050 τῶν
974 2983 1108 3051 νότων·
1137 2986 1226 3073 ῥᾷον

141 3100 196 3156 314
213 3085 279 3171 γάρ
296 3083 402 3162 οὕτως
419 3083 649 3173 ἀναβήσεσθαι
667 3091 815 3171 ἔμελλον.
843 3090 876 3150 τί
893 3079 936 3148 ἀν
951 3082 1063 3169 μακρὰ
1078 3087 1226 3170 λέγοιμι;

213 3181 399 3269 ὑπερέβην,
424 3175 526 3269 ἧκον,
551 3183 613 3271 τὴν
634 3182 771 3252 αὑλειον
793 3175 895 3266 εὗρον
917 3180 1226 3269 ἀποκεκλεισμένην

214 3285 389 3367 ἐπιμελῶς·
422 3286 518 3368 μέσαι
534 3282 598 3368 γὰρ
619 3285 738 3360 νύκτες
758 3275 854 3368 ἦσαν.
885 3279 948 3350 ούιι
967 3287 1072 3360 ἔκοψα
1089 3280 1122 3349 δ’
1146 3274 1225 3369 οῦν,

212 3379 287 3449 ἀλλ’
310 3379 434 3462 έπάρας
454 3378 559 3465 ἡρέμα
574 3381 635 3467 τὴν
654 3384 787 3466 θύραν,
808 3380 872 3468 ἤδη
893 3382 929 3449 δὲ
946 3382 999 3451 καλ
1014 3380 1125 3450 ἄλλοτ’
1144 3384 1227 3450 ἐπε-

211 3479 367 3563 ποιήκειν
386 3475 485 3558 αύτό,
514 3479 718 3566 παραγαγών
738 3480 798 3550 τόν
823 3483 969 3565 στροφέα
990 3489 1226 3563 παρεισῆλθον
