2625 4092
423 287 774 346 ΦΙΛΟΨΕΤΔΗΣ.
1038 284 1099 348 119

91 449 258 529 ἐφίσταται
284 450 339 515 καὶ
369 451 480 524 συνεὶς
504 446 541 513 τό
569 446 756 532 γενόμενον
777 448 887 515 ἐκεῖνα
914 449 974 533 μὲν
997 440 1100 527 αὖθις

91 549 220 632 ἐποίησε
236 548 334 631 ξύλα,
352 544 461 627 ὥσπερ
476 539 520 633 ἦν
535 542 599 629 πρό
615 552 673 630 τῆς
687 546 831 634 ἐπῳδῆς,
849 542 949 624 αύτδς
968 544 1003 612 δὲ
1013 543 1095 613 ἀπο·

92 645 198 711 λιτῶν
218 671 258 729 με
283 643 401 712 λαθῶν
422 641 484 711 ούκ
504 641 567 711 οἷδ’
591 642 669 712 ὅποι
692 639 825 729 ἀφανὴς
851 642 951 733 ᾤχετο
976 640 1096 711 ἀπιοόν.

31 795 33 800 -
91 749 169 810 Νῦν
185 736 265 823 οὖν,
284 750 347 831 ἔφη
359 740 377 810 ὁ
390 744 614 827 Δεινόμαχος,
632 739 733 809 οἶσθα
744 737 944 825 κάυέκεῑνο,
959 739 1098 824 ἀνθρω-

92 864 157 906 πον
171 855 280 908 ποιεῖν
298 843 334 908 ἐκ
348 846 409 907 τοῦ
424 837 568 922 ὑπόρους
589 837 644 925 Νὴ
658 836 736 923 Δί’,
751 833 773 925 ἧ
788 840 821 907 δ’
833 838 886 924 ὅς,
902 842 935 920 ἐξ
948 838 1099 927 ἡμισείας

90 964 143 1023 γε·
167 934 277 1007 ούκέτι
290 936 355 1026 γάρ
367 945 413 1016 είς
427 936 464 1005 τό
478 936 616 1023 ἀρχαῖον
627 932 702 1005 οἷόν
716 943 754 1007 τέ
764 964 821 1024 μοι
833 939 929 1023 ἀγειν
940 935 1039 1024 αύτό,
1055 933 1098 1025 ἦν

91 1035 176 1116 ἅπαξ
189 1039 323 1123 γένηται
344 1033 549 1122 ὑδροφόρος,
568 1033 651 1104 ἀλλὰ
670 1037 780 1123 δεήσει
795 1034 876 1123 ἡμῖν
892 1040 1098 1123 ἐπικλυσθη-
1113 1053 1147 1107 63

90 1161 145 1201 ναι
160 1131 222 1220 τὴν
237 1140 347 1207 οίκίαν
361 1136 639 1222 ἐπαντλουμένην.
826 1160 828 1162 ’

173 1238 222 1301 37.
242 1230 294 1301 Οὐ
314 1233 482 1317 παύεσθε,
503 1226 546 1319 ἦν
561 1229 592 1300 δ’
611 1233 692 1320 ἐγῶ,
713 1232 753 1301 τά
769 1242 906 1303 τοιαῦτα
921 1241 1098 1317 τερατολο-

90 1339 226 1416 γοῦντες
242 1334 396 1415 γέροντες
413 1328 550 1413 ἀνδρες;
574 1337 605 1399 εί
617 1332 653 1399 δὲ
668 1332 731 1417 μή,
755 1328 839 1399 ἀλλά
857 1327 923 1399 κάν
942 1338 1010 1398 τῶν
1025 1357 1098 1416 μει-

90 1434 215 1509 ρακίων
225 1426 355 1499 τούτων
364 1428 461 1494 ἕνεκα
474 1432 519 1505 είς
529 1426 633 1495 ἀλλον
641 1426 763 1516 καιρόν
775 1428 1029 1517 ὑπερβάλλεσθε
1040 1427 1099 1508 τάς

89 1528 299 1610 παραδόξους
316 1527 437 1603 ταύτας
453 1530 507 1594 καὶ
525 1526 672 1613 φοβεράς
688 1530 873 1616 διηγήσεις,
890 1527 935 1615 μή
951 1553 1022 1606 πως
1036 1528 1098 1596 λά-

89 1636 200 1701 θωσιν
217 1624 296 1712 ἡμῖν
312 1627 555 1711 ἐμπλησθέντες
572 1628 738 1712 δειμάτων
753 1629 809 1695 καλ
825 1624 1018 1694 ἀλλοκότων
1032 1652 1097 1711 μυ-

89 1725 342 1813 θολογημάτων.
370 1728 546 1809 φείδεσθαι
565 1717 628 1791 οὖν
643 1724 705 1812 χρὴ
727 1724 839 1793 αὐτῶν
860 1728 942 1812 μηδὲ
959 1732 1098 1791 τοιαῦτα

89 1826 212 1902 ἐθίζειν
226 1819 380 1905 ἀκούειν,
403 1818 424 1887 ἀ
444 1819 498 1888 διά
515 1820 640 1901 παντὸς
654 1831 715 1891 τοῦ
730 1831 807 1910 βίον
822 1823 992 1909 ἐνοχλήσει
1013 1846 1098 1889 συν-

87 1920 170 1987 όντα
185 1922 240 1987 καλ
256 1924 434 2004 ψοφοδεεῖς
451 1920 581 2005 ποιησει
599 1928 751 2007 ποικίλης
766 1930 822 2007 τῆς
838 1924 1099 2006 δεισιδαιμονίας

86 2015 306 2105 ἐμπιπλάντα.
326 2022 378 2086 38.
396 2010 447 2083 Εύ
461 2042 499 2102 γε
513 2015 721 2104 ὑπέμνησας,
739 2011 761 2105 ἦ
776 2014 807 2085 δ’
827 2016 865 2096 ὃς
879 2014 897 2084 ὁ
909 2015 1096 2104 Εὐκράτης,

87 2112 192 2185 είπῶν
208 2112 271 2202 τὴν
287 2118 559 2201 δεισιδαιμονίαν.
582 2124 616 2183 τί
629 2118 692 2201 γάρ
707 2138 777 2200 σοι,
795 2110 822 2184 m*
840 2116 1003 2203 Τυχιάδη,
1023 2118 1098 2201 περὶ

85 2220 155 2281 τῶν
177 2211 342 2283 τοιούτων
362 2218 469 2297 δοκεῖ,
493 2214 579 2299 λέγω
601 2213 640 2299 δὴ
662 2222 819 2301 χρησμῶν
839 2216 894 2282 καὶ
913 2215 1097 2299 θεσφάτων

84 2312 142 2378 καλ
163 2308 226 2378 ὅσα
247 2312 522 2397 θεοφορούμενοί
539 2340 627 2391 τινες
647 2312 839 2401 ἀναβοῶσιν
860 2309 882 2399 ἦ
909 2317 941 2394 ἐξ
962 2314 1096 2382 ἀδύτων

84 2406 245 2475 ἀκούεται
265 2402 472 2494 ἢπαρθέυος
489 2415 632 2496 ἔμμετρα
646 2416 863 2499 φθεγγομένη
881 2418 1095 2496 προθεσπίζει

83 2504 125 2573 τά
147 2506 327 2590 μέλλοντας
348 2500 374 2591 ἢ
396 2504 521 2593 δηλαδὴ
547 2510 600 2574 καὶ
621 2522 688 2586 τοῖς
709 2511 872 2588 τοιούτοις
888 2508 1094 2595 ἀπιστήσειςς

84 2601 151 2689 ἐγῶ
166 2603 201 2669 δέ
216 2600 267 2669 ότι
281 2605 342 2689 μὲν
355 2605 409 2671 καλ
423 2604 604 2671 δακτύλιόν
616 2632 691 2671 τινα
705 2603 799 2687 ιἐρόν
813 2614 875 2693 ἔχω
888 2606 1096 2685 ’Λπόλλωνος

83 2709 147 2768 τοῦ
160 2708 299 2769 Πυθίου
314 2702 427 2771 είκόνα
441 2702 648 2787 ἐκτυπούσης
662 2710 720 2789 τῆς
730 2708 914 2791 σφραγῖδος
928 2707 983 2773 καὶ
998 2697 1096 2781 οὗτος

83 2800 288 2875 ὁἉπόλλων
299 2804 480 2887 φθέγγεται
492 2798 576 2884 πρός
592 2802 663 2887 ἐμέ,
679 2800 721 2869 ού
732 2806 834 2889 λέγω,
850 2805 895 2890 μή
910 2824 964 2871 σοι
974 2802 1096 2870 ἀπιστα

83 2899 174 2979 δόξω
186 2902 259 2981 περὶ
272 2902 417 2985 ἐμαυτοῦ
433 2907 731 2986 μεγαλαυχεῖσθαι·
753 2899 775 2967 ἀ
789 2902 825 2969 δὲ
843 2904 880 2969 ἐν
894 2900 1096 2988 Ἀμφιλόχου

80 3024 120 3082 γε
135 2996 265 3084 ἤκουσα
280 3001 317 3064 ἐν
327 3004 473 3087 Μαλλῷ,
490 3005 551 3065 τοῦ
565 2997 674 3084 ἥρωος
688 2996 779 3083 ὕπαρ
792 3003 1024 3084 διαλεχθέντος
1039 3026 1096 3085 μοι

80 3098 139 3163 καὶ
154 3097 469 3182 συμβουλεύσαντος
481 3093 565 3178 ὑπὲρ
576 3102 644 3163 τῶν
656 3101 761 3183 ἐμῶν,
777 3094 864 3166 καλά
878 3096 969 3165 εἶδον
984 3094 1096 3182 αύτός,

79 3198 192 3263 ἐθέλω
208 3189 287 3277 ύμῖν
309 3199 429 3279 εἰπεῖν,
457 3192 525 3261 εἶτα
543 3198 614 3279 ἑξῆς
633 3191 656 3261 ἀ
679 3197 715 3262 ἐν
736 3196 903 3285 Περγάμῳ
926 3194 1015 3264 εἶδον
1039 3199 1094 3264 καλ
1110 3213 1142 3265 64

78 3292 214 3377 ἤκουσα
232 3292 268 3356 ἐν
282 3292 465 3375 Πατάροις·
492 3289 591 3359 ὁπότε
607 3290 672 3376 γάρ
689 3296 721 3373 ἐξ
738 3296 913 3380 Αἰγύπτου
936 3294 1095 3382 ἐπανῄειν

78 3393 198 3456 οἴκαδε
216 3382 351 3453 ἀκούων
372 3384 408 3454 τδ
427 3390 464 3455 ἐν
486 3396 614 3478 Μαλλῷ
634 3398 733 3458 τοῦτο
753 3405 911 3477 μαντείου
934 3392 1094 3476 ἐπιφανέ-

77 3486 206 3555 στατόν
222 3510 257 3552 τε
272 3486 325 3553 καλ
338 3483 566 3567 ἀληθέστατον
583 3486 736 3556 εἶναικαὶ
750 3498 835 3575 χρᾶν
849 3494 998 3574 ἐναργῶς
1010 3486 1094 3569 πρός
