2625 4092
219 301 282 364 ιιι
562 298 885 379 [Ammon

295 470 331 538 5.
346 456 467 532 ιΚΡΙΤ.·
489 468 578 529 Μιδν
593 459 653 529 τόν
667 460 859 529 Ἀπόλλωνά
875 460 908 548 μ’
924 460 1184 547 ἐπομοσάμεδα,
1197 459 1228 538 ὃς

217 562 392 649 προφήτης
406 558 541 645 ἄριστος
554 562 609 628 καί
624 562 751 655 ίητρός,
769 552 899 644 ύχαθέ;
996 579 1000 585 “
1022 565 1024 570 ’

183 690 185 695 ’
295 660 449 729 ΤΡΙΕΦ.
485 656 554 726 Τόν
580 657 810 742 ψευδόμαντιν
838 662 964 745 λέγεις,
996 656 1057 728 τόν
1085 666 1229 741 Κροίσου

218 760 338 851 πρηόην
353 758 573 826 διολυλεκότα
584 760 638 825 καί
650 753 722 843 μετ’
735 754 841 824 αὐτόν
851 764 1080 844 Σαλαμινίους
1096 761 1154 825 καί
1166 758 1230 825 ἐτέ-

218 885 300 944 ρους
312 864 472 945 μυρίους,
488 855 653 944 άμφίλοξα
671 863 751 923 πᾶσι
764 856 1035 942 μαντευόμενονς
1058 904 1061 909 -

303 963 334 1025 6.
350 962 432 1025 KPI
432 961 466 1023 T.
487 953 557 1023 Τόν
567 958 765 1022 Ποσειδῶνα
779 956 816 1023 δέ
826 962 871 1033 τίς
893 951 932 1035 ός
944 962 1099 1041 τρίαιναν
1110 957 1150 1022 ἐν
1161 968 1232 1021 ταίν

218 1060 482 1141 χεροίνῑκρατάν
502 1057 557 1122 καὶ
578 1052 736 1137 διάτορόν
748 1077 781 1121 τι
803 1054 857 1122 καί
876 1050 1153 1141 καταπληκτικόν
1172 1060 1233 1140 βοᾷ
1289 1063 1290 1078 ’

217 1158 313 1240 ἐντῷ
329 1154 463 1244 πολέμφ
479 1150 562 1221 ὅσον
574 1153 758 1239 ἐννεάχιλοι
773 1150 894 1238 άνδρες
910 1148 932 1239 ἢ
948 1153 1134 1237 δεκάχιλοι,
1150 1148 1232 1219 ἄλλά

148 1268 201 1325 ⁶9²
220 1255 275 1319 καὶ
293 1258 492 1337 σεισίχδυν,
512 1244 538 1319 ό
557 1257 730 1336 Τριεφύν,
749 1244 1000 1336 ἐπονομάζεταις

306 1358 448 1421 Tmo.
475 1348 545 1419 Τόν
555 1348 673 1437 μοιχόν
686 1352 808 1437 λέγεις,
824 1345 861 1428 ός
874 1348 936 1437 τὴν
947 1355 1008 1417 τού
1019 1350 1234 1433 Σαλμωνέως

217 1456 319 1519 παίδα
331 1448 393 1536 τὴν
406 1447 506 1533 Τυρύ
518 1448 637 1540 πρῴην
645 1451 825 1533 ’διέφδειρε
835 1449 891 1516 καί
901 1454 948 1516 ἐτι
959 1448 1167 1534 ἐπιμοιχεύει
1181 1448 1232 1514 καὶ

219 1550 341 1636 δύστης
352 1552 407 1617 καὶ
419 1546 615 1644 δημαγυχός
625 1557 694 1618 τῶν
704 1549 869 1616 τοιούτων
880 1550 952 1617 ἐστί
954 1576 965 1630 3
981 1545 1042 1615 τόν
1052 1546 1234 1633 γάρ”Αρην

219 1647 286 1715 ὑπὸ
308 1656 370 1716 ’τού
392 1652 518 1734 δεσμοῦ
538 1650 735 1735 πιεζόμενον
761 1649 815 1716 καί
837 1650 970 1734 δεσμοῖς
990 1645 1128 1726 ἀλύτοις
1151 1646 1234 1733 μετά

220 1743 486 1832 τῆς-Ἀφροδίτης
500 1746 742 1832 στενούμενον,
756 1747 895 1813 πάντων
909 1753 978 1813 τῶν
990 1751 1084 1813 θεῶν
1100 1745 1159 1812 διά
1173 1746 1233 1831 τὴν

220 1841 445 1931 μοιχείαν·ύπ’
464 1846 622 1931 αἰσχύνης
637 1845 860 1929 σιωπάντυν,
876 1842 895 1910 ὁ
910 1846 1041 1921 ίππειος
1054 1848 1236 1912 Ποσειδῶν

219 1949 359 2031 ἐκλαυσε
371 1946 592 2029 δακρυρροιόν
604 1936 716 2029 ὥσπερ
726 1942 766 2011 τά
781 1944 969 2031 βρεφύλλια
980 1941 1059 2021 τούς
1069 1943 1234 2011 διδασκά-

219 2036 300 2120 λους
314 2043 445 2110 δεδιότα
461 2038 483 2129 ἢ
498 2042 609 2127 ὥσπερ
627 2048 664 2111 αί
677 2050 777 2128 γρᾶες
792 2042 894 2125 κόρας
907 2045 1133 2123 ἐξαπατῶσαν
1158 2044 1235 2110 ἐπέ-

219 2167 308 2212 κειτο
324 2144 360 2211 δέ
373 2150 419 2234 τῷ
431 2140 601 2235 Ἡφαίστῳ
616 2151 716 2215 λύσαι
730 2141 913 2227 τδνἍρεα,
928 2140 966 2211 τό
981 2141 1017 2210 δὲ
1034 2139 1235 2229 άμφίχωλον

217 2251 316 2312 τοῦτο
339 2244 533 2331 δαιμόνιον,
558 2252 724 2330 οίκτεῐραν
744 2244 806 2311 τόν
827 2242 1021 2333 πρεσβύτην
1040 2241 1146 2327 θεόν,
1176 2244 1236 2311 τόν

216 2341 300 2431 Ἀρη
316 2342 606 2429 ἀπηλευθέρωσεν.
630 2344 714 2413 ὥστε
732 2348 787 2413 καί
801 2342 915 2430 μοιχός
929 2347 1019 2413 ἐστιν
1034 2340 1081 2421 ὡς
1092 2343 1235 2430 μοιχοδς

217 2447 396 2524 διασώζειν.

303 2546 331 2609 7.
351 2549 465 2611 ΚΡΙΤ.
485 2540 638 2628 Ἑρμείαν
655 2544 691 2609 δὲ
707 2549 754 2624 τίς
799 2556 802 2564 ’

305 2649 446 2711 ΤΡΙΕΦ.
471 2642 532 2728 Μή
548 2669 604 2728 μοι
621 2641 903 2710 τόνκακόδονλον
914 2649 975 2710 τοῦ
986 2640 1235 2727 άσελμεστάτου

219 2740 303 2820 Διὸς
317 2745 371 2809 καί
386 2740 446 2809 τόν
461 2738 757 2828 άσελγομανοῦυτα
770 2742 822 2808 ἐπί
837 2738 905 2818 τοῖς
921 2755 1091 2827 μοιχικοίς.

236 2862 238 2867 ·
303 2848 332 2910 8.
349 2848 430 2910 ΚΡΙ
431 2847 465 2908 Τ.
479 2840 581 2925 Ἀρεα
596 2842 632 2909 δέ
646 2842 702 2909 καί
717 2838 917 2926 Ἀφροδίτην
932 2837 1008 2908 οἶδα
1023 2838 1068 2927 μὴ
1082 2843 1235 2925 παραδέ·

217 2947 340 3027 χεσθαί
347 2961 384 3007 σε
395 2939 450 3009 διδ
466 2938 502 3009 τό
515 2946 807 3028 προδιαβληθῆναι
820 2942 936 3029 πρῴην
946 2938 1038 3023 παρά
1048 2946 1125 3009 σοῦ.
1150 2938 1234 3008 ὥστε

217 3040 367 3124 ἐάσωμεν
382 3038 530 3119 τούτους.
553 3048 610 3127 τῆς
620 3039 765 3126 Ἀθηνᾶς
780 3046 825 3107 ἔτι
844 3038 1160 3125 ἐπιμνησθήσομαι,
1180 3046 1234 3125 της

149 3158 199 3215 593
217 3142 410 3224 παρθένον,
433 3146 491 3226 τῆς
505 3141 652 3208 ἐνόπλου
666 3143 720 3208 καί
737 3146 1001 3225 καταπληκτικῆς
1014 3144 1118 3217 θεάς,
1143 3136 1169 3225 ἢ
1183 3141 1233 3207 καὶ

216 3237 277 3327 την
299 3247 355 3325 τῆς
373 3238 543 3324 Γοργόνος
566 3237 717 3325 κεφαλὴν
737 3242 775 3307 ἐν
794 3228 980 3328 τῷστηδει
1002 3238 1232 3325 περιάπτεται,

216 3336 277 3424 τὴν
291 3339 517 3422 χιχαντολέτιν
527 3338 622 3403 θεόν.
639 3334 681 3402 ού
692 3336 757 3423 γάρ
769 3343 850 3422 ἔχεις
864 3363 894 3402 τι
906 3338 1016 3420 λέγειν
1027 3336 1107 3418 περὶ
1119 3334 1231 3421 αὐτῆς.

304 3440 446 3502 ΤΡῙΕΦ.
467 3432 549 3517 Ἐρῶ
561 3432 681 3502 σοι’καὶ
692 3438 767 3518 περὶ
777 3434 907 3519 ταύτης,
923 3430 966 3519 ἥν
980 3459 1037 3518 μοι
1050 3429 1233 3522 άποιιρίνη.

304 3539 417 3600 ΚΡΙΤ.
440 3536 525 3619 Λέγε
539 3532 601 3599 ότι
616 3557 654 3616 χε
668 3534 793 3616 βούλει.
