2625 4092
226 275 289 336 30⁶2
581 277 887 336 ΛΟΥΚΙΛΝΟΤ

312 442 341 503 Ξ.
359 443 489 504 ΚΡΟΝ.
504 433 620 525 Ὁρᾴς;
643 433 685 502 ού
696 433 769 503 κατ’
782 438 838 522 ἐμὲ
851 445 949 507 τοῦτο
960 432 1100 527 ήτήσας·
1118 436 1229 524 ούγάρ

227 531 309 620 ἐμὸν
332 538 500 618 διανέμειν
516 531 556 599 τά
577 538 723 600 τοιαῦτα.
754 531 839 600 ὥστε
854 531 899 618 μή
915 533 1041 621 ἄχθου,
1065 542 1097 603 εί
1113 534 1230 620 ἀτυχή-

227 654 318 708 σειας
332 629 461 714 αὐτῶν,
477 627 551 698 ἀλλ’
565 641 647 698 αίτει
660 628 750 714 παρά
764 637 825 697 τοῦ
835 632 937 715 Διός,
954 630 1082 699 ὁπόταν
1094 639 1140 710 είς
1152 635 1230 699 ἐκεῖ·

228 730 319 818 νονή
331 729 413 817 ἀρχή
425 729 585 819 περιέλθῃ
596 729 667 816 μετ’
680 729 803 816 ὀλίγον.
820 728 885 815 ἐγω
896 728 930 797 δ’
941 734 994 799 ἐπί
1004 735 1118 817 ῥητοῖς
1126 756 1231 812 παρα·
1292 736 1293 795 3

227 830 388 916 λαμβάνω
398 827 461 915 τήν
473 835 690 897 δυναστείαν·
712 825 793 896 ἑπτά
809 828 871 913 μέν
884 825 1019 913 ήμερῶν
1032 827 1053 914 ή
1068 836 1161 896 πᾶσα
1174 837 1231 914 βα-

227 933 350 1011 σιλεία,
376 928 431 994 καὶ
451 923 495 1012 ήν
515 926 743 1011 ἐκπρόθεσμος
765 925 894 992 τούτων
915 930 1080 1012 γένωμαι,
1103 925 1232 1010 ίδιάτής

229 1023 335 1102 εὐθύς
350 1030 416 1109 είμι
432 1026 487 1092 καί
501 1031 563 1092 τοῦ
576 1029 704 1092 πολλοῦ
720 1021 829 1108 δήμου
843 1017 904 1102 είς·
931 1025 969 1091 ἐν
984 1021 1101 1103 αὐτοῖς
1114 1024 1154 1092 δέ
1169 1038 1232 1100 ταῖς

228 1120 309 1190 έπτά
331 1127 517 1190 σπουδαῖον
531 1124 593 1211 μὲν
609 1122 709 1189 οὐδέν
724 1119 803 1189 οὐδὲ
823 1119 984 1206 ἀγοραῖον
998 1122 1233 1207 διοικήσασθαί

228 1246 285 1306 μοι
300 1220 562 1307 συγκεχώρηται,
585 1227 695 1287 πίνειν
710 1220 747 1288 δὲ
765 1222 819 1287 καὶ
835 1218 978 1305 μεθύειν
1001 1222 1055 1286 καί
1070 1226 1160 1307 βοάν
1182 1220 1232 1285 καί
1293 1278 1294 1283 ,

228 1324 355 1398 παίζειν
373 1322 426 1385 καί
444 1320 602 1406 κυβεύειν
618 1319 673 1386 καί
693 1315 855 1404 ἄρχοντας
868 1319 1070 1385 καθιστάναι
1085 1320 1142 1385 καὶ
1158 1315 1232 1392 τούς

229 1422 355 1498 οἰκέτας
376 1419 513 1505 εὐωχεῖν
529 1422 583 1487 καί
605 1418 737 1506 γυμνὸν
758 1417 853 1506 ᾅδειν
872 1419 927 1484 καὶ
942 1432 1074 1499 κροτεῖν
1092 1415 1233 1498 ὑποτρέ-

228 1543 350 1604 μοντα,
365 1519 475 1600 ἐνίοτε
484 1517 520 1585 δὲ
534 1519 589 1586 καὶ
604 1521 636 1594 ἐς
650 1515 742 1600 ὕδωρ
758 1514 888 1601 ψυχρόν
901 1516 953 1583 ἐπὶ
966 1513 1119 1602 κεφαλήν
1135 1512 1233 1582 ὠθεῖ·
1294 1542 1295 1549 “

228 1625 311 1683 σθαι
327 1612 460 1705 ἀσβόλῳ
475 1618 692 1700 κεχρισμένον
711 1613 748 1682 τὰ
765 1616 964 1696 πρόσωπον,
988 1622 1092 1680 ταῦτα
1110 1616 1235 1699 ἐφεῖταί

228 1737 285 1796 μοι
296 1726 412 1779 ποιεῖν.
437 1712 476 1779 τά
488 1713 614 1798 μεγάλα
626 1713 662 1778 δέ
673 1715 792 1795 ἐκεῖνα,
808 1709 868 1778 τὸν
879 1719 1025 1778 πλοῦτον
1036 1713 1091 1779 καὶ
1104 1709 1141 1777 τὸ
1154 1737 1234 1794 χρυ-

229 1816 320 1893 σίον,
337 1806 355 1876 ὁ
370 1808 455 1888 Ζεύς
470 1814 664 1877 διαδίδωσιν
678 1804 728 1888 οίς
740 1805 784 1876 ἀν
799 1811 909 1896 ἐθέλῃ.

312 1913 342 1975 3.
365 1915 448 1977 ΙΕΡ.
473 1907 561 1978 Ἀλλ’
583 1907 658 1975 οὐδ’
678 1911 818 1993 ἐκεῖνος,
843 1900 869 1974 ὦ
890 1907 1017 1992 Κρόνε,
1039 1911 1163 1997 ῥᾳδίως
1182 1907 1235 1973 καί
1295 1912 1296 1949 ί

228 2012 417 2090 προχείρως.
446 2005 510 2091 ἐγώ
526 2014 611 2091 γοῦν
625 2004 689 2092 ήδη
704 2004 921 2093 ἀπηγόρευκα
936 2013 1038 2074 αίτῶν
1052 2007 1182 2094 μεγάλῃ
1197 2012 1235 2092 τῇ

228 2112 340 2190 φωνή,
357 2102 375 2169 δ
389 2102 418 2170 δ’
433 2102 495 2170 οὐκ
510 2107 615 2173 ἐπαΐει
626 2102 663 2170 τδ
679 2105 855 2188 παράπαν,
870 2101 954 2171 ἀλλά
966 2103 1028 2189 τήν
1038 2109 1152 2189 αθγίδα
1164 2108 1236 2170 ἐπι-

158 2219 209 2276 387
229 2211 329 2271 σείων
344 2207 398 2270 καί
415 2200 475 2271 τὸν
491 2203 659 2286 κεραυνὸν
675 2204 971 2289 ἐπανατεινόμενος
989 2201 1091 2289 δριμύ
1106 2206 1237 2283 ἐνορῶν
1296 2286 1297 2293 ,

228 2301 398 2388 ἐκπλήττει
418 2299 496 2380 τούς
517 2306 750 2387 ἐνοχλοῦντας·
783 2298 827 2387 ήν
843 2305 882 2369 δέ
899 2325 978 2368 ποτε
998 2303 1053 2367 καὶ
1073 2301 1238 2388 ἐπινεύσῃ

226 2402 291 2466 τιυὶ
309 2403 363 2467 καί
379 2400 542 2468 πλούσιον
559 2407 639 2488 ποιῇ
645 2451 655 2485 ,
678 2398 818 2468 πολύτὸ
836 2399 974 2484 ἀκριτου
990 2401 1158 2483 ἐνταῦθα,
1181 2403 1239 2466 καὶ

227 2496 306 2576 τούς
323 2495 476 2583 ἀγαθούς
490 2502 594 2566 ἐνίοτε
610 2503 665 2566 καί
681 2501 841 2576 συνετούς
857 2498 952 2585 ἀφεὶς
968 2495 985 2567 ὁ
1003 2500 1040 2564 δὲ
1055 2498 1239 2583 παμπονή-

228 2620 298 2677 ροις
309 2621 343 2662 τε
353 2597 407 2663 καί
418 2593 572 2681 ἀνοήτοις
582 2592 725 2682 ἀνδράσι
735 2613 863 2682 περιχεῖ
870 2595 930 2663 τὸν
942 2604 1099 2681 πλοῦτον,
1114 2616 1239 2680 μαστι-

227 2689 349 2779 γίαιςή
370 2691 592 2779 ἀνδρογύνοις
608 2710 676 2772 τοῖς
696 2702 860 2772 πλείστοις
879 2692 1000 2762 αὐτῶν.
1030 2691 1115 2778 πλήν
1136 2695 1178 2760 τά
1200 2719 1239 2779 γε

228 2792 281 2858 σοί
295 2788 421 2858 δυνατά
439 2794 545 2859 ἐθέλω
560 2794 682 2860 είδέναι
698 2800 772 2859 τίνα
786 2792 890 2859 ταῦτά
908 2795 1006 2859 ἐστιν.

312 2893 341 2956 4.
358 2896 488 2957 ΚΡΟΝ.
507 2886 559 2957 Οά
570 2887 673 2974 μικρά
684 2889 768 2968 ὅλως
778 2887 857 2957 ούδέ
868 2888 1081 2957 παντάπασιν
1093 2887 1239 2956 εύκατα·

228 2987 380 3072 φρόνιμα
397 2985 441 3065 ὡς
460 2988 543 3067 πρὸς
559 2984 622 3073 τήν
641 2989 787 3074 δύναμιν
801 2989 1008 3068 ἐξετάζεσθαι
1022 2995 1080 3073 τῆς
1100 2988 1239 3073 συμπά-

227 3105 287 3169 σης
302 3082 417 3169 ἀρχῆς,
437 3091 466 3152 εί
480 3085 525 3170 μή
537 3095 637 3171 σοίγε
647 3084 768 3170 μικρὸν
783 3089 879 3152 δοκεῖ
887 3082 923 3152 τὸ
936 3091 1035 3152 νικᾶν
1045 3085 1238 3169 κυβεύοντα

227 3185 282 3249 καλ
295 3195 363 3258 τοῖς
377 3179 490 3261 ἀλλοις
501 3186 533 3260 ἐς
548 3180 609 3269 τήν
624 3184 754 3266 μονάδα
768 3184 971 3268 κυλιομένου
981 3191 1044 3250 τοῦ
1057 3183 1170 3269 κύβου
1184 3186 1237 3250 σοὶ

226 3279 288 3363 τήν
299 3279 396 3358 ἑξάδα
410 3278 566 3360 ὑπεράνω
579 3277 629 3347 ἀεὶ
641 3287 838 3364 φαίνεσθαι·
860 3282 978 3348 πολλοὶ
987 3289 1074 3365 γοῦν
1085 3283 1119 3359 ἐς
1130 3279 1240 3363 κόρον

228 3373 293 3442 ἀπὸ
315 3382 377 3440 τοῦ
394 3377 548 3443 τοιούτου
569 3381 811 3464 ἐπεσιτίσαντο,
834 3371 882 3455 οίς
901 3380 998 3456 ἵλεως
1012 3380 1068 3447 καὶ
1088 3375 1199 3464 φορδς
1219 3375 1238 3444 ὁ

228 3472 331 3555 κύβος
345 3473 527 3540 ἐπινεύσει·
550 3478 584 3542 οί
597 3476 632 3542 δὲ
651 3483 793 3561 ἔμπαλιν
807 3479 929 3564 γυμνοί
943 3477 1138 3563 ἐξενήξαντο
1152 3497 1238 3544 συνΒ
