2625 4092
279 276 399 341 ΠΕΡΙ
421 283 517 340 ΤΗΣ
534 282 723 339 ΣΥΡΙΗΣ
743 282 879 342 ΘΕΟῬ.
1022 280 1084 345 36λ

73 448 214 529 δένδρεα
229 445 356 530 μεγάλα
377 443 579 522 ἐκκόψαντες
595 445 632 509 ἐν
647 448 687 530 τῇ
702 439 788 531 αὐλῇ
803 446 930 527 έστάσι,
952 442 1034 530 μετά
1050 446 1086 513 δὲ

71 549 264 631 ἀγινέοντες
276 542 371 629 αἶγάς
384 545 484 609 τεκαὶ
499 540 570 620 ὅλας
583 543 638 609 καὶ
653 540 737 609 ἀλλα
753 542 874 629 κτήνεα
889 541 954 624 ζωά
970 547 1086 613 ἐκτῶν

73 644 242 725 δενδρέων
257 638 497 722 ἀπαρτέουσιν·
521 641 558 706 ἐν
569 637 605 705 δέ
616 641 671 707 καί
681 636 818 722 ὄρνιθες
832 642 887 707 καὶ
903 644 1019 726 εἵματα
1031 644 1086 709 καὶ

72 741 199 829 χρύσεα
215 742 269 809 καλ
283 738 432 825 ἀργύρεα
452 739 628 823 ποιήματα.
653 735 755 804 έπεάν
773 738 810 807 δέ
830 741 962 806 ἐντελέα
977 740 1087 807 πάντα

73 839 295 926 ποιήσωνται,
311 844 575 921 περιενείκαντες
588 833 628 902 τά
645 834 702 918 ίρά
717 840 792 920 περὶ
806 834 847 903 τά
863 841 1002 919 δένδρεα
1018 864 1085 907 πυ-
1103 848 1156 905 486

73 936 139 1025 ρήν
155 940 277 1020 ένιᾶσι,
293 934 333 1002 τά
352 936 387 1003 δέ
402 932 520 1002 αὐτίκα
534 934 642 1001 πάντα
658 941 819 1005 καίονται.
841 939 874 1014 ές
887 938 1014 1023 ταύτην
1023 936 1086 1024 τήν

73 1032 179 1120 ὁρτήν
201 1036 318 1103 πολλοὶ
336 1033 512 1118 ἀνθρωττοι
532 1032 747 1101 ἀπικνέονται
770 1042 807 1102 ἔκ
822 1060 858 1102 τε
880 1042 1010 1121 Συρίης
1031 1038 1087 1103 καὶ

73 1160 143 1199 τιιν
165 1136 257 1217 πέριξ
274 1137 409 1219 χωρέων
429 1135 580 1216 πασέων,
605 1134 750 1217 φέρουσί
767 1160 802 1200 τε
822 1132 862 1201 τά
878 1135 1013 1201 έωντάν
1029 1132 1085 1218 ίρά

74 1236 208 1301 ἕκαστοι
228 1235 282 1298 καλ
305 1229 345 1297 τά
363 1231 487 1317 σημήια
502 1232 635 1298 ἕκαστοι
652 1237 786 1317 ἔχουσιν
802 1236 835 1311 ἐς
849 1235 929 1301 τάδε
943 1260 1086 1321 μεμιμη-

74 1337 167 1421 μένα.
188 1339 240 1399 50.
252 1334 422 1418 έυρητήσι
438 1330 473 1397 δέ
487 1328 627 1419 ἡμέρῃσι
642 1328 680 1397 τὸ
696 1331 758 1416 μευ
771 1339 902 1419 πλῆθος
912 1338 945 1411 ές
959 1330 996 1400 τὸ
1009 1333 1086 1416 ίρὸυ

73 1432 281 1519 ἀγείρονται,
304 1429 429 1497 Γάλλοι
451 1434 486 1495 δέ
504 1431 621 1497 πολλοὶ
646 1428 802 1511 καὶτοὺς
824 1435 916 1511 ἔλεξα
937 1435 1004 1517 ίρολ
1024 1432 1086 1500 ἀυ-

73 1541 209 1616 θρωποι
220 1532 367 1597 τελέουσι
384 1526 423 1594 τά
436 1527 550 1613 ὄργια,
565 1530 751 1613 τάμνονταί
757 1556 793 1597 τε
806 1529 886 1607 τούς
897 1532 1020 1616 πήχεας
1031 1533 1087 1600 καὶ

73 1646 160 1697 τοῖσι
179 1630 311 1696 νώτοισι
323 1625 406 1711 πρὸς
419 1626 584 1713 ἀλλήλους
598 1629 787 1696 τύπτονται.
810 1631 927 1698 πολλοί
942 1632 978 1697 δὲ
989 1635 1086 1716 σφίσι

75 1735 301 1814 παρεστεῶτες
314 1728 530 1803 ἐπαυλέουσι,
550 1729 666 1793 πολλοὶ
678 1726 714 1794 δὲ
728 1727 884 1811 τύμπανα
899 1734 1087 1813 παταγέου-

75 1849 149 1912 σιν,
165 1826 260 1895 ἀλλοι
276 1828 311 1893 δὲ
322 1823 493 1893 ἀείδουσιν
508 1829 611 1891 ἔνθεα
628 1827 681 1891 καὶ
697 1822 754 1908 ίρά
769 1824 908 1913 ᾅσματα.
931 1824 968 1892 τὸ
983 1826 1019 1894 δὲ
1030 1832 1087 1908 έρ-

74 1953 139 2013 γον
159 1923 253 2004 ἐκτὸς
269 1934 330 1992 τοῦ
351 1932 436 2011 νηοῦ
458 1924 533 1992 τόδε
552 1932 716 2010 γίγνεται,
740 1922 820 1992 οὐδὲ
844 1928 1032 2010 ἐσέρχονται
1052 1930 1086 2004 ἐς

75 2026 136 2092 τὸν
152 2022 238 2109 νηὸν
259 2020 374 2091 ὁκόσοι
397 2024 473 2090 τόδε
491 2027 672 2091 ποιέουσιν.
711 2029 760 2091 51.
778 2026 814 2091 έν
830 2025 970 2113 ταύτῃσι
989 2033 1085 2113 τῇσιν

76 2123 216 2211 ἡμέρῃσι
232 2123 286 2189 καὶ
299 2122 422 2190 Γάλλοι
444 2129 631 2208 γίγνονται·
653 2121 755 2190 ἐπεάν
771 2122 836 2209 γάρ
854 2129 888 2192 οί
905 2123 1002 2194 ἀλλοι
1023 2123 1086 2191 αὐ-

76 2227 177 2290 λέωσί
189 2246 223 2287 τε
240 2223 294 2287 καλ
316 2219 412 2306 ὄργια
434 2223 628 2306 ποιέωνται,
651 2225 684 2299 ές
698 2220 843 2301 πολλοὺς
863 2222 927 2309 ήδη
943 2221 965 2310 ή
984 2231 1086 2310 μανίη

77 2320 284 2404 ἀπικνέεται,
307 2323 362 2387 καί
384 2322 501 2389 πολλοὶ
523 2325 558 2388 οί
576 2325 609 2398 ές
629 2325 715 2407 θέην
735 2320 934 2407 ἀπικόμενοι
951 2321 1033 2407 μετά
1051 2323 1087 2390 δέ

77 2422 189 2489 τοιάδε
204 2422 358 2506 ἔπρηξαν.
382 2422 548 2501 καταλέξω
569 2420 605 2487 δὲ
626 2422 681 2487 καὶ
695 2420 736 2487 τά
757 2423 943 2488 ποιέουσιν·
974 2421 1088 2507 ὁνεη-

78 2530 167 2607 νίης,
186 2516 251 2608 ὅτῳ
265 2519 343 2587 τάδε
361 2516 556 2605 ἀποκέαται,
577 2522 676 2606 ῥίψας
689 2516 729 2585 τά
746 2523 863 2602 εἵματα
880 2521 1008 2608 μεγάλη
1024 2529 1088 2609 βοή

77 2626 110 2701 ἐς
126 2622 230 2707 μέσον
241 2624 367 2704 ἔρχεται
383 2620 437 2686 καλ
448 2625 542 2705 ξίφος
556 2617 758 2699 ἀναιρέεται·
780 2615 820 2684 τά
833 2618 869 2685 δέ
884 2616 991 2686 πολλά
1003 2624 1087 2705 ἔτεα,

78 2722 150 2809 ἐμοὶ
167 2720 292 2804 δοκέει,
314 2716 368 2787 διά
392 2725 491 2785 τοῦτο
509 2719 632 2803 ἕστηκε.
656 2714 770 2802 λαβὼν
785 2717 821 2782 δέ
837 2713 955 2784 αὐτίκα
970 2718 1088 2804 τάμνει

78 2819 205 2907 έωυτόυ
225 2824 298 2887 θέει
313 2846 348 2886 τε
369 2816 424 2886 διά
445 2826 502 2904 τῆς
524 2819 639 2896 πόλιος
659 2818 713 2883 καί
733 2823 807 2905 τήσι
825 2821 915 2903 χερσί
936 2821 1031 2902 φέρει
1047 2817 1088 2911 τά

77 2930 206 3007 ἔταμεν.
236 2923 268 2999 ἐς
282 2918 397 3004 ὁκοίην
414 2920 449 2985 δέ
471 2924 578 3005 οἰκίην
595 2916 673 2984 τάδε
691 2912 886 2999 ἀπορρίψει,
908 2920 945 2984 ἐκ
965 2916 1087 3005 ταύτης
1106 2942 1155 2998 437

79 3022 205 3107 ἑσθήτά
223 3046 257 3087 τε
272 3023 399 3105 θηλέην
417 3022 471 3086 καλ
486 3019 613 3104 κόσμον
624 3014 684 3083 τὸν
699 3017 898 3103 γυναικήιον
913 3019 1086 3103 λαμβάνει.

77 3120 156 3189 τάδε
172 3120 234 3206 μὲν
250 3122 287 3185 ἐν
305 3126 377 3206 τήσι
393 3124 510 3205 τομήσι
524 3122 705 3185 ποιέουσιν.
739 3122 790 3183 52.
805 3114 1037 3195 ἀποθανόντες
1052 3116 1089 3185 δέ

77 3222 202 3291 Γάλλοι
213 3218 276 3286 οὐκ
291 3215 408 3303 ὁμοίην
420 3214 531 3302 ταφήν
542 3232 647 3284 τοῖσιν
658 3214 787 3284 ἀλλοισι
797 3216 995 3298 θάπτονται,
1012 3214 1086 3283 ἀλλ’

77 3319 139 3389 ε’ἀυ
160 3320 318 3407 ἀποθάνῃ
340 3318 485 3401 Γάλλος,
512 3320 547 3384 οί
568 3320 693 3399 ἑταῖροί
714 3342 773 3401 μιν
797 3312 967 3398 ἀείραντες
994 3318 1027 3394 ἐς
1047 3313 1088 3383 τά

77 3420 258 3503 προάστεια
275 3422 433 3503 φέρουσι,
455 3420 593 3501 θέμενοι
616 3417 651 3483 δὲ
673 3413 778 3483 αάτδν
797 3418 852 3483 καί
872 3413 909 3482 τὸ
930 3417 1087 3498 φέρτρον,

77 3527 123 3605 τῷ
140 3522 308 3604 ἐκόμισαν,
324 3516 453 3599 ὕπερθε
463 3524 583 3594 λίθους
594 3516 766 3601 βάλλουσι,
783 3519 837 3582 καλ
848 3514 926 3581 τάδε
940 3516 1087 3598 πρήξαν-
