<?xml version="1.0" encoding="UTF-8"?>
<!DOCTYPE html PUBLIC "-//W3C//DTD XHTML 1.0 Transitional//EN"
    "http://www.w3.org/TR/xhtml1/DTD/xhtml1-transitional.dtd">
<html xmlns="http://www.w3.org/1999/xhtml" xml:lang="en" lang="en">
 <head>
  <title>
</title>
<meta http-equiv="Content-Type" content="text/html;charset=utf-8" />
  <meta name='ocr-system' content='tesseract 3.04.00' />
  <meta name='ocr-capabilities' content='ocr_page ocr_carea ocr_par ocr_line ocrx_word'/>
</head>
<body>
  <div class='ocr_page' id='page_1' title='image "./lucianisamosate04jacogoog/lucianisamosate04jacogoog_0267.png"; bbox 0 0 2625 4092; ppageno 0'>
   <div class='ocr_carea' id='block_1_1' title="bbox 262 282 1101 350">
    <p class='ocr_par' dir='ltr' id='par_1_1' title="bbox 262 282 1101 350">
     <span class='ocr_line' id='line_1_1' title="bbox 262 282 1101 350; baseline 0.008 -8"><span class='ocrx_word' id='word_1_1' title='bbox 262 282 515 350; x_wconf 74' lang='grc' dir='ltr'><em>ΔΙΑΛΕΞΙΣ</em></span> <span class='ocrx_word' id='word_1_2' title='bbox 530 283 664 343; x_wconf 89' lang='grc' dir='ltr'><em>ΠΡΟΣ</em></span> <span class='ocrx_word' id='word_1_3' title='bbox 680 284 925 346; x_wconf 84' lang='grc' dir='ltr'><strong><em>ΗΣΙΟΔΟΝ.</em></strong></span> <span class='ocrx_word' id='word_1_4' title='bbox 1038 286 1101 349; x_wconf 73' lang='lat'><strong><em>211</em></strong></span> 
     </span>
    </p>
   </div>
   <div class='ocr_carea' id='block_1_2' title="bbox 80 438 1170 727">
    <p class='ocr_par' dir='ltr' id='par_1_2' title="bbox 80 438 1170 727">
     <span class='ocr_line' id='line_1_2' title="bbox 80 438 1170 532; baseline 0.012 -25"><span class='ocrx_word' id='word_1_5' title='bbox 80 438 150 508; x_wconf 82' lang='grc' dir='ltr'><strong><em>ὅσα</em></strong></span> <span class='ocrx_word' id='word_1_6' title='bbox 165 444 337 529; x_wconf 78' lang='grc' dir='ltr'><strong><em>ποιμένων</em></strong></span> <span class='ocrx_word' id='word_1_7' title='bbox 349 448 430 528; x_wconf 69' lang='grc' dir='ltr'><strong><em>ἔργα</em></strong></span> <span class='ocrx_word' id='word_1_8' title='bbox 444 445 500 510; x_wconf 85' lang='grc' dir='ltr'><strong><em>καὶ</em></strong></span> <span class='ocrx_word' id='word_1_9' title='bbox 513 442 710 528; x_wconf 84' lang='grc' dir='ltr'><strong><em>μαθήματα,</em></strong></span> <span class='ocrx_word' id='word_1_10' title='bbox 727 448 854 524; x_wconf 88' lang='grc' dir='ltr'><strong><em>δίκαιος</em></strong></span> <span class='ocrx_word' id='word_1_11' title='bbox 867 440 911 512; x_wconf 84' lang='grc' dir='ltr'><strong><em>ἀν</em></strong></span> <span class='ocrx_word' id='word_1_12' title='bbox 928 456 1000 532; x_wconf 82' lang='grc' dir='ltr'><strong><em>εἴην</em></strong></span> <span class='ocrx_word' id='word_1_13' title='bbox 1015 445 1099 514; x_wconf 84' lang='grc' dir='ltr'><strong><em>ἀπο·</em></strong></span> <span class='ocrx_word' id='word_1_14' title='bbox 1119 465 1170 520; x_wconf 72' lang='lat'><strong><em>243</em></strong></span> 
     </span>
     <span class='ocr_line' id='line_1_3' title="bbox 81 538 1101 626; baseline 0.006 -18"><span class='ocrx_word' id='word_1_15' title='bbox 81 547 278 626; x_wconf 73' lang='grc' dir='ltr'><strong><em>λογείσθαι,</em></strong></span> <span class='ocrx_word' id='word_1_16' title='bbox 299 547 337 610; x_wconf 89' lang='grc' dir='ltr'><strong><em>αί</em></strong></span> <span class='ocrx_word' id='word_1_17' title='bbox 348 546 427 610; x_wconf 82' lang='grc' dir='ltr'><strong><em>θεαὶ</em></strong></span> <span class='ocrx_word' id='word_1_18' title='bbox 441 545 477 610; x_wconf 79' lang='grc' dir='ltr'><strong><em>δὲ</em></strong></span> <span class='ocrx_word' id='word_1_19' title='bbox 495 542 554 621; x_wconf 86' lang='grc' dir='ltr'><strong><em>τάς</em></strong></span> <span class='ocrx_word' id='word_1_20' title='bbox 568 539 682 608; x_wconf 81' lang='grc' dir='ltr'><strong><em>αὐτῶν</em></strong></span> <span class='ocrx_word' id='word_1_21' title='bbox 697 539 825 625; x_wconf 82' lang='grc' dir='ltr'><strong><em>δωρεάς</em></strong></span> <span class='ocrx_word' id='word_1_22' title='bbox 846 538 894 622; x_wconf 79' lang='grc' dir='ltr'><strong><em>οἷς</em></strong></span> <span class='ocrx_word' id='word_1_23' title='bbox 908 571 943 611; x_wconf 86' lang='grc' dir='ltr'><strong><em>τε</em></strong></span> <span class='ocrx_word' id='word_1_24' title='bbox 964 541 1008 611; x_wconf 86' lang='grc' dir='ltr'><strong><em>ἀν</em></strong></span> <span class='ocrx_word' id='word_1_25' title='bbox 1024 549 1101 614; x_wconf 46' lang='lat' dir='ltr'><strong><em>{a}</em></strong></span> 
     </span>
     <span class='ocr_line' id='line_1_4' title="bbox 81 637 1100 727; baseline 0.002 -21"><span class='ocrx_word' id='word_1_26' title='bbox 81 647 170 706; x_wconf 90' lang='grc' dir='ltr'><strong><em>λωσι</em></strong></span> <span class='ocrx_word' id='word_1_27' title='bbox 184 642 239 707; x_wconf 79' lang='grc' dir='ltr'><strong><em>καὶ</em></strong></span> <span class='ocrx_word' id='word_1_28' title='bbox 250 639 305 724; x_wconf 90' lang='grc' dir='ltr'><strong><em>ἐφ’</em></strong></span> <span class='ocrx_word' id='word_1_29' title='bbox 318 639 402 708; x_wconf 82' lang='grc' dir='ltr'><strong><em>ὅσον</em></strong></span> <span class='ocrx_word' id='word_1_30' title='bbox 411 637 456 708; x_wconf 85' lang='grc' dir='ltr'><strong><em>ἀν</em></strong></span> <span class='ocrx_word' id='word_1_31' title='bbox 467 651 603 709; x_wconf 75' lang='grc' dir='ltr'><strong><em>οἴωνται</em></strong></span> <span class='ocrx_word' id='word_1_32' title='bbox 617 647 726 718; x_wconf 87' lang='grc' dir='ltr'><strong><em>καλῶς</em></strong></span> <span class='ocrx_word' id='word_1_33' title='bbox 737 646 840 726; x_wconf 75' lang='grc' dir='ltr'><strong><em>ἔχειν,</em></strong></span> <span class='ocrx_word' id='word_1_34' title='bbox 855 641 1100 727; x_wconf 87' lang='grc' dir='ltr'><strong><em>μεταδιδόασιν.</em></strong></span> 
     </span>
    </p>
   </div>
   <div class='ocr_carea' id='block_1_3' title="bbox 81 735 1168 3495">
    <p class='ocr_par' dir='ltr' id='par_1_3' title="bbox 81 735 1168 2897">
     <span class='ocr_line' id='line_1_5' title="bbox 82 735 1101 826; baseline 0.004 -23"><span class='ocrx_word' id='word_1_35' title='bbox 82 742 115 803; x_wconf 86' lang='grc'><strong><em>5.</em></strong></span> <span class='ocrx_word' id='word_1_36' title='bbox 131 735 223 822; x_wconf 84' lang='grc' dir='ltr'><strong><em>ὅμως</em></strong></span> <span class='ocrx_word' id='word_1_37' title='bbox 237 742 272 807; x_wconf 79' lang='grc' dir='ltr'><strong><em>δὲ</em></strong></span> <span class='ocrx_word' id='word_1_38' title='bbox 290 738 353 808; x_wconf 87' lang='grc' dir='ltr'><strong><em>οῦκ</em></strong></span> <span class='ocrx_word' id='word_1_39' title='bbox 374 738 536 826; x_wconf 92' lang='grc' dir='ltr'><strong><em>ἀπορήσω</em></strong></span> <span class='ocrx_word' id='word_1_40' title='bbox 554 738 638 822; x_wconf 81' lang='grc' dir='ltr'><strong><em>πρός</em></strong></span> <span class='ocrx_word' id='word_1_41' title='bbox 654 740 692 805; x_wconf 77' lang='grc' dir='ltr'><strong><em>σὲ</em></strong></span> <span class='ocrx_word' id='word_1_42' title='bbox 713 741 767 806; x_wconf 85' lang='grc' dir='ltr'><strong><em>καλ</em></strong></span> <span class='ocrx_word' id='word_1_43' title='bbox 782 746 955 826; x_wconf 79' lang='grc' dir='ltr'><strong><em>ποιητικῆς</em></strong></span> <span class='ocrx_word' id='word_1_44' title='bbox 975 737 1101 808; x_wconf 88' lang='grc' dir='ltr'><strong><em>ἀπολο-</em></strong></span> 
     </span>
     <span class='ocr_line' id='line_1_6' title="bbox 81 833 1099 924; baseline 0.002 -22"><span class='ocrx_word' id='word_1_45' title='bbox 81 843 175 920; x_wconf 90' lang='grc' dir='ltr'><strong><em>γίας·</em></strong></span> <span class='ocrx_word' id='word_1_46' title='bbox 202 833 244 903; x_wconf 90' lang='grc' dir='ltr'><strong><em>οῦ</em></strong></span> <span class='ocrx_word' id='word_1_47' title='bbox 254 837 337 924; x_wconf 90' lang='grc' dir='ltr'><strong><em>γάρ,</em></strong></span> <span class='ocrx_word' id='word_1_48' title='bbox 349 837 457 924; x_wconf 81' lang='grc' dir='ltr'><strong><em>οἶμαι,</em></strong></span> <span class='ocrx_word' id='word_1_49' title='bbox 469 834 531 923; x_wconf 83' lang='grc' dir='ltr'><strong><em>χρή</em></strong></span> <span class='ocrx_word' id='word_1_50' title='bbox 543 834 633 917; x_wconf 86' lang='grc' dir='ltr'><strong><em>παρά</em></strong></span> <span class='ocrx_word' id='word_1_51' title='bbox 645 844 714 903; x_wconf 90' lang='grc' dir='ltr'><strong><em>τῶν</em></strong></span> <span class='ocrx_word' id='word_1_52' title='bbox 726 843 874 922; x_wconf 91' lang='grc' dir='ltr'><strong><em>ποιητῶν</em></strong></span> <span class='ocrx_word' id='word_1_53' title='bbox 885 840 918 914; x_wconf 84' lang='grc' dir='ltr'><strong><em>ἐς</em></strong></span> <span class='ocrx_word' id='word_1_54' title='bbox 927 834 964 904; x_wconf 85' lang='grc' dir='ltr'><strong><em>τό</em></strong></span> <span class='ocrx_word' id='word_1_55' title='bbox 978 837 1099 906; x_wconf 86' lang='grc' dir='ltr'><strong><em>λεπτό-</em></strong></span> 
     </span>
     <span class='ocr_line' id='line_1_7' title="bbox 81 932 1099 1023; baseline 0.002 -23"><span class='ocrx_word' id='word_1_56' title='bbox 81 959 187 1001; x_wconf 90' lang='grc' dir='ltr'><strong><em>τατον</em></strong></span> <span class='ocrx_word' id='word_1_57' title='bbox 201 932 548 1023; x_wconf 70' lang='grc' dir='ltr'><strong><em>ἀκριβολογουμένους</em></strong></span> <span class='ocrx_word' id='word_1_58' title='bbox 563 933 715 1003; x_wconf 77' lang='grc' dir='ltr'><strong><em>ἀπαιτεῖν</em></strong></span> <span class='ocrx_word' id='word_1_59' title='bbox 735 932 818 1002; x_wconf 87' lang='grc' dir='ltr'><strong><em>κατά</em></strong></span> <span class='ocrx_word' id='word_1_60' title='bbox 833 933 1006 1021; x_wconf 83' lang='grc' dir='ltr'><strong><em>συλλαβήν</em></strong></span> <span class='ocrx_word' id='word_1_61' title='bbox 1022 937 1099 1005; x_wconf 82' lang='grc' dir='ltr'><strong><em>ἑκά-</em></strong></span> 
     </span>
     <span class='ocr_line' id='line_1_8' title="bbox 82 1029 1100 1124; baseline 0.001 -25"><span class='ocrx_word' id='word_1_62' title='bbox 82 1057 169 1120; x_wconf 92' lang='grc' dir='ltr'><strong><em>στην</em></strong></span> <span class='ocrx_word' id='word_1_63' title='bbox 190 1036 304 1120; x_wconf 79' lang='grc' dir='ltr'><strong><em>ἐντελῆ</em></strong></span> <span class='ocrx_word' id='word_1_64' title='bbox 320 1031 514 1113; x_wconf 89' lang='grc' dir='ltr'><strong><em>πάντως,τά</em></strong></span> <span class='ocrx_word' id='word_1_65' title='bbox 534 1037 710 1119; x_wconf 80' lang='grc' dir='ltr'><strong><em>εἰρημένα,</em></strong></span> <span class='ocrx_word' id='word_1_66' title='bbox 736 1029 802 1100; x_wconf 88' lang='grc' dir='ltr'><strong><em>κάν</em></strong></span> <span class='ocrx_word' id='word_1_67' title='bbox 823 1044 857 1102; x_wconf 85' lang='grc' dir='ltr'><strong><em>εί</em></strong></span> <span class='ocrx_word' id='word_1_68' title='bbox 873 1061 904 1101; x_wconf 90' lang='grc' dir='ltr'><strong><em>τι</em></strong></span> <span class='ocrx_word' id='word_1_69' title='bbox 925 1037 961 1101; x_wconf 83' lang='grc' dir='ltr'><strong><em>ἐν</em></strong></span> <span class='ocrx_word' id='word_1_70' title='bbox 975 1041 1021 1124; x_wconf 78' lang='grc' dir='ltr'><strong><em>τῷ</em></strong></span> <span class='ocrx_word' id='word_1_71' title='bbox 1041 1043 1100 1119; x_wconf 84' lang='grc' dir='ltr'><strong><em>τῆς</em></strong></span> 
     </span>
     <span class='ocr_line' id='line_1_9' title="bbox 83 1130 1101 1222; baseline 0.003 -25"><span class='ocrx_word' id='word_1_72' title='bbox 83 1131 252 1218; x_wconf 86' lang='grc' dir='ltr'><strong><em>ποιήσεως</em></strong></span> <span class='ocrx_word' id='word_1_73' title='bbox 266 1132 379 1222; x_wconf 88' lang='grc' dir='ltr'><strong><em>δρόμφ</em></strong></span> <span class='ocrx_word' id='word_1_74' title='bbox 396 1131 592 1215; x_wconf 77' lang='grc' dir='ltr'><strong><em>παραρρυὲν</em></strong></span> <span class='ocrx_word' id='word_1_75' title='bbox 605 1130 713 1218; x_wconf 89' lang='grc' dir='ltr'><strong><em>λάθη,</em></strong></span> <span class='ocrx_word' id='word_1_76' title='bbox 729 1139 854 1215; x_wconf 77' lang='grc' dir='ltr'><strong><em>πικρῶς</em></strong></span> <span class='ocrx_word' id='word_1_77' title='bbox 872 1141 970 1199; x_wconf 87' lang='grc' dir='ltr'><strong><em>τοῦτο</em></strong></span> <span class='ocrx_word' id='word_1_78' title='bbox 990 1133 1101 1213; x_wconf 80' lang='grc' dir='ltr'><strong><em>ἐξετά-</em></strong></span> 
     </span>
     <span class='ocr_line' id='line_1_10' title="bbox 84 1226 1099 1315; baseline 0 -19"><span class='ocrx_word' id='word_1_79' title='bbox 84 1235 171 1315; x_wconf 71' lang='grc' dir='ltr'><strong><em>ζειν,</em></strong></span> <span class='ocrx_word' id='word_1_80' title='bbox 186 1227 259 1299; x_wconf 86' lang='grc' dir='ltr'><strong><em>ἀλλ’</em></strong></span> <span class='ocrx_word' id='word_1_81' title='bbox 277 1234 399 1298; x_wconf 82' lang='grc' dir='ltr'><strong><em>εἰδέναι</em></strong></span> <span class='ocrx_word' id='word_1_82' title='bbox 413 1229 465 1296; x_wconf 82' lang='grc' dir='ltr'><strong><em>ὅτι</em></strong></span> <span class='ocrx_word' id='word_1_83' title='bbox 479 1227 586 1296; x_wconf 89' lang='grc' dir='ltr'><strong><em>πολλά</em></strong></span> <span class='ocrx_word' id='word_1_84' title='bbox 599 1226 692 1314; x_wconf 70' lang='grc' dir='ltr'><strong><em>ἡμεῖς</em></strong></span> <span class='ocrx_word' id='word_1_85' title='bbox 703 1233 758 1296; x_wconf 84' lang='grc' dir='ltr'><strong><em>καὶ</em></strong></span> <span class='ocrx_word' id='word_1_86' title='bbox 774 1237 843 1297; x_wconf 88' lang='grc' dir='ltr'><strong><em>τῶν</em></strong></span> <span class='ocrx_word' id='word_1_87' title='bbox 856 1233 987 1315; x_wconf 89' lang='grc' dir='ltr'><strong><em>μέτρων</em></strong></span> <span class='ocrx_word' id='word_1_88' title='bbox 1002 1232 1099 1298; x_wconf 76' lang='grc' dir='ltr'><strong><em>ἕνεκα</em></strong></span> 
     </span>
     <span class='ocr_line' id='line_1_11' title="bbox 81 1323 1097 1414; baseline -0.002 -18"><span class='ocrx_word' id='word_1_89' title='bbox 81 1331 213 1413; x_wconf 81' lang='grc' dir='ltr'><strong><em>καὶτῆς</em></strong></span> <span class='ocrx_word' id='word_1_90' title='bbox 228 1323 396 1413; x_wconf 76' lang='grc' dir='ltr'><strong><em>εὐφωνίας</em></strong></span> <span class='ocrx_word' id='word_1_91' title='bbox 412 1327 679 1414; x_wconf 84' lang='grc' dir='ltr'><strong><em>ἐπεμβάλλομεν·</em></strong></span> <span class='ocrx_word' id='word_1_92' title='bbox 701 1328 741 1393; x_wconf 83' lang='grc' dir='ltr'><strong><em>τά</em></strong></span> <span class='ocrx_word' id='word_1_93' title='bbox 753 1329 789 1395; x_wconf 70' lang='grc' dir='ltr'><strong><em>δὲ</em></strong></span> <span class='ocrx_word' id='word_1_94' title='bbox 804 1330 861 1397; x_wconf 77' lang='grc' dir='ltr'><strong><em>καί</em></strong></span> <span class='ocrx_word' id='word_1_95' title='bbox 875 1327 912 1396; x_wconf 84' lang='grc' dir='ltr'><strong><em>τό</em></strong></span> <span class='ocrx_word' id='word_1_96' title='bbox 926 1335 1004 1406; x_wconf 83' lang='grc' dir='ltr'><strong><em>ἔπος</em></strong></span> <span class='ocrx_word' id='word_1_97' title='bbox 1015 1325 1097 1395; x_wconf 85' lang='grc' dir='ltr'><strong><em>αῦτά</em></strong></span> 
     </span>
     <span class='ocr_line' id='line_1_12' title="bbox 81 1423 1096 1509; baseline 0.001 -17"><span class='ocrx_word' id='word_1_98' title='bbox 81 1427 246 1505; x_wconf 78' lang='grc' dir='ltr'><strong><em>πολλάκις</em></strong></span> <span class='ocrx_word' id='word_1_99' title='bbox 260 1435 332 1494; x_wconf 81' lang='grc' dir='ltr'><strong><em>λεῖα</em></strong></span> <span class='ocrx_word' id='word_1_100' title='bbox 348 1425 429 1494; x_wconf 87' lang='grc' dir='ltr'><strong><em>ὅντα</em></strong></span> <span class='ocrx_word' id='word_1_101' title='bbox 444 1424 507 1494; x_wconf 91' lang='grc' dir='ltr'><strong><em>οῦκ</em></strong></span> <span class='ocrx_word' id='word_1_102' title='bbox 525 1423 588 1492; x_wconf 85' lang='grc' dir='ltr'><strong><em>οἷδ’</em></strong></span> <span class='ocrx_word' id='word_1_103' title='bbox 605 1424 696 1504; x_wconf 80' lang='grc' dir='ltr'><strong><em>ὅπως</em></strong></span> <span class='ocrx_word' id='word_1_104' title='bbox 713 1431 924 1509; x_wconf 76' lang='grc' dir='ltr'><strong><em>παρεδέξατο.</em></strong></span> <span class='ocrx_word' id='word_1_105' title='bbox 950 1425 993 1494; x_wconf 87' lang='grc' dir='ltr'><strong><em>σῦ</em></strong></span> <span class='ocrx_word' id='word_1_106' title='bbox 1009 1427 1045 1495; x_wconf 73' lang='grc' dir='ltr'><strong><em>δὲ</em></strong></span> <span class='ocrx_word' id='word_1_107' title='bbox 1059 1428 1096 1495; x_wconf 83' lang='grc' dir='ltr'><strong><em>τό</em></strong></span> 
     </span>
     <span class='ocr_line' id='line_1_13' title="bbox 81 1516 1098 1612; baseline 0.001 -22"><span class='ocrx_word' id='word_1_108' title='bbox 81 1525 241 1610; x_wconf 87' lang='grc' dir='ltr'><strong><em>μέγιστον</em></strong></span> <span class='ocrx_word' id='word_1_109' title='bbox 257 1516 306 1592; x_wconf 78' lang='grc' dir='ltr'><strong><em>ῶν</em></strong></span> <span class='ocrx_word' id='word_1_110' title='bbox 322 1530 441 1612; x_wconf 78' lang='grc' dir='ltr'><strong><em>ἔχομεν</em></strong></span> <span class='ocrx_word' id='word_1_111' title='bbox 455 1522 597 1610; x_wconf 88' lang='grc' dir='ltr'><strong><em>ἀγαθῶν</em></strong></span> <span class='ocrx_word' id='word_1_112' title='bbox 614 1520 741 1611; x_wconf 77' lang='grc' dir='ltr'><strong><em>ἀφαιρῇ</em></strong></span> <span class='ocrx_word' id='word_1_113' title='bbox 758 1521 859 1609; x_wconf 81' lang='grc' dir='ltr'><strong><em>ἡμᾶς,</em></strong></span> <span class='ocrx_word' id='word_1_114' title='bbox 882 1528 968 1609; x_wconf 85' lang='grc' dir='ltr'><strong><em>λέγω</em></strong></span> <span class='ocrx_word' id='word_1_115' title='bbox 985 1526 1020 1591; x_wconf 78' lang='grc' dir='ltr'><strong><em>δὲ</em></strong></span> <span class='ocrx_word' id='word_1_116' title='bbox 1037 1526 1098 1612; x_wconf 83' lang='grc' dir='ltr'><strong><em>τήν</em></strong></span> 
     </span>
     <span class='ocr_line' id='line_1_14' title="bbox 87 1619 1099 1710; baseline 0.001 -22"><span class='ocrx_word' id='word_1_117' title='bbox 87 1625 287 1704; x_wconf 77' lang='grc' dir='ltr'><strong><em>ἐλευθερίαν</em></strong></span> <span class='ocrx_word' id='word_1_118' title='bbox 302 1625 358 1690; x_wconf 77' lang='grc' dir='ltr'><strong><em>καὶ</em></strong></span> <span class='ocrx_word' id='word_1_119' title='bbox 377 1619 438 1709; x_wconf 81' lang='grc' dir='ltr'><strong><em>τήν</em></strong></span> <span class='ocrx_word' id='word_1_120' title='bbox 460 1626 497 1690; x_wconf 86' lang='grc' dir='ltr'><strong><em>ἐν</em></strong></span> <span class='ocrx_word' id='word_1_121' title='bbox 514 1627 560 1710; x_wconf 77' lang='grc' dir='ltr'><strong><em>τῷ</em></strong></span> <span class='ocrx_word' id='word_1_122' title='bbox 579 1636 689 1688; x_wconf 81' lang='grc' dir='ltr'><strong><em>ποιεῖν</em></strong></span> <span class='ocrx_word' id='word_1_123' title='bbox 708 1625 878 1708; x_wconf 82' lang='grc' dir='ltr'><strong><em>ἐξουσίαν,</em></strong></span> <span class='ocrx_word' id='word_1_124' title='bbox 902 1626 957 1690; x_wconf 81' lang='grc' dir='ltr'><strong><em>καὶ</em></strong></span> <span class='ocrx_word' id='word_1_125' title='bbox 976 1620 1016 1688; x_wconf 88' lang='grc' dir='ltr'><strong><em>τά</em></strong></span> <span class='ocrx_word' id='word_1_126' title='bbox 1037 1624 1099 1708; x_wconf 75' lang='grc' dir='ltr'><strong><em>μὲν</em></strong></span> 
     </span>
     <span class='ocr_line' id='line_1_15' title="bbox 84 1717 1099 1810; baseline 0.003 -23"><span class='ocrx_word' id='word_1_127' title='bbox 84 1719 172 1787; x_wconf 76' lang='grc' dir='ltr'><strong><em>ἄλλα</em></strong></span> <span class='ocrx_word' id='word_1_128' title='bbox 188 1717 248 1805; x_wconf 82' lang='grc' dir='ltr'><strong><em>οὐχ</em></strong></span> <span class='ocrx_word' id='word_1_129' title='bbox 264 1718 345 1810; x_wconf 78' lang='grc' dir='ltr'><strong><em>ὁρᾷς</em></strong></span> <span class='ocrx_word' id='word_1_130' title='bbox 359 1718 422 1787; x_wconf 85' lang='grc' dir='ltr'><strong><em>ὅσα</em></strong></span> <span class='ocrx_word' id='word_1_131' title='bbox 436 1728 493 1806; x_wconf 81' lang='grc' dir='ltr'><strong><em>τῆς</em></strong></span> <span class='ocrx_word' id='word_1_132' title='bbox 505 1718 668 1805; x_wconf 87' lang='grc' dir='ltr'><strong><em>ποιήσεως</em></strong></span> <span class='ocrx_word' id='word_1_133' title='bbox 683 1721 785 1807; x_wconf 89' lang='grc' dir='ltr'><strong><em>καλά,</em></strong></span> <span class='ocrx_word' id='word_1_134' title='bbox 802 1721 1050 1807; x_wconf 89' lang='grc' dir='ltr'><strong><em>σκινδαλάμους</em></strong></span> <span class='ocrx_word' id='word_1_135' title='bbox 1062 1723 1099 1790; x_wconf 77' lang='grc' dir='ltr'><strong><em>δὲ</em></strong></span> 
     </span>
     <span class='ocr_line' id='line_1_16' title="bbox 84 1818 1168 1910; baseline 0 -23"><span class='ocrx_word' id='word_1_136' title='bbox 84 1824 142 1887; x_wconf 84' lang='grc' dir='ltr'><strong><em>καὶ</em></strong></span> <span class='ocrx_word' id='word_1_137' title='bbox 156 1820 309 1900; x_wconf 77' lang='grc' dir='ltr'><strong><em>ἀκάνθας</em></strong></span> <span class='ocrx_word' id='word_1_138' title='bbox 324 1821 417 1900; x_wconf 87' lang='grc' dir='ltr'><strong><em>τινάς</em></strong></span> <span class='ocrx_word' id='word_1_139' title='bbox 427 1824 570 1907; x_wconf 78' lang='grc' dir='ltr'><strong><em>ἐκλέγεις</em></strong></span> <span class='ocrx_word' id='word_1_140' title='bbox 585 1824 639 1888; x_wconf 78' lang='grc' dir='ltr'><strong><em>καὶ</em></strong></span> <span class='ocrx_word' id='word_1_141' title='bbox 652 1818 757 1908; x_wconf 83' lang='grc' dir='ltr'><strong><em>λαβάς</em></strong></span> <span class='ocrx_word' id='word_1_142' title='bbox 768 1828 807 1909; x_wconf 78' lang='grc' dir='ltr'><strong><em>τῇ</em></strong></span> <span class='ocrx_word' id='word_1_143' title='bbox 819 1828 1027 1910; x_wconf 76' lang='grc' dir='ltr'><strong><em>συκοφαντίᾳ</em></strong></span> <span class='ocrx_word' id='word_1_144' title='bbox 1040 1827 1096 1907; x_wconf 77' lang='grc' dir='ltr'><strong><em>ζη-</em></strong></span> <span class='ocrx_word' id='word_1_145' title='bbox 1117 1844 1168 1897; x_wconf 69' lang='lat'><strong><em>244</em></strong></span> 
     </span>
     <span class='ocr_line' id='line_1_17' title="bbox 83 1916 1098 2005; baseline 0.002 -20"><span class='ocrx_word' id='word_1_146' title='bbox 83 1934 158 1997; x_wconf 80' lang='grc' dir='ltr'><strong><em>τεῖς.</em></strong></span> <span class='ocrx_word' id='word_1_147' title='bbox 184 1916 258 1986; x_wconf 89' lang='grc' dir='ltr'><strong><em>ἀλλ’</em></strong></span> <span class='ocrx_word' id='word_1_148' title='bbox 271 1917 314 1987; x_wconf 87' lang='grc' dir='ltr'><strong><em>οῦ</em></strong></span> <span class='ocrx_word' id='word_1_149' title='bbox 325 1920 428 2004; x_wconf 85' lang='grc' dir='ltr'><strong><em>μόνος</em></strong></span> <span class='ocrx_word' id='word_1_150' title='bbox 438 1926 542 1986; x_wconf 90' lang='grc' dir='ltr'><strong><em>ταῦτα</em></strong></span> <span class='ocrx_word' id='word_1_151' title='bbox 553 1916 596 1985; x_wconf 83' lang='grc' dir='ltr'><strong>σύ</strong></span> <span class='ocrx_word' id='word_1_152' title='bbox 608 1916 687 1988; x_wconf 77' lang='grc' dir='ltr'><strong><em>οῦδὲ</em></strong></span> <span class='ocrx_word' id='word_1_153' title='bbox 699 1916 772 1987; x_wconf 87' lang='grc' dir='ltr'><strong><em>κατ’</em></strong></span> <span class='ocrx_word' id='word_1_154' title='bbox 785 1923 869 2005; x_wconf 89' lang='grc' dir='ltr'><strong><em>ἐμοῦ</em></strong></span> <span class='ocrx_word' id='word_1_155' title='bbox 879 1919 998 2004; x_wconf 92' lang='grc' dir='ltr'><strong><em>μόνου,</em></strong></span> <span class='ocrx_word' id='word_1_156' title='bbox 1014 1916 1098 1987; x_wconf 88' lang='grc' dir='ltr'><strong><em>ἀλλά</em></strong></span> 
     </span>
     <span class='ocr_line' id='line_1_18' title="bbox 85 2015 1097 2104; baseline 0.004 -22"><span class='ocrx_word' id='word_1_157' title='bbox 85 2019 203 2085; x_wconf 84' lang='grc' dir='ltr'><strong><em>πολλοὶ</em></strong></span> <span class='ocrx_word' id='word_1_158' title='bbox 219 2021 272 2085; x_wconf 85' lang='grc' dir='ltr'><strong><em>καὶ</em></strong></span> <span class='ocrx_word' id='word_1_159' title='bbox 282 2016 379 2085; x_wconf 85' lang='grc' dir='ltr'><strong><em>άλλοι</em></strong></span> <span class='ocrx_word' id='word_1_160' title='bbox 393 2020 432 2084; x_wconf 88' lang='grc' dir='ltr'><strong><em>τὰ</em></strong></span> <span class='ocrx_word' id='word_1_161' title='bbox 443 2025 505 2085; x_wconf 89' lang='grc' dir='ltr'><strong><em>τοῦ</em></strong></span> <span class='ocrx_word' id='word_1_162' title='bbox 517 2015 699 2103; x_wconf 82' lang='grc' dir='ltr'><strong><em>ὁμοτέχνου</em></strong></span> <span class='ocrx_word' id='word_1_163' title='bbox 710 2024 770 2084; x_wconf 91' lang='grc' dir='ltr'><strong><em>τοῦ</em></strong></span> <span class='ocrx_word' id='word_1_164' title='bbox 782 2020 864 2103; x_wconf 90' lang='grc' dir='ltr'><strong><em>ἐμοῦ</em></strong></span> <span class='ocrx_word' id='word_1_165' title='bbox 873 2015 1020 2104; x_wconf 87' lang='grc' dir='ltr'><strong><em>Ὁμήρου</em></strong></span> <span class='ocrx_word' id='word_1_166' title='bbox 1034 2045 1097 2086; x_wconf 87' lang='grc' dir='ltr'><strong><em>κα-</em></strong></span> 
     </span>
     <span class='ocr_line' id='line_1_19' title="bbox 84 2114 1097 2204; baseline 0.001 -23"><span class='ocrx_word' id='word_1_167' title='bbox 84 2121 274 2196; x_wconf 68' lang='grc' dir='ltr'><strong><em>τακνιζουσι</em></strong></span> <span class='ocrx_word' id='word_1_168' title='bbox 290 2115 392 2183; x_wconf 78' lang='grc' dir='ltr'><strong><em>λεπτά</em></strong></span> <span class='ocrx_word' id='word_1_169' title='bbox 408 2115 496 2184; x_wconf 83' lang='grc' dir='ltr'><strong><em>οὕτω</em></strong></span> <span class='ocrx_word' id='word_1_170' title='bbox 516 2121 635 2204; x_wconf 80' lang='grc' dir='ltr'><strong><em>κομιδή</em></strong></span> <span class='ocrx_word' id='word_1_171' title='bbox 650 2118 706 2184; x_wconf 81' lang='grc' dir='ltr'><strong><em>καὶ</em></strong></span> <span class='ocrx_word' id='word_1_172' title='bbox 728 2117 870 2201; x_wconf 88' lang='grc' dir='ltr'><strong><em>μάλιστα</em></strong></span> <span class='ocrx_word' id='word_1_173' title='bbox 891 2114 993 2201; x_wconf 82' lang='grc' dir='ltr'><strong><em>μικρά</em></strong></span> <span class='ocrx_word' id='word_1_174' title='bbox 1017 2115 1097 2184; x_wconf 85' lang='grc' dir='ltr'><strong><em>ἀττα</em></strong></span> 
     </span>
     <span class='ocr_line' id='line_1_20' title="bbox 86 2210 1099 2304; baseline 0.003 -24"><span class='ocrx_word' id='word_1_175' title='bbox 86 2214 272 2292; x_wconf 80' lang='grc' dir='ltr'><strong><em>διεξιόντες.</em></strong></span> <span class='ocrx_word' id='word_1_176' title='bbox 304 2222 336 2282; x_wconf 84' lang='grc'><strong><em>6.</em></strong></span> <span class='ocrx_word' id='word_1_177' title='bbox 359 2221 390 2283; x_wconf 89' lang='grc' dir='ltr'><strong><em>εί</em></strong></span> <span class='ocrx_word' id='word_1_178' title='bbox 404 2216 440 2282; x_wconf 72' lang='grc' dir='ltr'><strong><em>δὲ</em></strong></span> <span class='ocrx_word' id='word_1_179' title='bbox 463 2217 516 2281; x_wconf 80' lang='grc' dir='ltr'><strong><em>καὶ</em></strong></span> <span class='ocrx_word' id='word_1_180' title='bbox 537 2214 599 2299; x_wconf 85' lang='grc' dir='ltr'><strong><em>χρή</em></strong></span> <span class='ocrx_word' id='word_1_181' title='bbox 619 2210 722 2299; x_wconf 83' lang='grc' dir='ltr'><strong><em>όμόσε</em></strong></span> <span class='ocrx_word' id='word_1_182' title='bbox 737 2216 935 2301; x_wconf 85' lang='grc' dir='ltr'><strong><em>χωρήσαντα</em></strong></span> <span class='ocrx_word' id='word_1_183' title='bbox 955 2225 994 2304; x_wconf 76' lang='grc' dir='ltr'><strong><em>ιη’</em></strong></span> <span class='ocrx_word' id='word_1_184' title='bbox 1012 2222 1099 2304; x_wconf 83' lang='grc' dir='ltr'><strong><em>αίτίηι</em></strong></span> 
     </span>
     <span class='ocr_line' id='line_1_21' title="bbox 83 2310 1098 2400; baseline 0.001 -20"><span class='ocrx_word' id='word_1_185' title='bbox 83 2312 148 2399; x_wconf 81' lang='grc' dir='ltr'><strong><em>τήν</em></strong></span> <span class='ocrx_word' id='word_1_186' title='bbox 168 2310 359 2400; x_wconf 88' lang='grc' dir='ltr'><strong><em>ὀρθοτάτην</em></strong></span> <span class='ocrx_word' id='word_1_187' title='bbox 379 2311 563 2399; x_wconf 88' lang='grc' dir='ltr'><strong><em>ἀπολογίαν</em></strong></span> <span class='ocrx_word' id='word_1_188' title='bbox 587 2311 881 2399; x_wconf 91' lang='grc' dir='ltr'><strong><em>ἀπολογήσασθαι,</em></strong></span> <span class='ocrx_word' id='word_1_189' title='bbox 910 2311 1098 2400; x_wconf 88' lang='grc' dir='ltr'><strong><em>ἀνάγνωθι,</em></strong></span> 
     </span>
     <span class='ocr_line' id='line_1_22' title="bbox 86 2404 1099 2502; baseline 0.002 -23"><span class='ocrx_word' id='word_1_190' title='bbox 86 2406 114 2479; x_wconf 81' lang='grc' dir='ltr'><strong><em>ιά</em></strong></span> <span class='ocrx_word' id='word_1_191' title='bbox 131 2404 244 2497; x_wconf 82' lang='grc' dir='ltr'><strong><em>οὗτος,</em></strong></span> <span class='ocrx_word' id='word_1_192' title='bbox 259 2412 409 2498; x_wconf 82' lang='grc' dir='ltr'><strong><em>τάἝργα</em></strong></span> <span class='ocrx_word' id='word_1_193' title='bbox 425 2438 492 2498; x_wconf 92' lang='grc' dir='ltr'><strong><em>μου</em></strong></span> <span class='ocrx_word' id='word_1_194' title='bbox 507 2413 561 2479; x_wconf 81' lang='grc' dir='ltr'><strong><em>καὶ</em></strong></span> <span class='ocrx_word' id='word_1_195' title='bbox 574 2409 797 2499; x_wconf 86' lang='grc' dir='ltr'><strong><em>τάςἩμέρας·</em></strong></span> <span class='ocrx_word' id='word_1_196' title='bbox 821 2423 893 2502; x_wconf 87' lang='grc' dir='ltr'><strong><em>είση</em></strong></span> <span class='ocrx_word' id='word_1_197' title='bbox 906 2411 971 2500; x_wconf 88' lang='grc' dir='ltr'><strong><em>γάρ</em></strong></span> <span class='ocrx_word' id='word_1_198' title='bbox 987 2413 1049 2481; x_wconf 82' lang='grc' dir='ltr'><strong><em>ὅσα</em></strong></span> <span class='ocrx_word' id='word_1_199' title='bbox 1062 2417 1099 2481; x_wconf 84' lang='grc' dir='ltr'><strong><em>ἐν</em></strong></span> 
     </span>
     <span class='ocr_line' id='line_1_23' title="bbox 84 2510 1099 2602; baseline 0 -24"><span class='ocrx_word' id='word_1_200' title='bbox 84 2519 131 2602; x_wconf 79' lang='grc' dir='ltr'><strong><em>τῷ</em></strong></span> <span class='ocrx_word' id='word_1_201' title='bbox 149 2513 307 2597; x_wconf 82' lang='grc' dir='ltr'><strong><em>ποιήματι</em></strong></span> <span class='ocrx_word' id='word_1_202' title='bbox 324 2512 431 2602; x_wconf 87' lang='grc' dir='ltr'><strong><em>τοῦτφ</em></strong></span> <span class='ocrx_word' id='word_1_203' title='bbox 447 2519 613 2598; x_wconf 89' lang='grc' dir='ltr'><strong><em>μαντικῶς</em></strong></span> <span class='ocrx_word' id='word_1_204' title='bbox 629 2510 698 2598; x_wconf 84' lang='grc' dir='ltr'><strong><em>άμα</em></strong></span> <span class='ocrx_word' id='word_1_205' title='bbox 714 2515 768 2580; x_wconf 80' lang='grc' dir='ltr'><strong><em>καὶ</em></strong></span> <span class='ocrx_word' id='word_1_206' title='bbox 784 2520 999 2598; x_wconf 85' lang='grc' dir='ltr'><strong><em>προφητικῶς</em></strong></span> <span class='ocrx_word' id='word_1_207' title='bbox 1013 2539 1099 2595; x_wconf 84' lang='grc' dir='ltr'><strong><em>προ-</em></strong></span> 
     </span>
     <span class='ocr_line' id='line_1_24' title="bbox 84 2609 1098 2698; baseline 0 -19"><span class='ocrx_word' id='word_1_208' title='bbox 84 2617 299 2680; x_wconf 89' lang='grc' dir='ltr'><strong><em>τεθέσπισταί</em></strong></span> <span class='ocrx_word' id='word_1_209' title='bbox 311 2638 368 2698; x_wconf 92' lang='grc' dir='ltr'><strong><em>μοι</em></strong></span> <span class='ocrx_word' id='word_1_210' title='bbox 387 2610 445 2689; x_wconf 87' lang='grc' dir='ltr'><strong><em>τάς</em></strong></span> <span class='ocrx_word' id='word_1_211' title='bbox 459 2609 641 2697; x_wconf 84' lang='grc' dir='ltr'><strong><em>ἀποβάσεις</em></strong></span> <span class='ocrx_word' id='word_1_212' title='bbox 658 2617 893 2698; x_wconf 84' lang='grc' dir='ltr'><strong><em>προδηλοῦντα</em></strong></span> <span class='ocrx_word' id='word_1_213' title='bbox 907 2621 975 2678; x_wconf 87' lang='grc' dir='ltr'><strong><em>τῶν</em></strong></span> <span class='ocrx_word' id='word_1_214' title='bbox 989 2639 1024 2679; x_wconf 87' lang='grc' dir='ltr'><strong><em>τε</em></strong></span> <span class='ocrx_word' id='word_1_215' title='bbox 1038 2609 1098 2696; x_wconf 85' lang='grc' dir='ltr'><strong><em>ἀρ-</em></strong></span> 
     </span>
     <span class='ocr_line' id='line_1_25' title="bbox 83 2710 1099 2798; baseline -0.001 -19"><span class='ocrx_word' id='word_1_216' title='bbox 83 2719 158 2790; x_wconf 87' lang='grc' dir='ltr'><strong><em>θῶς</em></strong></span> <span class='ocrx_word' id='word_1_217' title='bbox 171 2715 227 2780; x_wconf 80' lang='grc' dir='ltr'><strong><em>καὶ</em></strong></span> <span class='ocrx_word' id='word_1_218' title='bbox 239 2710 322 2780; x_wconf 87' lang='grc' dir='ltr'><strong><em>κατά</em></strong></span> <span class='ocrx_word' id='word_1_219' title='bbox 338 2710 459 2796; x_wconf 81' lang='grc' dir='ltr'><strong><em>καιρόν</em></strong></span> <span class='ocrx_word' id='word_1_220' title='bbox 474 2715 711 2796; x_wconf 87' lang='grc' dir='ltr'><strong><em>πραττομένων</em></strong></span> <span class='ocrx_word' id='word_1_221' title='bbox 723 2713 778 2779; x_wconf 81' lang='grc' dir='ltr'><strong><em>καὶ</em></strong></span> <span class='ocrx_word' id='word_1_222' title='bbox 793 2719 860 2778; x_wconf 89' lang='grc' dir='ltr'><strong><em>τῶν</em></strong></span> <span class='ocrx_word' id='word_1_223' title='bbox 878 2720 1099 2798; x_wconf 85' lang='grc' dir='ltr'><strong><em>παραλελειμ-</em></strong></span> 
     </span>
     <span class='ocr_line' id='line_1_26' title="bbox 85 2808 537 2897; baseline 0.002 -19"><span class='ocrx_word' id='word_1_224' title='bbox 85 2815 198 2896; x_wconf 88' lang='grc' dir='ltr'><strong><em>μένων</em></strong></span> <span class='ocrx_word' id='word_1_225' title='bbox 213 2809 271 2889; x_wconf 87' lang='grc' dir='ltr'><strong><em>τάς</em></strong></span> <span class='ocrx_word' id='word_1_226' title='bbox 283 2816 405 2897; x_wconf 74' lang='grc' dir='ltr'><strong><em>ζημίας.</em></strong></span> <span class='ocrx_word' id='word_1_227' title='bbox 429 2813 484 2879; x_wconf 83' lang='grc' dir='ltr'><strong><em>καλ</em></strong></span> <span class='ocrx_word' id='word_1_228' title='bbox 500 2808 537 2879; x_wconf 86' lang='grc' dir='ltr'><strong><em>τὸ</em></strong></span> 
     </span>
    </p>

    <p class='ocr_par' dir='ltr' id='par_1_4' title="bbox 83 2908 1095 3200">
     <span class='ocr_line' id='line_1_27' title="bbox 170 2908 992 3001; baseline 0.004 -25"><span class='ocrx_word' id='word_1_229' title='bbox 170 2918 270 2986; x_wconf 86' lang='grc' dir='ltr'><strong><em>οίσεις</em></strong></span> <span class='ocrx_word' id='word_1_230' title='bbox 287 2908 317 2976; x_wconf 87' lang='grc' dir='ltr'><strong><em>δ’</em></strong></span> <span class='ocrx_word' id='word_1_231' title='bbox 338 2913 376 2976; x_wconf 84' lang='grc' dir='ltr'><strong><em>ἐν</em></strong></span> <span class='ocrx_word' id='word_1_232' title='bbox 389 2917 529 3001; x_wconf 77' lang='grc' dir='ltr'><strong><em>φορμῷ,</em></strong></span> <span class='ocrx_word' id='word_1_233' title='bbox 546 2916 670 2994; x_wconf 90' lang='grc' dir='ltr'><strong><em>παῦροι</em></strong></span> <span class='ocrx_word' id='word_1_234' title='bbox 687 2915 726 2978; x_wconf 85' lang='grc' dir='ltr'><strong><em>δέ</em></strong></span> <span class='ocrx_word' id='word_1_235' title='bbox 742 2933 779 2978; x_wconf 89' lang='grc' dir='ltr'><strong><em>σε</em></strong></span> <span class='ocrx_word' id='word_1_236' title='bbox 794 2913 992 2999; x_wconf 87' lang='grc' dir='ltr'><strong><em>θηήσονται,</em></strong></span> 
     </span>
     <span class='ocr_line' id='line_1_28' title="bbox 83 3006 1095 3098; baseline 0.005 -24"><span class='ocrx_word' id='word_1_237' title='bbox 83 3009 139 3076; x_wconf 77' lang='grc' dir='ltr'><strong><em>καὶ</em></strong></span> <span class='ocrx_word' id='word_1_238' title='bbox 153 3008 255 3075; x_wconf 86' lang='grc' dir='ltr'><strong><em>πάλιν</em></strong></span> <span class='ocrx_word' id='word_1_239' title='bbox 277 3006 339 3075; x_wconf 83' lang='grc' dir='ltr'><strong><em>ὅσα</em></strong></span> <span class='ocrx_word' id='word_1_240' title='bbox 355 3007 469 3096; x_wconf 85' lang='grc' dir='ltr'><strong><em>ἀγαθά</em></strong></span> <span class='ocrx_word' id='word_1_241' title='bbox 493 3012 660 3093; x_wconf 88' lang='grc' dir='ltr'><strong><em>περιέσται</em></strong></span> <span class='ocrx_word' id='word_1_242' title='bbox 679 3025 746 3088; x_wconf 84' lang='grc' dir='ltr'><strong><em>τοῖς</em></strong></span> <span class='ocrx_word' id='word_1_243' title='bbox 766 3009 879 3094; x_wconf 87' lang='grc' dir='ltr'><strong><em>ὀρθῶς</em></strong></span> <span class='ocrx_word' id='word_1_244' title='bbox 898 3019 1095 3098; x_wconf 85' lang='grc' dir='ltr'><strong><em>γεωργοῦσι,</em></strong></span> 
     </span>
     <span class='ocr_line' id='line_1_29' title="bbox 85 3104 864 3200; baseline 0.008 -28"><span class='ocrx_word' id='word_1_245' title='bbox 85 3107 315 3194; x_wconf 70' lang='grc' dir='ltr'><strong><em>χρησιμωτάτη</em></strong></span> <span class='ocrx_word' id='word_1_246' title='bbox 331 3104 375 3176; x_wconf 84' lang='grc' dir='ltr'><strong><em>ἀν</em></strong></span> <span class='ocrx_word' id='word_1_247' title='bbox 390 3117 435 3200; x_wconf 78' lang='grc' dir='ltr'><strong><em>τῷ</em></strong></span> <span class='ocrx_word' id='word_1_248' title='bbox 451 3115 514 3200; x_wconf 87' lang='grc' dir='ltr'><strong><em>βίφ</em></strong></span> <span class='ocrx_word' id='word_1_249' title='bbox 529 3106 671 3195; x_wconf 86' lang='grc' dir='ltr'><strong><em>μαντική</em></strong></span> <span class='ocrx_word' id='word_1_250' title='bbox 690 3117 864 3194; x_wconf 85' lang='grc' dir='ltr'><strong><em>νομίζοιτο.</em></strong></span> 
     </span>
    </p>

    <p class='ocr_par' dir='ltr' id='par_1_5' title="bbox 84 3202 1097 3495">
     <span class='ocr_line' id='line_1_30' title="bbox 169 3202 1097 3295; baseline 0.006 -20"><span class='ocrx_word' id='word_1_251' title='bbox 169 3211 198 3275; x_wconf 85' lang='grc'><strong><em>7.</em></strong></span> <span class='ocrx_word' id='word_1_252' title='bbox 216 3215 316 3276; x_wconf 79' lang='grc' dir='ltr'><em>ΛΤΚ.</em></span> <span class='ocrx_word' id='word_1_253' title='bbox 343 3215 451 3276; x_wconf 87' lang='grc' dir='ltr'><strong><em>Τοῦτο</em></strong></span> <span class='ocrx_word' id='word_1_254' title='bbox 467 3209 530 3294; x_wconf 74' lang='grc' dir='ltr'><strong><em>μέν</em></strong></span> <span class='ocrx_word' id='word_1_255' title='bbox 546 3202 627 3293; x_wconf 87' lang='grc' dir='ltr'><strong><em>οῦν,</em></strong></span> <span class='ocrx_word' id='word_1_256' title='bbox 647 3202 674 3276; x_wconf 77' lang='grc' dir='ltr'><strong><em>ῶ</em></strong></span> <span class='ocrx_word' id='word_1_257' title='bbox 689 3211 862 3295; x_wconf 75' lang='grc' dir='ltr'><strong><em>θαυμαστὲ</em></strong></span> <span class='ocrx_word' id='word_1_258' title='bbox 874 3208 1023 3295; x_wconf 88' lang='grc' dir='ltr'><strong><em>Ἡσίοδε,</em></strong></span> <span class='ocrx_word' id='word_1_259' title='bbox 1042 3218 1097 3281; x_wconf 89' lang='grc' dir='ltr'><strong><em>καὶ</em></strong></span> 
     </span>
     <span class='ocr_line' id='line_1_31' title="bbox 84 3306 1096 3397; baseline 0.004 -23"><span class='ocrx_word' id='word_1_260' title='bbox 84 3307 176 3375; x_wconf 89' lang='grc' dir='ltr'><strong><em>πάνυ</em></strong></span> <span class='ocrx_word' id='word_1_261' title='bbox 193 3306 391 3394; x_wconf 80' lang='grc' dir='ltr'><strong><em>ποιμενικὸν</em></strong></span> <span class='ocrx_word' id='word_1_262' title='bbox 402 3316 532 3395; x_wconf 87' lang='grc' dir='ltr'><strong><em>είρηταί</em></strong></span> <span class='ocrx_word' id='word_1_263' title='bbox 539 3329 592 3376; x_wconf 89' lang='grc' dir='ltr'><strong><em>σοι</em></strong></span> <span class='ocrx_word' id='word_1_264' title='bbox 604 3310 660 3376; x_wconf 79' lang='grc' dir='ltr'><strong><em>καί</em></strong></span> <span class='ocrx_word' id='word_1_265' title='bbox 672 3309 895 3395; x_wconf 82' lang='grc' dir='ltr'><strong><em>ἐπαληθεύειν</em></strong></span> <span class='ocrx_word' id='word_1_266' title='bbox 909 3317 1017 3390; x_wconf 82' lang='grc' dir='ltr'><strong><em>ἔοικας</em></strong></span> <span class='ocrx_word' id='word_1_267' title='bbox 1034 3308 1096 3397; x_wconf 81' lang='grc' dir='ltr'><strong><em>τήν</em></strong></span> 
     </span>
     <span class='ocr_line' id='line_1_32' title="bbox 84 3406 1094 3495; baseline 0.005 -22"><span class='ocrx_word' id='word_1_268' title='bbox 84 3415 151 3474; x_wconf 88' lang='grc' dir='ltr'><strong><em>τῶν</em></strong></span> <span class='ocrx_word' id='word_1_269' title='bbox 167 3414 320 3474; x_wconf 87' lang='grc' dir='ltr'><strong><em>Μουσῶν</em></strong></span> <span class='ocrx_word' id='word_1_270' title='bbox 342 3411 521 3475; x_wconf 80' lang='grc' dir='ltr'><strong><em>ἐπίπνοιαν</em></strong></span> <span class='ocrx_word' id='word_1_271' title='bbox 537 3406 639 3486; x_wconf 85' lang='grc' dir='ltr'><strong><em>αῦτός</em></strong></span> <span class='ocrx_word' id='word_1_272' title='bbox 660 3407 735 3475; x_wconf 82' lang='grc' dir='ltr'><strong><em>οὐδ’</em></strong></span> <span class='ocrx_word' id='word_1_273' title='bbox 753 3407 993 3495; x_wconf 79' lang='grc' dir='ltr'><strong><em>ἀπολογείσθαι</em></strong></span> <span class='ocrx_word' id='word_1_274' title='bbox 1010 3409 1094 3488; x_wconf 76' lang='grc' dir='ltr'><strong><em>ὑπὲρ</em></strong></span> 
     </span>
    </p>
   </div>
   <div class='ocr_carea' id='block_1_4' title="bbox 83 3503 1095 3662">
    <p class='ocr_par' dir='ltr' id='par_1_6' title="bbox 83 3503 1095 3662">
     <span class='ocr_line' id='line_1_33' title="bbox 83 3503 1095 3662; baseline 0.003 -91"><span class='ocrx_word' id='word_1_275' title='bbox 83 3515 150 3573; x_wconf 87' lang='grc' dir='ltr'><strong><em>τῶν</em></strong></span> <span class='ocrx_word' id='word_1_276' title='bbox 165 3510 255 3573; x_wconf 85' lang='grc' dir='ltr'><strong><em>ἐπῶν</em></strong></span> <span class='ocrx_word' id='word_1_277' title='bbox 270 3505 472 3591; x_wconf 85' lang='grc' dir='ltr'><strong><em>δυνάμενος,</em></strong></span> <span class='ocrx_word' id='word_1_278' title='bbox 492 3503 586 3591; x_wconf 79' lang='grc' dir='ltr'><strong><em>ἡμεῖς</em></strong></span> <span class='ocrx_word' id='word_1_279' title='bbox 601 3509 637 3574; x_wconf 75' lang='grc' dir='ltr'><strong><em>δὲ</em></strong></span> <span class='ocrx_word' id='word_1_280' title='bbox 656 3505 697 3574; x_wconf 88' lang='grc' dir='ltr'><strong><em>οῦ</em></strong></span> <span class='ocrx_word' id='word_1_281' title='bbox 715 3508 840 3596; x_wconf 83' lang='grc' dir='ltr'><strong><em>ταύτην</em></strong></span> <span class='ocrx_word' id='word_1_282' title='bbox 855 3507 924 3662; x_wconf 57' lang='grc' dir='ltr'><strong><em>τήμ,</em></strong></span> <span class='ocrx_word' id='word_1_283' title='bbox 932 3507 1095 3632; x_wconf 73' lang='grc' dir='ltr'><strong><em>μαντικήν</em></strong></span> 
     </span>
     <span class='ocr_line' id='line_1_34' title="bbox 910 3613 929 3659; baseline 0 0"><span class='ocrx_word' id='word_1_284' title='bbox 910 3613 929 3659; x_wconf 70' lang='lat'>4</span> 
     </span>
    </p>
   </div>
   <div class='ocr_carea' id='block_1_5' title="bbox 0 0 1322 4092">
    <p class='ocr_par' dir='ltr' id='par_1_7' title="bbox 0 0 1322 4092">
     <span class='ocr_line' id='line_1_35' title="bbox 0 0 1322 4092; baseline 0 0"><span class='ocrx_word' id='word_1_285' title='bbox 0 0 1322 4092; x_wconf 95' lang='lat' dir='ltr'><strong><em> </em></strong></span> 
     </span>
    </p>
   </div>
  </div>
 </body>
</html>
