2625 4092
225 275 286 340 288
588 277 882 339 ΛΟΤΚῙΑΝΟΤ

309 445 433 508 ΖΕΥΣ.
457 439 522 508 Καὶ
539 438 631 506 πάυυ
646 435 774 524 ἀληθῆ,
791 430 1005 507 ἀ”Απολλον·
1034 437 1079 517 ἀς
1093 438 1140 523 μη
1154 463 1233 504 ποτε

224 538 383 623 γενέσθαι
399 535 537 624 ἀφελεν.

311 642 445 703 ΑΠΟΛ.
469 633 568 702 Ούτω
589 633 731 722 χρηστός
751 631 769 703 6
786 638 895 722 γέρων
913 628 957 722 ἦν
971 639 1024 704 καὶ
1042 633 1183 715 ἀνάξιος
1201 638 1236 703 ἐν

225 738 304 817 πυρὶ
319 730 543 816 ἀπολωλέναις

309 841 435 900 ΖΕΥΣ.
458 833 522 900 Καὶ
538 837 636 899 τοῦτο
655 831 717 948 μὲν
731 840 823 908 ίσως·
856 827 931 898 ἀλλ’
948 830 1012 917 ἐγω
1028 830 1159 916 πολλὴν
1175 832 1237 916 την

224 929 345 1014 ἀηδίαν
360 925 561 1015 μέμνημαι’
542 927 769 1026 ἀνασχόμενος
779 928 852 994 τότε
868 925 934 994 ύπό
946 935 1060 1015 κνίσης
1071 935 1236 1014 πονηρᾶς,

225 1030 302 1094 οἵαν
316 1024 403 1105 εἰκός
418 1021 652 1148 ἀποφέρεσθαι
664 1023 866 1110 ὀπτωμένων
882 1023 1104 1112 ἀνθρωπείων
1115 1028 1237 1110 σωμά-

225 1153 301 1194 των.
326 1132 356 1194 εί
366 1151 452 1212 γουν
467 1123 511 1211 μὴ
528 1132 574 1203 είς
588 1123 650 1211 τὴν
667 1122 860 1210 Ἀραβίαν’
839 1150 883 1202 ως
897 1122 985 1212 εἶχον
1001 1121 1105 1202 εὐθὺς
1121 1121 1238 1190 ἀπιών

226 1225 368 1314 ᾠχόμην,
384 1222 603 1293 &nomast
581 1249 634 1309 αν,
652 1249 691 1290 ευ
679 1215 823 1307 ίσθι,’
805 1229 924 1311 ατοπίηι
935 1229 996 1290 τοῦ
1010 1230 1157 1289 καπνοῦ·
1182 1226 1237 1288 καὶ

226 1321 315 1408 ὅμως
335 1324 371 1390 ἐν
392 1323 535 1409 τοσαύτῃ
558 1319 681 1408 εὐωδίᾳ
703 1324 756 1387 καὶ
783 1317 934 1409 ἀφθονία
955 1328 1022 1388 τῶν
1044 1319 1238 1406 ἀρωμάτων

155 1435 206 1493 λθδ
224 1423 278 1488 καλ
294 1422 330 1486 ἐν
347 1427 521 1508 λιβανωτῷ
536 1419 720 1508 παμπόλλῳ
741 1418 836 1503 μόλις
854 1423 891 1486 αι’
905 1421 994 1507 βτνες
1010 1422 1237 1487 ἐπιλαθέσθαι

225 1545 280 1604 μοι
295 1518 348 1586 καὶ
363 1515 553 1604 ἀπομαθεῖν
563 1517 691 1604 ἤθελον
701 1516 763 1603 τὴν
774 1522 892 1603 κηλῖδα
905 1520 1036 1603 ἐκείνην
1046 1525 1103 1603 τῆς
1114 1517 1237 1604 ὀσμῆς.

223 1612 307 1684 ἀλλά
323 1618 455 1684 καλοῦν
471 1613 587 1701 ὀλίγου
598 1617 663 1683 δέω
680 1622 821 1683 ναυτιᾶν
834 1612 1062 1702 ὑπομνησθεὶς
1075 1613 1191 1702 αὐτῆς.

309 1721 338 1781 2.
359 1723 489 1784 AHOA.
517 1723 559 1784 Τί
571 1716 624 1784 δαὶ
635 1715 857 1802 βουλόμενος,
875 1707 996 1799 ολΖεύ,
1012 1724 1148 1783 τοιαῦτα
1163 1727 1238 1799 είρ-

223 1837 342 1902 γασται
362 1815 501 1896 ἑαυτόνς
521 1811 542 1900 ἢ
563 1823 596 1882 τί
614 1814 650 1882 τό
670 1813 819 1901 ἀγαθόν,
840 1812 1155 1899 ἀπανθρακωθῆναι
1176 1818 1238 1900 ἐμ·

224 1912 368 1981 πεσόντα
383 1920 428 1992 είς
445 1912 506 2000 τὴν
522 1914 653 1998 πυράνς

213 2065 216 2073 .
310 2019 435 2078 ΖΕΥΣ.
459 2017 565 2079 Τοῦτο
578 2010 639 2097 μὲν
651 2008 714 2078 ούκ
726 2008 785 2092 ἀν,
803 2002 918 2095 ἀπαί,
933 2011 1079 2092 φθόνοις
1089 2011 1143 2077 καὶ
1158 2008 1238 2095 Ἐμ-

224 2112 381 2175 πεδοκλεῑ
391 2106 455 2190 πρό
471 2106 576 2176 αὐτοῦ
594 2110 759 2193 ἐγκαλῶν,
775 2105 811 2185 ὃς
822 2110 854 2185 ἐς
866 2105 944 2185 τούς
953 2115 1117 2194 κρατῆρας
1126 2103 1240 2193 ἥλατο

225 2209 278 2275 καλ
295 2203 395 2284 αὐτός
409 2209 445 2272 ἐν
459 2214 605 2296 Σικελίᾳ.

310 2312 442 2373 ΑΠΟΛ.
466 2311 702 2392 Μελαγχολίαν
718 2303 793 2372 τινά
810 2304 924 2389 δεινὴν
939 2308 1051 2390 λέγεις.
1073 2302 1159 2386 ἀτάρ
1173 2297 1240 2370 οὗ-

226 2405 281 2482 τός
296 2431 333 2490 γε
348 2411 422 2472 τίνα
437 2407 516 2474 ποτὲ
534 2403 597 2490 ἀρα
613 2402 675 2491 τὴν
689 2410 798 2472 αἰτίαν
813 2407 885 2488 ἔσχε
900 2409 955 2487 τῆς
972 2405 1171 2485 ἐπιθυμίαςς

310 2511 436 2573 ΖΕΥΣ.
458 2503 572 2571 Αάτοῦ
589 2525 641 2571 σοι
662 2503 765 2589 λόγον
787 2505 867 2584 ἐρῶ,
896 2496 937 2568 ὃν
959 2504 1044 2580 ἔλεξε
1065 2499 1152 2585 τρδς
1173 2502 1239 2590 τηύ

225 2602 415 2692 πανήγυριν
428 2601 698 2689 ἀπολογούμενος
714 2598 796 2683 πρὸς
812 2595 934 2678 αύτούς
948 2599 1031 2685 ὑπὲρ
1045 2607 1101 2688 της
1114 2611 1238 2671 τελευ-

224 2709 290 2788 τῆς.
324 2709 388 2787 ἔφη
409 2701 490 2788 γάρ,
515 2712 548 2771 εί
565 2728 603 2787 γε
620 2708 811 2788 μέμνημαι.
832 2754 836 2762 .
858 2755 890 2766 ..
926 2706 956 2767 3.
978 2698 1060 2767 ἀλλά
1077 2707 1126 2778 τίς
1143 2701 1238 2788 αὕτη

225 2807 355 2888 σπουδῇ
386 2798 536 2882 πρόσεισι
566 2801 790 2886 τεταραγμένη
812 2803 867 2867 καί
893 2800 1106 2885 δακρύουσα,
1136 2802 1238 2870 πάνυ

225 2896 432 3019 ἀδικουμένη
443 2902 585 2980 ἐοικυῖα,
577 2906 734 2984 μᾶλλον
750 2901 786 2966 δὲ
798 2905 983 2982 Φιλοσοφία
1001 2901 1066 2966 ἐστὶ
1081 2903 1134 2966 και
1150 2929 1217 2969 του

225 3023 311 3081 νομα
324 3023 361 3081 γε
375 3024 501 3082 τονμον
513 3001 684 3084 ίπιβοαται
697 3000 844 3083 σχετλία
844 3018 937 3065 ουσα.
961 3005 1008 3082 τί,
1027 2990 1295 3120 ωθύγατερ,

225 3095 395 3177 δακρύεις·
416 3121 437 3180 η
423 3090 486 3163 τί
503 3093 713 3164 ἀπολιποῦσα
729 3095 789 3164 τόν
802 3104 879 3184 βίον
895 3092 1121 3219 ἐλήλυθαςς
1100 3125 1168 3180 αρα
1186 3128 1234 3186 μη

224 3219 254 3260 οι
248 3197 394 3259 ίδιαῐται
406 3185 506 3271 αὖθις
519 3197 817 3318 ἐπιβεβουλεύκασί
829 3217 881 3264 σοι
893 3193 982 3274 ιδςτδ
995 3197 1197 3279 πρόσθεν”
1174 3225 1236 3266 οτε
1293 3206 1295 3359 6

224 3287 283 3355 τόν
294 3289 513 3376 Σωκράτην’
494 3296 693 3360 απέκτειναν
706 3291 771 3361 ὑπό
786 3291 927 3362 Ἀνύτου
943 3300 1233 3383 κατηγορηθέντα,

225 3385 291 3454 εἶτα
309 3389 444 3474 φεύγεις
462 3390 516 3458 διά
533 3402 631 3459 τοῦτο
646 3391 783 3471 αύτούς;

155 3496 205 3552 66⁷
311 3493 576 3557 ΦΙΛΟΣΟΦΙΑ.
592 3491 703 3558 Ονδευ
713 3517 877 3573 τοιουτου
892 3485 1043 3574 ἀπότερ,
1055 3489 1129 3560 ἀλλ’
1140 3495 1228 3560 ἐκεῖ·
1292 3402 1294 3581 6
