2625 4092
584 317 889 376 AOTKIANOY

394 479 630 564 έμπαιζόμενος
645 479 699 543 καὶ
714 478 965 561 σκωπτόμενος·

394 593 486 646 τοῖον
500 575 565 664 γάρ
579 582 645 660 ἔφυ
660 574 737 642 τόδε
750 581 895 660 πρᾶγμα.

634 773 833 782 ——..—-—-

548 967 919 1034 ΩΚΥΠΟΥΣ.

282 1126 285 1130 ⁴
311 1127 478 1207 Ὡκόπους
494 1132 717 1209 Ποδαλειρίου
739 1129 794 1194 καὶ
812 1123 981 1205 Ἀστασιάς
1004 1125 1080 1206 υίὸς
1102 1133 1238 1213 ἐγένετο,

229 1231 343 1298 κάλλει
361 1231 415 1297 καλ
431 1227 572 1312 δυνάμει
589 1228 775 1310 διαφέρων,
800 1232 996 1310 γυμνασίων
1010 1252 1046 1293 τε
1061 1231 1122 1294 καὶ
1139 1254 1238 1312 κυνη-

228 1335 349 1416 γεσίων
364 1326 408 1414 μὴ
424 1325 565 1412 άμελῶν.
587 1324 746 1400 πολλάκις
761 1325 797 1391 δὲ
811 1331 954 1406 θεωρῶν
969 1324 1046 1402 τούς
1062 1327 1239 1410 ἐχομένους

229 1425 376 1511 ὑπὸτῆς
401 1424 561 1510 ἀτέγκτου
583 1422 763 1505 Ποδάγρας
789 1417 946 1506 κατεγέλα
971 1421 1120 1506 φάσκων
1143 1425 1238 1509 μηδὲν

230 1524 316 1603 ὅλως
333 1522 416 1593 εἶναι
431 1520 467 1590 τό
484 1520 604 1598 πάθος.
636 1517 656 1604 ἡ
678 1515 759 1596 δεδς
773 1523 890 1586 τοίνυν
911 1517 1099 1604 άγανακτετ
1118 1523 1175 1589 καὶ
1192 1519 1238 1586 διά

230 1628 344 1692 ποδῶν
368 1623 532 1705 εἰστρέχει.
563 1626 624 1684 τοῦ
640 1615 672 1684 δ’
694 1615 840 1694 εὐτόνως
860 1620 1023 1702 φέροντος
1041 1621 1099 1686 καὶ
1120 1618 1238 1702 άρνον-

229 1725 350 1807 μένου,
372 1719 491 1786 ὕπτιον
512 1716 597 1793 ὅλως
617 1713 788 1800 τίθησινὴ
808 1715 899 1792 θεός.
932 1713 1028 1802 ἡμὲν
1049 1716 1166 1803 σκηνὴ
1187 1722 1238 1781 τοῦ

188 1908 191 1912 ¹
230 1821 396 1906 δράματος
412 1816 584 1886 ὑπόκειται
604 1817 641 1881 έν
656 1814 798 1900 Θήβαις·
829 1810 899 1882 ὁδὲ
920 1809 1017 1900 χορός
1035 1817 1238 1900 συνέστηκεν

230 1923 264 2001 έξ
282 1922 465 2002 ἐπιχωρίων
479 1919 674 1998 ποδαγρῶν,
699 1913 969 1998 συνελεγχόντων
983 1909 1043 1980 τόν
1054 1909 1237 1980 Ὠκόπουν.

204 2083 208 2090 ,
229 2014 266 2084 τδ
278 2018 315 2084 δδ
324 2020 433 2099 δρᾶμα
442 2021 509 2080 τῶν
519 2013 610 2079 πάνυ
620 2008 769 2077 άστείων.
783 2009 822 2076 τά
832 2017 892 2076 τοῦ
902 2010 1068 2095 δράματος
1078 2011 1238 2095 πρόσωπα

146 2169 148 2172 ⁴
196 2106 198 2114 Α
230 2115 400 2200 Ποδάγρα,
414 2112 591 2188 Ώκόπονς,
614 2108 777 2193 Τροφεός,
794 2106 923 2191 Ἰατρός,
938 2107 1060 2192 Πόνος,
1072 2107 1235 2194 Ἀγγελος

231 2218 415 2300 προλογιῖει
431 2211 466 2278 δέ
480 2209 500 2298 η
515 2209 681 2307 Ποδάγρα.

160 2371 211 2426 ⁶65
232 2361 336 2422 ΠΟΔ.
360 2348 464 2436 Δεινὴ
480 2348 542 2435 μὲν
555 2352 591 2415 έν
607 2356 755 2434 βροτοῖσι
771 2349 825 2414 καὶ
840 2345 1038 2431 δυσώνυμος

230 2454 391 2538 Ποδάγρα
406 2452 583 2534 κέκλημαι,
602 2445 717 2514 δεινόν
731 2445 926 2528 άνθρῶποις
942 2443 1063 2530 πάθος,

231 2557 341 2636 δεσμῶ
358 2551 393 2617 δὲ
408 2554 591 2630 νευρίνοισι
606 2545 686 2624 τοδς
700 2545 804 2622 πόδας
817 2545 961 2631 βρόχοις,
1029 2601 1031 2604 .

112 2658 118 2668 ’
232 2649 412 2737 άρδροισιν
427 2652 650 2731 εἰσδραμοῦσα
665 2643 709 2731 μὴ
725 2645 904 2729 υοουμένη.

194 2759 216 2821 5
231 2755 316 2837 γελῶ
331 2748 367 2816 δὲ
382 2745 460 2824 τούς
477 2748 661 2830 πληγέντας
675 2741 733 2811 ὑπ’
750 2745 832 2828 ἐμοῦ
849 2752 891 2788 **

232 2850 286 2916 καλ
299 2847 344 2934 μὴ
360 2849 516 2933 λέγοντας
530 2843 650 2930 άτρεκῆ
664 2850 721 2928 τῆς
736 2847 922 2925 συμφορᾶς,

231 2945 305 3015 ἀλλ’
323 2952 368 3023 εἰς
382 2950 525 3031 ματαίαν
541 2942 712 3028 πρόφασιν
726 2945 974 3026 ἐξησκημένους.

232 3043 319 3122 ἅπας
332 3041 397 3129 γάρ
411 3039 514 3112 αὑτὸν
529 3050 687 3128 βουκολεῖ
699 3045 949 3125 ψευδοστομῶν,

233 3170 277 3221 ως
293 3139 485 3219 ε’νσεσεικῶς
501 3136 522 3226 ἢ
541 3140 713 3223 προκόψας
727 3163 784 3205 ποι
799 3140 899 3226 βάσιν

177 3253 218 3317 10
232 3244 319 3328 λέγει
334 3249 476 3327 φίλοισι,
495 3239 539 3327 μὴ
557 3239 689 3325 φράσας
704 3237 766 3323 την
780 3245 902 3307 αἰτίαν·

232 3339 251 3408 δ
266 3339 309 3425 μὴ
324 3346 411 3424 λέγει
427 3341 507 3424 γάρ,
526 3337 570 3417 ῶς
583 3343 693 3406 δοκῶν
710 3347 829 3405 λαθεῖν
842 3363 945 3418 τινας,

232 3438 351 3523 χρόνος
366 3443 404 3504 δέ
415 3435 446 3521 γ’
464 3439 576 3519 ἕρπων
591 3437 711 3522 μηνύει
720 3467 737 3512 ,’
747 3429 811 3501 κάν
822 3431 867 3520 μὴ
881 3442 972 3518 θέλη.

230 3537 286 3602 καὶ
300 3535 373 3600 τότε
388 3538 585 3616 δαμασθείς,
603 3531 772 3618 ὀνομάσας
788 3559 854 3617 μου
871 3531 1032 3616 τοῦνομα,
