2625 4092
216 283 275 346 172
567 286 868 344 AOYKIANO'P

214 441 234 530 ἦ
250 443 313 529 γάρ
333 444 528 530 ἡττηθέντες
538 446 656 529 μάχαις
671 445 828 528 μεγάλαις
840 452 948 511 ἔπειτα
965 449 1079 524 ἔταξαν
1092 450 1218 520 ἐκείνας

213 541 271 618 τὰς
286 541 424 626 ἡμέρας,
440 549 476 609 ἐν
487 539 538 620 αἷς
548 540 588 608 τά
601 549 736 607 τοιαῦτα
753 543 1013 624 ἐπεπόνθεισαν,
1030 537 1217 622 ἀπράκτους

213 642 267 706 καὶ
283 637 431 719 ἀκύρους
448 648 515 707 τῶν
537 641 690 723 ἐννόμων
706 640 859 718 πράξεων
882 637 963 705 εἶναι
983 634 1072 724 ἢκαλ
1091 626 1134 717 νὴ
1153 647 1218 706 Δία
1298 645 1299 672 λ

213 789 303 803 .....
327 744 433 804 καίτοι
454 735 595 820 ἄκαιρον
615 747 694 812 ἴσως
716 737 768 802 καλ
792 737 917 818 ἔξωρόν
937 763 974 820 γε
995 734 1058 822 ἤδη
1078 739 1218 820 γέροντα
1298 773 1299 822 χ

212 833 320 917 ἄνδρα
334 836 588 920 μεταπαιδεύειν
602 835 655 900 καὶ
674 831 911 900 ἀναδιδάσκειν
931 831 970 898 τά
984 841 1122 899 τοιαῦτα
1136 832 1218 917 μηδὲ
1298 823 1299 874 λ

212 931 252 998 τά
269 930 333 1015 πρό
350 934 479 1000 τούτων
495 934 619 1001 εἰδότα·
643 934 735 998 πάνυ
746 941 831 1017 γοῦν
848 930 939 998 τοῦτ’
955 939 1022 999 ἔστι
1038 932 1073 999 τό
1087 935 1218 1012 λοιπόν,

127 1050 130 1056 ’
212 1027 277 1094 κάν
292 1031 441 1117 ἐκμάθῃς
457 1029 556 1113 αὐτό,
579 1039 647 1096 πᾶν
663 1027 743 1114 ἡμῖν
759 1028 852 1106 εἰδώς
868 1035 934 1116 ἔσῃ.
967 1027 1076 1095 πόθεν
1090 1031 1173 1113 γάρ,
1193 1020 1219 1093 τό

212 1119 326 1207 οὗτος;
347 1126 386 1193 τά
403 1129 465 1213 μὲν
479 1126 543 1213 γάρ
558 1127 641 1194 άλλα
658 1131 712 1194 καὶ
735 1126 896 1212 ἀγνοῆσαι
913 1127 1094 1212 συγγνώμη
1110 1129 1218 1193 ὁπόσα
1298 1135 1299 1174 ³

212 1229 273 1303 ἔξω
283 1233 344 1291 τοῦ
357 1234 485 1294 πολλου
500 1229 610 1293 πάτου
621 1228 675 1292 καὶ
687 1224 792 1312 ἄδηλα
807 1240 875 1302 τοῖς
889 1225 1044 1307 ἰδιώταις,
1061 1222 1123 1308 τὴν
1133 1221 1219 1290 άπο-

212 1323 326 1404 φράδα
340 1322 375 1389 δὲ
390 1321 468 1392 οὐδὲ
481 1328 659 1409 βουληθεὶς
674 1321 717 1389 άν
730 1323 836 1401 άλλως
849 1332 968 1399 εἴποις·
991 1327 1029 1389 ἓν
1039 1319 1104 1407 γάρ
1120 1327 1219 1386 τοῦτο

211 1421 265 1485 καὶ
280 1421 387 1504 μόνον
402 1420 561 1487 ἁπάντων
577 1420 733 1505 τοῦνομα.
763 1427 862 1502 ἔστω,
886 1428 1037 1504 φησίτις.
1069 1423 1116 1484 14.
1134 1414 1220 1483 ἀλλὰ

146 1533 194 1590 173
214 1519 267 1583 καὶ
289 1525 355 1583 τῶν
376 1517 565 1585 παλαιόν’
549 1521 724 1604 ονομάτων
744 1514 784 1583 τά
807 1543 867 1599 μεν
888 1519 1018 1596 λεκτέα,
1046 1512 1085 1580 τὰ
1109 1512 1138 1578 δ’
1167 1510 1219 1592 οὔ,

212 1611 318 1680 ὁπόσα
335 1613 446 1682 αὐτῶν
465 1613 510 1701 μὴ
526 1617 661 1730 σννηθῃ
679 1629 747 1690 τοῖς
762 1621 911 1696 πολλοῖς,
930 1609 974 1688 ὡς
988 1637 1032 1695 μη
1047 1609 1219 1691 ταράττοι-

211 1737 273 1796 μεν
287 1708 345 1789 τάς
362 1710 464 1790 ἀκοάς
480 1715 534 1780 καλ
549 1713 785 1833 τιτρώσκοιμεν
806 1718 874 1776 τῶν
891 1709 1065 1775 συνόντων
1081 1735 1121 1774 τα
1139 1699 1216 1772 εἶτα

212 1806 288 1934 ἐγώ
297 1802 396 1926 δέ,
369 1837 394 1876 ω
416 1814 578 1895 βέλτιστε,
600 1808 683 1890 πρός
699 1836 760 1894 μεν
783 1811 818 1876 σὲ
839 1818 917 1885 ἴσως
937 1813 1039 1872 ταῦτα
1061 1807 1134 1889 περὶ
1157 1810 1221 1870 σοῦ

211 2031 231 2088 η
218 1999 520 2072 Καππαδοκων”
499 2035 518 2091 η
531 2014 706 2087 Βακτριων
722 2007 842 2088 πάτρια
860 2006 1074 2087 διαλέγεσθαί
1087 2023 1158 2083 σοι,
1177 1997 1221 2078 ὡς

211 2100 359 2188 ἐκμάθῃς
372 2100 412 2166 τά
426 2104 589 2188 λεγόμενα
601 2107 655 2171 καὶ
667 2106 717 2169 σοὶ
732 2101 870 2169 ἀκούειν
884 2095 905 2189 ᾗ
921 2100 1018 2185 ἡδέα,
1034 2113 1102 2175 τοῖς
1114 2104 1132 2164 δ
1137 2096 1144 2120 ’
1158 2096 1219 2163 άλ-

211 2195 442 2284 λοιςἜλλῃσιν
459 2200 549 2286 οἶμαι
566 2200 646 2270 καθ’
659 2198 799 2268 Ἑλλάδα
814 2206 963 2283 γλῶτταν
977 2211 1128 2263 συνεῖναι
1143 2222 1218 2280 χρη.

211 2295 278 2362 εἶτα
294 2299 430 2364 καὶτῶν
444 2298 597 2368 Ἀττικῶν
615 2298 698 2366 κατὰ
713 2299 856 2383 χρόνους
872 2295 965 2374 τινάς
980 2293 1084 2363 πολλὰ
1104 2298 1218 2376 ἐντρε-

211 2396 348 2473 φάντων
362 2404 418 2482 τῆς
435 2395 546 2466 αὐτῶν
564 2406 696 2483 φωνῆς,
717 2404 815 2463 τοῦτο
838 2400 955 2472 ἐντοῖς
975 2396 1117 2481 μάλιστα
1137 2393 1218 2460 τοῦ-

210 2519 296 2576 νομα
311 2497 492 2564 διετέλεσεν
509 2496 614 2574 οὕτως
629 2495 680 2564 ἀεὶ
695 2498 749 2563 καὶ
763 2492 847 2576 πρός
861 2493 1020 2562 ἁπάντων
1034 2495 1146 2561 αὐτῶν
1163 2503 1219 2559 λε·
1300 2495 1301 2504 ’

210 2593 364 2677 γόμενον.
394 2599 444 2660 15.
462 2593 556 2662 εἷπον
573 2591 617 2662 άν
632 2597 687 2661 καὶ
705 2591 782 2671 τούς
804 2590 868 2675 πρό
883 2591 979 2678 ἡμῶν
993 2596 1220 2679 κεχρημένους

211 2697 256 2779 τῷ
271 2688 425 2776 ὀνόματι,
444 2691 526 2779 εἰμὴ
538 2696 592 2760 καὶ
604 2694 709 2780 ταύτῃ
720 2714 757 2758 σε
770 2693 979 2774 διαταράξειν
991 2699 1129 2777 ἔμελλον
1141 2695 1219 2771 ξένα

212 2811 264 2855 σοι
285 2793 338 2856 καλ
355 2787 507 2874 ἄγνωστα
521 2798 667 2875 ποιητῶν
689 2794 742 2858 καὶ
758 2790 909 2874 ῥητόρων
924 2794 977 2858 καὶ
994 2795 1219 2876 συγγραφέων

212 2885 359 2972 ὀνόματα
375 2889 514 2968 διεξιόν.
538 2897 666 2974 μᾶλλον
683 2889 717 2957 δὲ
733 2886 807 2955 οὐδ’
825 2889 889 2975 ε’γά
904 2910 956 2955 σοι
970 2885 1049 2966 τούς
1065 2890 1218 2966 εἰπόντας

212 2990 292 3068 ἐρῶ·
310 2989 431 3064 πάντες
441 2985 505 3072 γάρ
518 2997 637 3055 ἴσασιν.
662 2985 744 3056 άλλόι
757 2989 800 3054 σά
815 3015 870 3073 μοι
883 2991 941 3054 ἕνα
953 2995 1019 3054 τῶν
1031 2989 1133 3055 πάλαι
1149 2992 1217 3057 6ss-

212 3092 268 3164 ξας
279 3082 320 3150 οὐ
330 3088 532 3169 κεχρημένον
542 3094 586 3176 τῷ
595 3085 743 3171 ὀνόματι,
756 3093 911 3171 χρυσοῦς,
923 3094 1036 3170 φασίν,
1048 3090 1084 3152 ἐν
1097 3086 1215 3172 Ὀλυμ-

212 3191 269 3268 πία
281 3183 430 3268 στάθητι.
453 3190 559 3251 καίτοι
571 3183 662 3263 ὅστις
673 3192 780 3271 γέρων
793 3181 840 3250 όν
854 3188 907 3252 καὶ
919 3182 1039 3271 άφηλιξ
1050 3183 1089 3252 τά
1101 3195 1217 3252 τοιαῦ-

211 3308 250 3346 τα
270 3279 385 3364 ἀγνοεῖ
390 3334 397 3347 .
424 3287 517 3348 δοκεῖ
529 3310 584 3367 μοι
603 3283 653 3351 ὅτι
677 3288 729 3351 καί
744 3283 883 3368 Ἀθῆναι
905 3286 999 3361 πόλις
1015 3286 1103 3353 ἐστὶν
1125 3289 1160 3352 ἐν
1179 3293 1217 3370 τῃ

209 3379 335 3467 Ἀττικῃ
350 3383 403 3447 καὶ
418 3380 587 3461 Κόρινθος
611 3386 662 3450 ἐπὶ
677 3385 722 3472 τῷ
734 3381 854 3470 Ἰσθμῷ
871 3386 924 3450 καὶ
943 3383 1080 3465 Σπάρτη
1097 3385 1134 3449 ἐν
1148 3390 1215 3449 Πε-

212 3475 408 3561 λοποννήσῳ
429 3474 473 3558 μὴ
493 3483 624 3546 εἰδέναι.
661 3487 709 3546 16.
732 3478 850 3548 λοιπόν
867 3491 944 3553 ἴσως
961 3481 1067 3546 ἐκεῖνό
1087 3501 1139 3545 σοι
1161 3484 1211 3547 λέ-
