2625 4092
360 306 561 365 ΠΛΟΙΟΝ
579 309 607 360 H
629 303 793 362 ΕΤΧΑΙ.
1018 301 1080 364 225

156 473 206 536 28.
229 474 341 536 ΣΑΜ.
361 463 442 550 Ἐγά
464 467 504 532 δὲ·
518 504 555 514 -
571 462 756 549 ἠπειρώτης
775 466 840 549 γάρ
863 470 942 548 είμι,
963 459 1082 545 Ἀρκὰς

71 569 106 633 ἐκ
124 572 348 650 Μαντινείας,
371 561 416 642 63
431 572 501 631 λστε
517 605 558 614 -
572 568 661 628 ναῦν
676 561 738 646 μὲν
756 559 818 628 οὐκ
837 561 1015 646 αἰτήσομαί
1025 586 1082 644 μοι

71 664 247 746 γενέσθαι,
273 660 316 746 ἥν
338 686 377 746 γε
398 673 467 737 τοῖς
487 667 635 736 πολίταις
653 663 882 738 ἐπιδείξασθαι
900 656 1079 742 άδόνατον,

70 759 151 828 οὐδὲ
171 762 455 847 μικρολογήσομαι
471 759 555 842 πρὸς
574 758 653 838 τοὺς
669 756 772 836 θεοὺς
786 756 964 846 θησαυρόν
981 765 1082 827 αἰτῶν

72 862 126 926 καὶ
143 862 391 945 μεμετρημένον
401 867 556 945 χρυσίον·
579 854 662 925 ἄλλά
679 856 840 923 δύνανται
851 855 915 941 γάρ
928 858 1036 924 πάντα
1051 861 1085 923 οἱ

71 965 163 1042 θεοί,
178 958 233 1024 καὶ
244 955 284 1024 τά
296 961 432 1041 μέγιστα
446 955 531 1024 εἶναι
543 961 726 1036 δοκοῦντα,
742 956 796 1022 καὶ
808 952 825 1021 ὁ
837 955 938 1039 νόμος
952 962 1009 1040 τῆς
1023 952 1081 1022 εὐ-

70 1062 129 1140 λῆς
147 1051 187 1120 ὃν
206 1055 370 1139 Τιμόλαος
390 1061 493 1140 ἔθηκε
512 1054 622 1140 φήσας
638 1052 743 1139 μηδὲν
764 1049 877 1120 ὀκνεῖν
893 1058 1013 1135 αἰτεῖν,
1038 1050 1082 1130 ὡς

71 1157 211 1220 ἐκείνων
221 1151 319 1317 πρόςῖ
317 1152 417 1220 οὐδὲν
433 1151 686 1220 ἀνανευόντων·
710 1157 789 1217 αίτω
798 1148 842 1268 δή
854 1147 1010 1237 βασιλεὺς
1024 1177 1081 1236 γε·

71 1252 193 1317 υέσθαι
207 1248 268 1336 οὐχ
283 1277 301 1316 ο
303 1247 352 1329 ἷος
364 1246 604 1332 Ἀλέξανδρος*
590 1276 607 1315 ο
623 1245 823 1316 Φιλίππου
807 1276 828 1334 η
824 1243 1082 1334 Πτολεμαίος’“
1061 1275 1081 1333 η

71 1346 330 1466 Μιθριδάτης”
308 1377 328 1434 η
351 1358 395 1419 εί
394 1375 449 1428 τις
469 1348 568 1425 ἄλλος
591 1348 807 1432 ἐκδεξάμενος
827 1345 888 1469 τήν
911 1355 1084 1435 βασιλείαν

72 1444 161 1527 παρά
182 1445 306 1531 πατρὸς
325 1441 441 1533 ἧρξεν,
462 1445 546 1514 άλλά
567 1468 645 1531 μοι
637 1441 674 1510 τὸ
697 1470 831 1527 πρωτον
847 1441 911 1512 άπό
934 1449 1084 1534 λῃστείας

71 1544 275 1632 άρξαμενῳ“
258 1561 380 1630 εταίροι
395 1550 449 1614 καὶ
461 1544 653 1628 συνωμόται
669 1541 752 1609 ὅσον
766 1543 961 1626 τριάκοντα,
974 1543 1083 1609 πιστοὶ

70 1643 160 1727 μάλα
171 1644 224 1708 καί
237 1644 425 1729 πρόθυμοι,
441 1646 675 1730 γενέσθωσαν,
696 1639 763 1707 εἶτα
774 1667 835 1708 κατ
839 1638 974 1726 ’ὀλίγον
988 1667 1082 1724 τρια-

72 1739 181 1806 κόσιοι
198 1739 391 1821 προσιόντες
404 1739 486 1828 ἡμίν
502 1740 601 1816 άλλος
619 1735 671 1806 ἐπ’
694 1737 800 1829 άλλη),
826 1737 894 1806 εἶτα
914 1745 1011 1826 χίλιοι
1026 1741 1080 1806 καί
1100 1753 1151 1808 ⁶267

71 1833 144 1920 μετ’
162 1833 204 1902 οὐ
218 1836 304 1905 πολὺ
319 1839 456 1924 μύριοι,
480 1840 534 1904 καὶ
549 1834 589 1904 τό
604 1844 673 1902 πάν
689 1841 734 1914 είς
750 1839 847 1904 πέντε
864 1838 1029 1923 μυριάδας
1044 1833 1081 1902 τό

72 1933 260 2019 ὁπλιτικόν,
273 1938 383 2012 ίππεῑς
394 1936 430 2004 δὲ
441 1935 526 2021 ἀμφὶ
537 1931 614 2012 τούς
630 1935 924 2020 πεντακισχιλίους.
951 1939 1001 2000 29.
1018 1930 1082 2018 ἐγω

72 2032 110 2098 δὲ
120 2031 351 2118 χειροτονητὸς
364 2031 424 2119 ὑφ’
439 2032 597 2100 ἁπάντων
608 2034 803 2115 προκριθεὶς
815 2030 937 2117 άρχων,
950 2030 1083 2113 ἄριστος

73 2128 160 2197 εἶναι
177 2128 274 2208 δόξας
288 2127 483 2213 ἀνθρώπων
496 2128 651 2216 ἡγεῖσθαι
667 2132 722 2196 καί
737 2129 906 2216 πράγμασι
922 2136 1082 2216 χρῆσθαι·

74 2225 120 2304 ὡς
130 2227 229 2294 τοῦτό
240 2254 277 2312 γε
293 2226 375 2296 αότό
386 2229 449 2316 ήδη
465 2234 597 2314 μείζονα
609 2226 693 2294 εἶναι
710 2235 778 2294 τῶν
793 2227 905 2295 ἄλλων
916 2227 1082 2315 βασιλέων

72 2324 132 2392 άτε
155 2323 254 2413 άρετή
271 2330 545 2413 προχειρισθέντα
562 2324 629 2393 ὑπὸ
646 2334 704 2412 τῆς
719 2333 873 2412 στρατιάς
888 2325 1018 2412 άρχειν,
1042 2323 1083 2391 οὐ

72 2425 288 2508 κληρονόμον
301 2428 487 2510 γενόμενον
506 2423 613 2493 ἄλλον
633 2427 842 2511 πονήσαντος
862 2428 894 2502 ἐς
908 2421 970 2509 τήν
985 2429 1083 2510 βασι-

73 2529 183 2590 λείαν·
212 2526 288 2589 ἐπεὶ·
303 2531 350 2613 τῷ
371 2521 585 2609 Ἀδειμάντου
607 2532 770 2612 θησαυρῷ
792 2523 1023 2606 παραπλήσιον
1045 2520 1081 2588 τὸ

72 2627 221 2706 τοιοῦτο,
239 2625 293 2688 καὶ
304 2621 341 2689 τό
353 2632 489 2708 πρᾶγμα
501 2621 562 2710 οὐχ
577 2621 695 2708 ὅμοιον
711 2621 790 2707 ἡδύ,
809 2620 920 2704 ὥσπερ
935 2617 1017 2686 ὅταν
1028 2625 1082 2707 ίδη

71 2744 123 2796 τις
137 2716 236 2799 αὐτὸς
250 2717 296 2785 δι’
315 2719 420 2788 αὑτοῦ
434 2724 643 2808 κτησάμενος
653 2719 716 2805 τήν
731 2725 939 2786 δυναστείαν.

159 2823 258 2884 ΛΤΚ
280 2825 410 2903 Παπαῖ,
427 2823 452 2886 ά
468 2821 645 2905 Σάμιππε,
669 2816 769 2884 οὐδεν
784 2816 922 2902 μικρόν,
944 2813 1028 2884 άλλά
1046 2815 1082 2884 τό

71 2917 259 3001 κεφάλαιον
269 2916 349 2984 αὐτὸ
362 2927 430 2986 τῶν
440 2918 581 3036 ἀγαθῶν
593 2915 753 2983 ἁπάντων
765 2916 857 3000 σύγε
869 2913 1005 3000 ήτησας,
1021 2913 1083 3000 άρ-

70 3041 144 3102 χειν
164 3013 302 3093 άσπίδος
322 3018 484 3103 τοσαύτης
499 3017 637 3099 ἄριστος
659 3014 699 3101 δη
721 3011 915 3098 προκριθεὶς
932 3011 998 3081 ὑπὸ
1017 3024 1085 3081 τῶν

71 3122 371 3198 πεντακισμυρίων
394 3123 548 3182 τοιοῦτον
564 3113 645 3201 ἡμῖν
655 3142 676 3201 η
664 3113 874 3183 ’Μαντίνεια
885 3112 1084 3198 θαυμαστὸν

71 3217 210 3300 βασιλέα
220 3215 275 3280 καὶ
287 3213 471 3300 στρατηγὸν
480 3215 635 3300 ἐλελήθει
647 3213 890 3300 ἀνατρέφουσα.
905 3212 991 3298 πλήν
1000 3211 1084 3281 άλλά

71 3320 229 3399 βασίλευε
243 3314 299 3379 καὶ
313 3309 400 3397 ἡγοῦ
421 3318 489 3378 τῶν
505 3319 717 3397 στρατιωτῶν
737 3314 792 3380 καὶ
811 3311 981 3395 διακόσμει
997 3311 1034 3378 τό
1049 3337 1084 3379 τε

71 3409 213 3479 ίππικόν
223 3413 278 3476 καὶ
291 3407 501 3493 τοόςάνέρας
512 3407 591 3487 τούς
601 3408 818 3486 ἀσπιδιώτας·
841 3411 947 3486 ἐθέλω
958 3409 1022 3493 γάρ
1034 3411 1084 3476 είη

160 3536 265 3576 ιοοικα.
287 3521 332 3574 111.
908 3511 946 3572 15
1059 3536 1083 3545 '¹
