2625 4092
340 288 460 347 ΠΕΡΙ
481 286 583 346 ΤΩΝ
601 285 852 348 Almam
1041 285 1102 348 205

94 474 190 534 μενοι
206 447 237 514 δ’
251 447 442 536 ἁπανταχοῦ
454 456 521 516 τῶν
538 451 734 532 ἐπιτηδείων
748 446 964 534 εὐπορήσειν,
980 451 1103 536 μέτρον

93 543 306 632 εὐδαιμονίας
320 544 379 625 τάς
399 555 456 633 τῆς
475 544 618 633 γαστρός
637 543 763 630 ἡδονάς
785 549 967 633 τιθέμενοι.
996 543 1045 624 οἷς
1066 545 1102 614 δέ

94 646 150 711 καί
165 643 273 730 μήτηρ
290 641 312 730 ἡ
329 652 462 729 πατρίς,
485 643 636 730 ἀγαπῶσι
657 641 719 729 τὴν
737 652 802 730 γῆν
821 643 876 730 ἐφ’
893 638 932 732 ἧς
946 647 1101 729 ἐγένοντο

92 748 149 814 καὶ
171 746 380 832 ἐτράφησαν,
411 743 476 813 κάν
501 743 620 831 ὀλίγην
641 751 753 829 ἔχωσι,
779 741 844 813 κάν
868 761 1023 831 τραχεῖαν
1048 748 1102 812 καί

93 844 297 929 λεπτόγεων·
319 840 384 911 κάν
402 842 552 926 ἀπορῶσι
566 851 623 929 τῆς
635 851 695 927 γης
709 845 878 910 ἐπαινέσαι
894 841 956 928 τὴν
966 841 1101 929 ἀρετήν,

94 950 163 1009 των
184 969 223 1028 γε
242 939 326 1026 ὑπὲρ
348 951 404 1028 της
420 946 575 1024 πατρίδος
592 939 654 1008 οὐκ
672 940 901 1028 ἀπορήσουσιν
918 947 1100 1028 ἐγκωμίων.

94 1036 180 1107 ἀλλά
194 1038 260 1106 κάν
270 1045 388 1108 ίδωσιν
404 1042 535 1123 ἑτέρους
551 1042 821 1126 σεμνυνομένους
832 1046 958 1119 πεδίοις
968 1038 1088 1126 ἀνειμέ·

93 1164 167 1216 νοις
181 1141 236 1205 καὶ
252 1147 389 1225 λειμῶσι
404 1153 520 1223 φυτοῖς
535 1142 760 1216 παντοδαποῖς
775 1140 1031 1224 διειλημμένοις,
1047 1139 1102 1205 καὶ

95 1233 191 1302 αὐτοὶ
207 1243 275 1302 τῶν
296 1245 353 1322 τῆς
369 1241 525 1321 πατρίδος
538 1239 710 1322 ἐγκωμίων
726 1233 788 1302 οὐκ
805 1237 1100 1326 ἐπιλανθάνονται,

91 1329 155 1417 τὴν
171 1335 207 1400 δὲ
222 1337 432 1420 ἱπποτρόφον
442 1332 671 1418 ὑπερορῶντες
684 1331 746 1418 τὴν
760 1336 996 1421 κουροτρόφον
1007 1341 1101 1404 ε’παι-

92 1437 201 1498 νοῦσι.
227 1438 276 1500 11.
293 1436 347 1500 καὶ
365 1433 501 1500 σπεύδει
517 1459 566 1509 τις
581 1437 627 1508 είς
641 1429 702 1516 την
719 1438 876 1518 πατρίδα,
896 1430 960 1500 κάν
976 1435 1101 1522 νησιεό-

92 1555 151 1614 της
167 1522 205 1616 ᾗ·
228 1526 293 1596 κάν
309 1529 389 1613 παρ’
406 1529 519 1607 ἀλλοις
536 1528 748 1614 εὐδαιμονεῖν
762 1530 919 1617 δύνηται,
937 1538 991 1600 καί
1008 1539 1100 1601 διδο-

91 1629 198 1712 μένην
215 1626 406 1697 ἀθανασίαν
422 1627 463 1696 οὐ
477 1630 693 1714 προσήσεται,
718 1639 888 1716 προτιμῶν
902 1630 962 1698 τὸν
978 1635 1029 1702 ἐπὶ
1042 1640 1100 1719 τῆς

91 1729 250 1809 πατρίδος
264 1728 390 1812 τάφον·
418 1728 473 1794 καὶ
490 1725 508 1793 ὁ
525 1733 582 1811 τῆς
597 1731 755 1809 πατρίδος
770 1727 860 1816 αὐτῷ
878 1729 1003 1808 καπνὸς
1014 1741 1095 1817 λαμ-

89 1825 253 1908 πρότερος
273 1823 459 1912 όφθήσεται
479 1833 540 1892 τοῦ
556 1821 636 1908 παρ’
660 1823 773 1903 ἀλλοις
794 1827 909 1908 πυρός.
944 1833 994 1895 12.
1011 1829 1098 1896 οὕτω

90 1924 129 1989 δὲ
144 1921 210 2006 ἀρα
224 1930 335 2009 τίμιον
346 1922 431 1992 εἶναι
443 1929 538 1992 δοκεῖ
548 1920 637 2005 παρά
653 1931 757 1990 πᾶσιν
767 1923 788 2010 ἡ
800 1932 932 2010 πατρίς,
950 1924 1099 1994 ὥστεκαὶ

88 2018 170 2099 τοδς
183 2029 355 2107 πανταχοῦ
369 2027 554 2108 νομοθέτας
570 2027 636 2089 ίδοι
657 2049 705 2099 τις
719 2018 762 2089 ἀν
778 2025 830 2091 ἐπὶ
846 2039 914 2101 τοῖς
933 2033 1097 2110 μεγίστοις
1116 2043 1166 2096 234

90 2116 292 2205 ἀδικήμασιν
314 2119 358 2198 ὡς
377 2120 610 2206 χαλεπωτάτην
629 2122 885 2208 ἐπιβεβληκότας
902 2121 964 2209 τὴν
985 2122 1098 2209 φυγὴν

88 2227 263 2304 τιμωρίαν.
292 2222 347 2286 καὶ
362 2219 423 2306 οὐχ
443 2225 477 2288 οί
494 2224 676 2307 νομοθέται
691 2221 752 2307 μέν
772 2221 879 2301 οὕτως
895 2229 1043 2310 ἔχουσιν,
1066 2228 1100 2291 οί

89 2318 127 2386 δὲ
140 2320 375 2405 πιστευόμενοι
386 2319 444 2399 τὰς
455 2329 649 2407 στρατηγίας
664 2323 796 2407 ἑτέρως,
812 2320 886 2390 ἀλλ’
900 2325 937 2390 ἐν
951 2337 1021 2402 ταῖς
1032 2324 1097 2408 μά-

87 2445 160 2504 χαις
173 2417 210 2485 τό
225 2418 383 2504 μέγιστόν
397 2422 463 2486 ἐστι
474 2428 543 2488 τῶν
554 2421 839 2506 παραγγελμάτων
848 2433 916 2498 τοϊς
930 2447 1096 2504 παρατατ-

87 2521 258 2603 τομένοις,
281 2516 325 2596 ὡς
340 2516 423 2601 ὑπὲρ
440 2525 597 2603 πατρίδος
613 2517 725 2598 αὐτοῖς
744 2517 761 2585 ὁ
780 2520 939 2603 πόλεμος·
967 2523 1020 2585 καὶ
1036 2517 1097 2585 οὐ·

87 2618 156 2693 δεὶς
178 2614 269 2695 ὅστις
289 2612 333 2682 ἀν
354 2615 502 2695 ἀκούσας
517 2617 640 2683 τούτου
659 2615 760 2695 κακός
780 2616 862 2683 εἶναι
881 2623 980 2703 θέλη·
1011 2631 1101 2684 ποιεί

86 2711 153 2799 γάρ
170 2716 225 2782 καὶ
240 2712 300 2782 τόν
315 2713 428 2782 δειλόν
442 2713 598 2798 ἀνδρεῖον
613 2713 650 2782 τὰ
670 2725 727 2801 τῆς
743 2720 900 2798 πατρίδος
917 2712 1031 2799 ὄνομα.

491 2928 690 2938 --——

291 3125 430 3193 ΠΕΡι
465 3077 587 3194 νων
615 3122 891 3193 mmm.

173 3304 202 3365 l.
224 3305 289 3385 Τῆς
303 3301 433 3386 Λιβύης
446 3299 486 3367 τά
507 3301 600 3367 νότια
616 3300 749 3385 ψάμμος
764 3301 830 3366 ἐστὶ
845 3306 966 3384 βαθεῖα
982 3303 1037 3366 καὶ
1053 3305 1094 3384 γῆ

87 3401 348 3484 διακεκαυμένη,
367 3405 488 3486 ἔρημος
501 3402 553 3468 ἐπὶ
567 3400 671 3484 πολύ,
690 3396 835 3485 ἀκριβῶς
851 3397 1017 3481 ἀκαρπος,
1035 3423 1094 3464 πε,

3 3506 4 3517 ’
86 3497 163 3585 δινὴ
188 3497 317 3584 ἀπασα,
346 3497 388 3566 οὐ
408 3501 511 3586 χλόην
535 3497 577 3566 οὐ
607 3498 696 3564 πόαν
719 3493 760 3564 οὐ
784 3497 894 3584 φυτὸν
918 3494 978 3582 οὐχ
1001 3494 1095 3579 ὕδωρ
