2625 4092
293 269 354 327 ΡΗ
361 268 527 329 ΤΟΡΩΝ
547 269 884 332 ΔΙΔΑΣΚΑΛΟΣ.
1052 265 1093 332 87

82 431 326 517 μεμιμημένον,
344 426 450 496 αὐτόν
462 429 526 513 μὲν
539 436 695 515 κείμενον
711 430 763 501 ἐπὶ
776 434 994 512 κροκοδείλου
1003 428 1095 509 τινός

82 525 225 615 ἦέππου
245 535 306 595 τοῦ
326 538 506 611 ποταμίου,
528 522 592 595 οἷοι
616 531 732 596 πολλοὶ
750 532 786 595 ἐν
807 526 914 621 αὐτῷ,
938 525 1042 615 μικρά
1057 531 1093 593 δε

81 652 156 695 τινα
173 630 289 693 παιδία
303 626 382 706 περὶ
393 621 499 691 αὐτόν
515 630 672 705 παίζοντα
686 667 728 693 -,
743 625 856 711 πήχεις
872 625 908 694 δέ
921 622 1047 703 αὐτοὺς
1060 632 1094 694 υί

84 725 261 809 Αἰγύπτιοι
281 730 478 790 καλοῦσι-
493 729 643 814 τοιοῦτοι
659 725 714 789 καὶ
735 710 810 804 περὶ
830 721 892 808 τήν
912 714 1093 809 ’ῥητορικήν

81 828 287 904 οίιέπαινοι,
311 822 428 904 πρόσει
450 820 490 906 δή
507 817 553 889 σύ.
571 818 589 889 ὁ
609 820 747 905 ἐραστής
768 823 944 907 ἐπιθυμῶν
966 820 1092 908 δηλαδή

81 920 133 989 ότι
156 921 291 1007 τάχιστοι
313 922 471 1005 γενέσθαι
489 922 541 987 ἐπὶ
565 928 622 1006 τῆς
637 917 759 1003 άκρας,
789 916 833 997 ὡς
855 922 1037 1007 γαμήσειάς
1057 945 1093 989 τε

81 1017 189 1104 αὐτὴν
204 1016 388 1105 έλθάυκαὶ
407 1019 515 1086 πάντα
537 1021 646 1086 ἐκεῖνα
665 1022 767 1103 ἔχοις,
789 1014 848 1085 τόν
868 1026 1016 1092 πλουτου
1030 1015 1093 1104 τήν
1115 1071 1120 1086 ,

81 1118 184 1195 δόξαν
205 1114 285 1194 τούς
307 1120 480 1196 ἐπαίνους·
495 1176 498 1183 ,
511 1118 603 1207 νόμῳ
624 1115 689 1203 γάρ
711 1115 843 1202 ἅπαντα
864 1125 1012 1203 γίγυεται
1032 1122 1093 1201 τοῦ

81 1215 315 1301 γεγαμηκότος.
341 1221 368 1283 7.
386 1213 443 1299 εἶτ’
460 1214 595 1285 ἐπειδάν
610 1216 795 1301 πλησιάσῃς
808 1222 854 1302 τῷ
873 1214 960 1300 ὄρει,
977 1212 1014 1282 τό
1030 1216 1093 1301 μὲν
1110 1230 1127 1288 7

77 1322 216 1398 πρῶτον
231 1311 474 1403 άπογινρόσκεις
482 1312 546 1404 τήν
557 1315 693 1398 ἄνοδον,
708 1315 763 1383 καί
773 1312 810 1381 τό
826 1313 1092 1402 πράγμαόμοιον

81 1413 170 1483 είυαί
181 1434 234 1482 σοι
244 1418 352 1483 δοκεῖ.
361 1412 516 1502 ὁποῖονή
531 1414 671 1497 ’Ἇορνος
688 1416 797 1501 ἐφάνη
812 1430 880 1495 τοῖς
896 1418 1092 1489 Μακεδόσιν

79 1509 617 1599 άπόξυρον.αὐτήν,ἁπαυταχόθεν
628 1520 771 1598 ίδούσιν,
787 1511 930 1601 ἀτεχνῶς
940 1512 1092 1595 οὐδέόρ-

80 1617 171 1689 νέοις
184 1611 392 1697 ὑπερπτῆναι
401 1614 538 1700 Ιῥᾳδίαν,
553 1612 729 1683 Διονύσου
739 1610 830 1690 τινός
842 1607 867 1699 ἢ
878 1608 1090 1709 Ἡρακλέους,

79 1717 110 1779 εί
125 1708 239 1794 μέλλοι
253 1710 581 1797 καθαιρεθήσεσθαι,
606 1715 777 1796 δεομένην.
807 1710 910 1785 ταῦτά
925 1732 978 1779 σοι
1000 1716 1094 1791 δοκεῖ

77 1810 117 1877 τὸ
131 1818 280 1891 πρῶτον·
304 1808 371 1897 εἶτα
382 1808 451 1895 μετξ
466 1806 581 1893 ὀλίγον
592 1807 674 1896 ὁρᾷς
686 1811 752 1885 ιδυό
766 1807 860 1887 τινάς
872 1801 990 1889 ὁδούς,
1004 1816 1090 1893 μάλ-

77 1918 141 1977 λον
154 1907 190 1976 δέ
205 1906 225 1994 ή
240 1906 302 1994 μὲν
312 1906 462 1992 άτραπός
470 1911 537 1976 ἐστι
553 1905 650 1994 στενή
664 1910 718 1975 καί
732 1906 933 1992 άκανθάδης
945 1910 998 1975 καὶ
1010 1934 1091 1990 τρα-

74 2021 167 2093 χεῖα,
182 2004 278 2073 πολὺ.
291 2003 328 2075 τό
340 2010 447 2087 ’,δίψος
466 2008 677 2091 ἐμφαίνουσα
697 2006 752 2073 καί
768 2009 899 2089 ἱδρῶτα.
929 2008 985 2075 καί
999 2012 1090 2092 ἔφθη

76 2102 226 2191 γάρ-,ήδη
238 2102 389 2184 Ἡσίοδος
406 2099 444 2173 εὖ
462 2106 550 2191 μάλα
561 2103 738 2184 ὑποδείξας
754 2104 876 2191 αὐτήν,
893 2104 976 2175 ὥστε
988 2104 1090 2175 οὐδὲν

76 2206 163 2288 ἐμοῦ.
174 2201 300 2287 δεήσει·
323 2202 343 2289 ἡ
357 2205 450 2288 ἐπέρα
461 2203 498 2273 ,δέ
508 2212 645 2274 πλατεῖα
657 2205 712 2271 καὶ
724 2201 859 2289 ἀνθηρά
870 2207 925 2273 καλ
937 2203 1089 2287 εὔυδρος,

74 2302 315 2388 τοιαύτηαῗαν
333 2312 443 2395 μικρῷ
464 2304 616 2389 πρόσθεν
638 2300 751 2384 εἷπον,
776 2307 832 2370 ἵνα
853 2302 969 2390 μήκαὶ
987 2302 1090 2371 ταύτά

73 2406 187 2487 λέγων
201 2403 361 2481 πολλάκις
382 2406 485 2489 ἐπέχω
505 2424 543 2470 σε
557 2401 620 2496 ἤδη
635 2402 761 2489 ῥήτορα
779 2400 864 2479 εἶναι
886 2403 1087 2489 δυνάμενον.

73 2506 105 2569 8.
119 2499 211 2587 πλήν
222 2502 260 2568 τό
270 2528 309 2588 γε
318 2512 481 2587 τοσοῦτον
492 2501 701 2587 προσθήσειν
712 2527 767 2585 μοι
782 2506 882 2583 δοκοῦ,
899 2504 984 2569 διότι
996 2500 1017 2588 ἡ
1028 2505 1090 2584 μὲν

72 2616 210 2687 τραχεῖα
227 2604 336 2688 ἐκείνη
356 2605 412 2672 καί
426 2600 573 2687 άνάυτης
590 2599 632 2669 οὐ
648 2597 755 2676 πολλά
775 2611 849 2687 ίχνη
866 2608 933 2666 τῶν
950 2598 1088 2667 ὁδοιπό-
1099 2602 1125 2664 “8

71 2728 150 2785 ρων
162 2699 257 2787 εἶχεν,
277 2707 306 2769 εί
319 2705 359 2770 δέ
366 2728 453 2786 τινα,
470 2702 562 2769 πάνυ
573 2700 699 2771 παλαιά
707 2728 714 2739 ·
737 2701 791 2767 καὶ
803 2706 906 2786 ἔγωγε
918 2700 991 2768 κατ’
1005 2704 1090 2778 ἐκεί,-

69 2828 143 2887 ’νην
159 2800 278 2880 ἅθλιος
289 2800 441 2888 άνήλθον
452 2807 597 2872 τοσαῦτα
607 2798 725 2885 καμὼν
739 2797 841 2869 οὐδέν
853 2803 939 2869 δέον.
962 2797 981 2886 ἡ
997 2801 1089 2881 έτέρα

72 2906 112 2969 δέ
130 2901 189 2979 ἅτε
206 2899 311 2988 ὁμαλή
327 2894 413 2969 οὖσα
427 2905 481 2969 καὶ
492 2898 642 2986 ἀγκύλον
658 2897 759 2978 οὐδέν
774 2905 895 2985 ἔχουσα
909 2900 1089 2982 πόρρωθέν

74 3027 133 3087 μοι
148 3002 255 3087 ἐφάνη
268 3002 321 3067 οἵα
338 3001 427 3068 ἐστὶν
438 2996 498 3085 οὐχ
510 2997 688 3067 ὁδεύσαντι
699 2996 822 3087 αότήνς
846 2998 888 3067 οὐ
899 2997 964 3085 γάρ
975 3001 1090 3082 ἑώρων

76 3105 154 3178 νέος
168 3097 217 3167 &v
234 3105 280 3167 ἐτι
296 3098 333 3167 τό
352 3103 498 3187 βέλτιον,
523 3097 607 3168 ἄλλά
623 3097 683 3169 τὸν
698 3099 840 3186 ποιητήν
860 3102 991 3167 ἐκείνου
1007 3097 1089 3184 άλη-

73 3199 197 3268 θεύειν
218 3196 313 3288 ᾤμην
330 3201 469 3286 λέγοντα
491 3203 527 3267 ἐκ
548 3206 615 3269 τῶν
638 3200 756 3267 πόνων
772 3198 922 3284 φύεσθαι
945 3197 1086 3283 τάγαθά.

74 3296 111 3365 τό
131 3296 162 3364 δ’
175 3296 243 3365 οὐκ
259 3296 345 3385 εἶχεν
361 3297 481 3377 οὕτως·
503 3296 644 3384 ἀπονητὶ
654 3306 742 3384 γοῦν
756 3295 824 3381 ὁρῶ
835 3297 998 3383 μειζόνων
1010 3295 1089 3375 τούς

75 3395 225 3478 πολλοὺς
235 3395 460 3483 ἀξιουμένους
472 3395 624 3486 εὐμοιρίᾳ
637 3405 695 3483 τῆς
710 3401 865 3479 αίρέσεως
876 3404 933 3482 τῆς
947 3403 1015 3465 τῶν
1030 3395 1088 3465 λό-

75 3523 148 3582 γων
165 3498 220 3563 καὶ
231 3494 330 3564 ὁδαέν.
353 3500 406 3566 ἐπὶ
422 3494 454 3565 δ’
470 3489 536 3565 οὖν
549 3495 612 3581 τήν
627 3494 734 3582 ἀρχὴν
748 3494 953 3580 ἀφικόμενος
970 3486 1009 3561 εὖ
1019 3490 1087 3574 οἶδ’
