2625 4092
230 297 618 361 ΔΗΜΟΣΘΕΝΟΤΣ
639 300 920 361 ΕΓΚΩΜΙΟΝ.
1013 298 1075 361 383

69 461 257 547 Ἀθηναίων
277 459 479 537 Μακεδόνας
503 463 556 527 καὶ
583 466 650 527 νῦν
670 463 817 545 μετέχειν
839 467 896 546 τῆς
917 458 1078 546 ὑμετέρας

71 559 186 646 τύχης,
204 565 234 627 εἰ
248 556 328 644 μετά
345 561 610 643 Καλλιμέδοντος
623 559 680 626 καὶ
690 562 831 626 Πυθέου
846 557 901 626 καὶ
912 561 1077 645 Δημάδου

72 657 335 751 συνεταττόμην·
357 660 433 742 ἐξῆν
448 651 512 725 κάν
524 653 585 735 όψδ
600 663 657 742 τῆς
670 656 770 743 τύχης
784 656 1076 742 μεθαρμόσασθαι,

71 762 102 823 εί
113 753 158 842 μή
171 753 230 834 τάς
244 752 421 841 Ἐρεχθέως
434 758 623 839 θυγατέρας
639 758 694 821 καὶ
708 752 769 821 τόν
781 756 916 838 Κόδρον
934 759 1078 842 έπησχν-

71 855 187 942 νόμην.
211 852 341 921 οὔκουν
355 851 510 940 ᾑρούμην
525 850 767 938 αὐτομολοῦντι
782 862 829 943 τῷ
843 859 976 941 δαίμονι
992 874 1078 939 συμ-

71 953 352 1039 μεταβάλλεσθαι·
385 950 489 1021 καλὸν
513 951 577 1038 γάρ
604 953 841 1039 κρησφύγετον
864 953 1014 1031 θάνατος
1041 955 1077 1021 έν

71 1048 241 1141 ἀκινδύνῳ
253 1047 377 1129 παντός
390 1057 528 1136 αἰσχροῦ
541 1054 710 1137 γενέσθαι.
733 1054 787 1117 καί
803 1057 885 1131 νῦν,
895 1048 1023 1136 Ἀρχία,
1037 1046 1075 1116 τό

71 1148 144 1216 κατ’
161 1147 305 1233 ἐμαυτόν
315 1146 356 1215 οὐ
368 1148 576 1234 καταισχύνω
592 1145 650 1226 τὰς
664 1145 808 1234 Ἀθήνας
824 1151 980 1215 δουλείαν
991 1143 1077 1213 ἒκών

73 1250 238 1332 ἐλόμενος,
253 1248 413 1331 ἐντάφιον
426 1247 462 1314 δέ
473 1243 510 1315 τό
523 1248 700 1315 κάλλιστον
711 1243 772 1332 τήν
785 1248 983 1331 ἐλευθερίαν
993 1271 1078 1330 προ-

71 1352 195 1429 έμενος.
219 1351 269 1414 47.
284 1343 367 1414 ἀλλά
383 1350 512 1413 δίκαιον
527 1345 607 1432 γάρ,
627 1352 708 1431 ἔφη,
730 1347 782 1412 σοὶ
798 1350 867 1413 τῶν
881 1348 1076 1434 τραγῳδιῶν
1095 1363 1145 1415 ὀλο

72 1444 314 1531 μνημονεύειν,
331 1435 373 1510 οὗ
386 1444 511 1530 σεμνόν
524 1441 561 1511 τό
577 1445 698 1529 λεχθὲν

184 1612 185 1615 ,
444 1578 446 1581 ·
484 1539 557 1628 ήδὲ
575 1544 627 1609 καὶ
642 1540 830 1629 θνήσκουσ’
849 1540 939 1628 ὅμως

96 1671 98 1678 ·
198 1639 326 1728 πολλήν
342 1643 505 1728 πρόνοιαν
521 1639 606 1727 εἶχεν
622 1640 792 1728 εύσχήμως
805 1656 935 1710 πεσεῖν·

71 1737 155 1825 κόρη
176 1741 370 1808 καὶταῦτα·
401 1741 623 1826 Δημοσθένης
644 1741 679 1807 δὲ
699 1738 903 1826 εὐσχήμονος
924 1739 1078 1807 θανάτου

71 1843 148 1924 βίον
165 1852 340 1920 προκρινεῖ
351 1836 522 1925 ἀσχήμονα
542 1845 609 1905 τῶν
623 1838 853 1920 Ξενοκράτους
873 1839 1078 1916 καὶΠλάτοε-Ι

72 1950 131 2013 νος
148 1930 231 2015 ὑπὲρ
249 1932 436 2014 ἀθανασίας
456 1935 566 2021 λόγων
588 1939 830 2022 έκλαθόμενος;
851 1944 910 2005 καί
928 1965 1004 2005 τινα
1024 1938 1078 2005 καὶ
1199 1993 1203 2000 ,

72 2032 274 2113 πικρότερον
289 2037 379 2117 ἔλεγε
391 2036 570 2120 προαχθεὶς
585 2040 631 2113 είς
646 2032 725 2112 τούς
736 2049 807 2114 ταῖς
821 2034 934 2120 τύχαις
948 2039 1078 2122 ἐξυβρίτ

74 2136 196 2211 ζοντας.
219 2126 302 2197 ἀλλά
317 2136 350 2198 τί
358 2135 409 2215 δεῖ
420 2138 486 2199 νῦν
498 2134 609 2218 λέγειν
624 2136 683 2218 ἐμέ
687 2162 696 2213 3
718 2135 810 2212 τέλος
825 2130 854 2202 δ’
869 2136 952 2218 ἐμοῦ
962 2132 1001 2200 τά
1016 2135 1078 2219 μέν

73 2230 251 2312 δεομένου,
276 2224 316 2293 τά
338 2225 369 2293 δ’
392 2226 626 2314 ἀπειλοῦντος,
654 2228 787 2316 ἁπαλήν
808 2238 939 2316 μοῦσαν
962 2237 1078 2318 στερεᾷ

72 2327 314 2410 κεραννύντας,
337 2324 514 2413 Ἐπείσθην
536 2326 595 2412 όν,
617 2334 698 2414 ἐφη,
726 2328 855 2406 τούτοις
878 2326 1004 2413 Ἀρχίας
1021 2325 1077 2412 όόν,

73 2428 143 2493 ἐπεὶ
159 2426 194 2493 δὲ
209 2427 432 2514 Δημοσθένης
450 2434 530 2513 είμί,
553 2429 763 2513 συγγίνωσκέ
777 2452 848 2512 μοι,
874 2419 900 2492 ό
916 2426 1078 2511 δαιμόνιε,

72 2524 117 2610 μή
132 2524 299 2610 πεφυκότι
315 2532 406 2616 κακῷ
420 2523 588 2613 γενέσθαι.
610 2532 661 2593 48.
677 2528 751 2593 τότε
764 2524 804 2612 δή
818 2524 891 2591 τότε
907 2521 991 2606 πρὸς
1002 2531 1080 2609 βίαν

73 2621 179 2690 αὐτόν
194 2622 350 2690 ἀποσπᾶν
372 2625 589 2711 διενοούμην·
617 2622 635 2692 ό
651 2620 680 2689 δ’
699 2620 743 2701 ὡς
757 2622 898 2711 ᾔσθετο,
924 2628 1023 2709 δῆλος
1036 2617 1079 2708 ήν

73 2728 265 2807 καταγελῶν
285 2723 339 2789 καὶ
359 2720 420 2789 τδν
436 2721 770 2809 θεόνπροσβλέψας,
790 2722 920 2789 Ἔοικεν
941 2718 1078 2808 Ἀρχίας,

76 2819 182 2904 εἶπεν,
205 2818 290 2887 ὅπλα
305 2822 393 2905 μόνα
408 2823 462 2889 καὶ
477 2825 620 2909 τριήρεις
631 2824 685 2889 καὶ
700 2830 788 2907 τείχη
806 2824 860 2889 καὶ
874 2822 1079 2903 στρατόπεδα

75 2920 235 3004 δυνάμεις
247 2918 330 2988 είναι
343 2922 397 2989 καὶ
411 2925 625 3008 κρησφύγετα
639 2935 710 2999 ταῖς
721 2918 949 3002 ἀνθρωπίναις
961 2934 1081 3005 ψυχαῖς

74 3018 337 3104 ὑπολαμβάνειν,
354 3026 411 3104 τῆς
426 3018 457 3085 δ’
469 3023 546 3105 ἐμῆς
560 3026 771 3106 παρασκευῆς
786 3033 1022 3103 καταφρονεῖν,
1037 3015 1081 3104 ήν

74 3116 137 3185 οὐκ
151 3115 195 3184 ἀν
208 3122 371 3203 ἐλέγξειαν
383 3116 534 3203 Ἰλλυριοὶ
551 3121 604 3187 καὶ
618 3121 797 3208 Τριβαλλοὶ
813 3121 866 3186 καὶ
882 3119 1079 3196 Μακεδόνες
1098 3134 1149 3188 526

75 3222 281 3304 έχυροιτέραν
298 3213 319 3303 ή
336 3217 472 3296 ξύλινόν
488 3243 566 3283 ποτε
582 3234 686 3304 τεῖχος
703 3216 797 3302 ήμίν,
819 3214 932 3295 όθεός
950 3216 1081 3285 ἀνεῖλεν

75 3315 271 3403 ἀπόρθητον
289 3314 388 3382 εἶναι·
422 3312 501 3400 μεθ’
524 3308 562 3401 ής
583 3313 625 3381 ἀν
647 3324 704 3401 τῆς
720 3325 879 3397 προνοίας
897 3314 1002 3395 ἀδεῶς
1019 3316 1079 3402 μὲν

76 3415 357 3501 ἐπολιτευσάμην,
379 3412 472 3491 ἀδεὲς
487 3418 525 3481 δέ
537 3441 593 3500 μοι
610 3414 646 3481 τό
664 3412 746 3483 κατά
764 3416 977 3483 Μακεδόνων
991 3415 1080 3497 θάρ-

77 3536 150 3602 σος,
168 3525 304 3601 εμέλησε
319 3512 351 3581 δ’
368 3510 468 3582 οὐδὲν
484 3512 545 3581 οὐκ
561 3510 790 3602 Εὐκτήμονος,
810 3510 871 3580 ούκ
885 3511 1080 3597 Ἀριστογεί
