2625 4092
237 278 299 344 256
592 280 899 341 AOYKIANOY

321 449 451 510 ΔΡΟΣ.
476 438 549 508 Οόκ
570 439 662 526 οῖδα,
688 432 943 508 άΧελιδόνιον.
977 438 1061 509 άλλά
1083 443 1231 526 μηδέποτε

236 539 414 619 άπόκοιτός
425 565 491 625 μου
503 539 684 626 γενόμενος
696 536 757 621 ἀφ’
776 530 819 605 οὗ
833 542 968 624 γυναικὶ
983 537 1113 625 ὁμιλεῖν
1127 537 1233 624 ἤρξατο

236 685 278 694 -
293 647 428 724 πρῶτον
444 639 478 706 δὲ
494 636 640 724 ὡμίλησέ
651 663 708 721 μοι
721 678 759 688 -
771 645 874 721 τριῶν
887 638 1019 706 τούτων
1030 642 1103 725 ἑξῆς
1114 634 1236 725 ἡμερῶν

167 755 219 812 306
237 740 316 809 οὐδὲ
328 747 499 824 προσῆλθε
512 744 557 827 τῷ
568 744 742 825 στενωπῷ·
758 739 827 803 ἐπεὶ
840 735 874 804 δὲ
883 734 1035 823 ἠνιώμην
1048 779 1085 788 -
1099 734 1162 804 οὐκ
1175 733 1236 802 ολδα

238 843 273 906 δὲ
283 837 374 914 ὅπως
383 865 414 903 τι
424 841 554 904 ἔπαθον
565 833 617 902 ἐπ’
630 833 770 925 αῦτῷ-
779 841 909 921 ἔπεμψα
920 833 982 920 τὴν
990 839 1144 922 Νεβρίδα
1155 860 1238 917 περι·
1295 860 1296 911 ι

237 941 447 1022 σκεψομένην
462 933 565 1002 αὐτόν
576 931 597 1021 ἢ
610 938 646 1003 έν
659 933 766 1026 άγορᾷ
780 931 1025 1021 διατρίβονταῆ
1040 938 1077 1002 ἐν
1088 940 1238 1021 Ποικίλῃ·
1295 928 1296 957 ’

237 1036 257 1122 ἡ
274 1037 315 1116 Ιδέ
332 1042 578 1120 περιπατοῦντα
602 1040 665 1121 ἐφη
683 1039 801 1103 ίδοῦσα
819 1032 899 1119 μετὰ
922 1041 984 1101 τοῦ
1006 1031 1241 1115 Ἀρισταινέτου

239 1143 356 1202 νεῦσαι
373 1135 505 1219 πόρρω,
521 1137 652 1202 ἐκεῖνον
668 1133 704 1202 δέ
719 1134 967 1217 ἐρυθριάσαντα
984 1133 1074 1201 κάτω
1091 1131 1178 1217 ὁρᾶν
1194 1132 1242 1201 καὶ

239 1240 353 1320 μηκέτι
369 1247 586 1318 παρενεγκεῖν
600 1229 660 1299 τὸν
675 1229 867 1317 ὀφθαλμόν.
891 1229 949 1300 εἶτ’
966 1234 1118 1318 ἐβάδιζον
1132 1231 1201 1318 ἅμα
1215 1235 1243 1309 ἐς

237 1329 299 1417 τὴν
315 1331 430 1399 πόλιν
452 1327 472 1416 ἡ
490 1330 524 1398 δὲ
541 1329 616 1416 άχρι
629 1337 691 1398 τοῦ
706 1332 864 1398 Διπύλου
878 1329 1158 1417 ἀκολουθήσασα,
1181 1333 1246 1399 ἐπεὶ

238 1428 316 1516 μηδ’
330 1427 415 1506 όλως
428 1431 628 1516 ἐπεστράφη,
645 1433 811 1516 ἐπανῆκεν
822 1428 923 1498 οὐδέν
933 1431 1038 1516 σαφές
1052 1429 1243 1516 ἀπαγγείλαι

238 1537 366 1616 ἔχουσα.
391 1536 460 1606 πῶς
475 1555 515 1613 με
536 1538 598 1597 οίει
614 1531 743 1615 διάγειν
758 1527 794 1596 τό
810 1528 892 1616 μετὰ
908 1538 1011 1597 ταῦτα
1028 1527 1091 1596 οὐκ
1105 1535 1246 1615 ἔχουσαν

239 1627 367 1697 εἰκάσαι
385 1626 404 1692 ό
418 1654 449 1693 τι
463 1653 519 1712 μοι
533 1631 705 1695 πέπονθεν
720 1625 737 1694 ὁ
753 1637 980 1713 μειρακίσκος;
1004 1626 1086 1695 α’λλά
1109 1626 1156 1714 μὴ
1172 1628 1248 1696 ἐλύ-

238 1727 325 1813 πησέ
343 1753 374 1792 τι
393 1721 514 1810 αὐτόν,
533 1733 666 1812 έλεγον,
687 1726 707 1812 ἦ
729 1754 820 1806 τινος
840 1727 941 1814 άλλης
956 1728 1090 1814 ἠράσθη
1109 1728 1247 1814 μισήσας

239 1828 311 1915 ἐμέ;
341 1821 414 1891 ἀλλ’
439 1821 456 1889 ό
482 1822 589 1910 πατὴρ
611 1824 813 1893 διεκώλυσεν
833 1825 954 1906 αότόν;
983 1824 1089 1895 πολλὰ
1113 1834 1249 1893 τοιαῦτα

238 1929 409 2014 ἔστρεφον.
440 1921 503 2008 ἤδη
519 1925 554 1989 δέ
571 1925 646 2006 περὶ
667 1929 780 2009 δείλην
797 1921 898 2005 ὀψίαν
914 1917 995 2010 ἧκεν
1011 1921 1028 1990 ὁ
1045 1924 1198 2009 Δρόμων
1214 1921 1248 1990 τό

239 2021 447 2107 γραμμάτιον
462 2023 553 2088 τουτὶ
574 2019 657 2105 παρ’
680 2019 785 2088 αότοῦ
806 2030 958 2109 κομίζων.
991 2021 1169 2108 άνάγνωθι
1192 2031 1250 2090 λα-

239 2127 364 2206 βοῦσα,
381 2111 407 2185 τό
421 2121 634 2188 Χελιδόνιον·
659 2119 759 2189 οἶσθα
772 2122 837 2208 γάρ
853 2124 895 2207 δή
913 2147 979 2189 που
995 2122 1182 2206 γράμματα.

324 2223 353 2283 3.
369 2225 467 2285 ΧΕΛ.
486 2217 566 2302 Φέρ’
584 2223 724 2304 ίδωμεν·
746 2219 785 2287 τά
800 2221 976 2307 γράμματα
990 2219 1031 2286 οὐ
1043 2219 1136 2286 πάνυ
1148 2227 1249 2303 σαφη,

240 2313 323 2385 άλλά
340 2321 579 2402 ἐπισεσυρμένα
595 2323 762 2403 δηλοῦντα
777 2325 901 2399 ἔπειξίν
915 2347 989 2387 τινα
1003 2325 1064 2386 τοῦ
1078 2319 1251 2404 γεγραφό-

240 2441 303 2493 τος.
327 2419 414 2500 λέγει
426 2419 465 2482 δέ
476 2424 567 2501 ,πως
583 2421 644 2502 μὲν
660 2419 801 2504 ἐφίλησά
812 2439 859 2506 σε,
879 2413 906 2487 ά
921 2427 1038 2504 Δροσί,
1054 2416 1134 2496 τοῦς
1145 2416 1251 2495 θεοὺς

240 2522 398 2599 ποιοῦμαι
414 2515 617 2600 μάρτυρας.“

323 2621 454 2683 ΔΡΟΣ.
477 2623 558 2685 Atat
571 2619 692 2702 τάλαν,
710 2616 789 2687 οὐδὲ
805 2616 841 2686 τό
857 2626 983 2704 χαίρειν
1001 2621 1226 2703 προσέγραψε.

323 2724 422 2786 ΧΕΛ.
437 2720 525 2802 ,,Καλ
537 2725 603 2787 νῦν
612 2722 648 2787 δέ
659 2718 699 2786 οὐ
710 2717 794 2787 κατά
805 2734 910 2805 μῖσος,
922 2716 1006 2787 άλλά
1016 2716 1083 2786 κατ’
1096 2717 1253 2805 άνάγκην

241 2822 426 2904 άφίσταμαί
438 2840 516 2886 σου·
541 2818 558 2888 ὁ
575 2821 683 2908 πατὴρ
700 2819 765 2906 γάρ
777 2817 1006 2908 Ἀρισταινέτῳ
1020 2822 1200 2902 παρέδωκέ
1214 2845 1251 2905 με

241 2925 438 3002 φιλοσοφεῖν
452 2917 559 3007 αὐτῷ,
580 2919 733 2998 κάκείνος
747 2961 782 2969 -
797 2925 902 3004 ἔμαθε
921 2915 986 3003 γάρ
1003 2915 1044 2985 τά
1064 2919 1147 2986 καθ’
1166 2917 1253 3005 ἡμᾶς

168 3033 218 3089 307
240 3014 371 3082 άπαντα
385 3018 530 3085 -πάνυ
545 3019 651 3087 πολλά
674 3023 849 3104 ἐπετίμησέ
859 3044 914 3102 μοι
932 3015 1076 3101 άπρεπές
1095 3016 1182 3086 εἶναι
1199 3025 1252 3087 λέ

240 3142 310 3200 γων
332 3116 442 3205 ἑταίρᾳ
462 3133 611 3187 συνεῖναι
632 3118 835 3204 Ἀρχιτέλους
856 3120 910 3186 καλ
931 3116 1154 3200 Ἐρασικλείας
1174 3117 1252 3187 υίόυ

241 3213 337 3280 όντα·
361 3213 446 3281 πολῦ
461 3213 525 3301 γάρ
542 3215 680 3302 άμεινον
697 3217 781 3286 εἶναι
796 3214 858 3303 τὴν
873 3215 995 3301 άρετην
1013 3225 1183 3303 προτιμᾶν
1197 3226 1252 3303 τῆς

240 3311 395 3398 ἡδονῆς.“

325 3421 454 3481 ΔΡΟΣ.
477 3411 536 3498 Μὴ
560 3413 687 3500 ὥρασιν
701 3417 805 3482 ἵκοιτο
823 3413 838 3481 ὁ
856 3422 958 3500 λῆρος
974 3417 1101 3494 ἐκεῖνος
1113 3424 1252 3484 τοιαῦτα

241 3512 411 3578 παιδεύων
426 3510 463 3579 τό
479 3515 662 3595 μειράκιον.
