2625 4092
213 268 273 331 116
570 270 870 352 Λονεικαον

210 428 293 519 ίδάν
307 434 342 498 δὲ
356 429 460 499 αύτόν
473 426 508 499 ol
518 433 657 513 κατέδυ,
670 428 708 497 τδ
724 426 844 498 λοιπδν
859 429 1087 517 ἀνεπαυόμην.
1111 432 1222 497 ἕωθεν

152 536 156 550 “
210 528 246 595 δὲ
261 528 398 595 πάντων
412 524 656 614 ἀπεγνωκότων
672 530 727 596 καὶ
744 524 867 609 νεκρόν
883 525 1040 613 εὑρήσειν
1052 553 1094 613 με
1109 528 1223 613 οἰομέ-

163 637 197 691 58
212 652 282 693 νων
291 626 444 710 καθάπερ
454 623 533 703 τούς
542 624 664 703 ἀλλους
674 621 1222 711 προελθάνάπροσδόκητοςἀπασι

211 724 366 809 πρόσειμι
384 730 428 814 τῷ
438 720 623 811 Εὐβατίδῃ,
640 721 931 809 εὐαγγελιζόμενος
941 718 1032 811 αύτῷ
1045 722 1096 788 ὅτι
1111 730 1222 789 καθα-

211 820 275 906 ράν
287 824 342 889 καί
356 819 554 907 ἀδείμαντον
564 819 627 908 ἤδη
639 823 704 901 ἔξει
717 820 779 906 τὴν
791 826 900 909 οἰκίαν
912 825 1026 889 οἰκεῖν.
1047 822 1102 887 καὶ
1112 843 1222 901 παρα-

211 918 325 1006 λαβών
339 917 444 986 αύτόν
459 944 494 987 τε
511 921 566 987 καί
580 926 648 986 τῶν
664 917 775 987 ἀλλων
790 917 934 997 πολλοὺς
949 955 992 966 -
1007 922 1141 987 εἵποντο
1156 914 1222 1002 γάρ

210 1025 271 1085 τοῦ
287 1019 478 1101 παραδόξου
493 1019 592 1085 ἕνεκα
602 1056 645 1069 -
656 1019 811 1085 ἐκέλευον
822 1013 959 1103 ἀγαγὼν
970 1019 1021 1085 ἐπὶ
1033 1012 1094 1083 τὸν
1104 1016 1221 1098 τόπον,

212 1108 254 1185 οὖ
263 1119 509 1185 καταδεδυκότα
520 1114 579 1186 τόν
592 1123 733 1203 δαίμονα
744 1116 915 1202 ἑωράκειν,
926 1117 1086 1185 σκάπτειν
1095 1116 1221 1202 λαβόν-

211 1242 268 1294 τας
284 1216 436 1295 δικέλλας
451 1219 505 1283 καί
523 1232 682 1303 σκαφεῖα,
700 1218 754 1284 καί
771 1216 884 1303 ἐπειδὴ
900 1220 1076 1302 ἐποίησαν,
1097 1212 1221 1297 εὑρέθη

212 1313 256 1391 ὡς
271 1312 323 1381 ἐπ’
346 1312 487 1399 ὀργυιάν
504 1318 800 1401 κατορωρυγμένος
815 1343 863 1394 τις
880 1312 999 1399 νεκρὸς
1015 1317 1118 1391 ἕωλος
1133 1312 1222 1399 μόνα

211 1410 251 1477 τά
266 1409 346 1479 ὀστᾶ
362 1409 443 1478 κατά
461 1420 566 1497 σχῆμα
586 1420 811 1499 συγκείμενος.
834 1418 964 1482 ἐκεῖνον
980 1413 1041 1500 μέν
1056 1404 1121 1479 οὖν
1139 1411 1222 1478 ἐθά-

212 1522 322 1594 ψαμεν
336 1508 573 1594 ἀνορύξαντες,
588 1508 609 1597 ἡ
627 1516 715 1579 οἰκία
732 1513 768 1579 δὲ
782 1509 818 1578 τὸ
831 1509 889 1579 ἀπ’
906 1514 1038 1580 ἐκείνου
1052 1508 1221 1579 ἐπαύσατο

213 1611 434 1693 ἐνοχλουμένη
451 1605 517 1674 ύπδ
532 1613 600 1675 τῶν
616 1607 811 1692 φασμάτων.

295 1710 346 1773 32.
359 1701 414 1781 Ὡς
427 1706 576 1772 δὲταῦτα
589 1701 709 1772 εἰπενὸ
722 1701 933 1790 Ἀρίγνωτος,
949 1702 1035 1792 ἀνὴρ
1048 1704 1223 1790 δαιμόνιος

212 1800 420 1890 τὴνσοφίαν
444 1802 498 1871 καί
525 1800 649 1869 ἀπασιν
672 1805 855 1888 αἰδέσιμος,
872 1801 992 1881 ὀύδείς
1013 1796 1057 1885 ἦν
1082 1808 1131 1869 ἔτι
1154 1806 1223 1868 τῶν

212 1902 389 1985 παρόντων
405 1896 441 1979 ὃς
458 1898 531 1985 ούχί
545 1904 790 1985 κατεγίγνωσκέ
802 1928 869 1987 μου
885 1901 1014 1988 πολλὴν
1024 1900 1085 1987 τὴν
1100 1900 1220 1967 ἀνοιαν

137 2018 147 2041 ·
212 2014 278 2077 τοῖς
290 2000 453 2078 τοιούτοις
464 1996 694 2083 ἀπιστοῦντος,
707 2001 761 2067 καί
773 2007 877 2068 ταῦτα
888 1997 1091 2087 Ἀριγνώτου
1102 2000 1221 2083 λέγον-

212 2122 277 2174 τος.
299 2094 362 2181 ἐγώ
378 2098 413 2164 δέ
430 2096 518 2183 ὅμως
534 2096 635 2166 οὐδέν
648 2099 765 2181 τρέσας
780 2096 858 2165 ούτε
871 2096 933 2183 τὴν
948 2098 1055 2183 κόμην
1070 2094 1149 2164 ούτε
1160 2092 1222 2177 τὴν

213 2193 315 2274 δόξαν
328 2192 389 2279 τὴν
406 2200 480 2276 περὶ
496 2192 610 2279 αύτού,
632 2200 675 2262 Τί
687 2193 791 2277 τοῦτ’,
807 2201 904 2281 ἔφην,
922 2188 948 2262 ἀ
965 2192 1152 2280 Ἀρίγνωτε,
1167 2193 1222 2259 καὶ

211 2291 254 2360 σύ
275 2302 424 2373 τοιοῦτος
445 2288 535 2381 ἦσθα
551 2292 571 2381 ἡ
590 2294 678 2379 μόνη
700 2297 789 2371 έλπίς
806 2300 863 2379 της
884 2291 1062 2379 ἀληθείας,
1088 2297 1221 2358 καπνοῦ

211 2390 328 2477 μεστὸς
345 2394 399 2462 καί
414 2395 641 2479 ι’νδαλμάτων;
664 2391 700 2460 τὸ
717 2400 803 2479 γοῦν
819 2400 879 2460 τοῦ
896 2393 1001 2478 λόγον
1015 2394 1141 2474 έκεῖνο,
1159 2386 1221 2455 ἀν-

209 2501 335 2576 θρακες
355 2490 435 2580 ἡμῖν
457 2492 473 2558 ὁ
499 2490 673 2579 θησαυρός
693 2493 854 2578 πέφηνας.
891 2488 945 2559 Σύ
969 2494 1021 2575 δέ,
1047 2483 1069 2576 ἦ
1091 2486 1122 2556 δ’
1145 2483 1220 2567 δςὸ

207 2589 418 2677 Ἀρίγνωτος,
443 2599 473 2659 εἰ
488 2592 567 2679 μήτε
583 2593 654 2678 ἐμοὶ
671 2592 837 2671 πιστεύεις
853 2594 983 2676 λέγοντι
1000 2591 1082 2677 μήτε
1097 2600 1221 2659 Δεινο-

210 2690 302 2777 μάχρι
323 2685 344 2777 ἢ
366 2692 548 2781 Κλεοδήμῳ
569 2694 693 2758 τουτωῒ
712 2690 794 2778 μήτε
815 2688 907 2781 αύτῷ
928 2687 1112 2773 Εὐκράτει,
1140 2692 1222 2774 φέρε

46 2839 49 2845 .
165 2800 197 2854 59
213 2789 281 2856 εἰπέ
295 2794 368 2856 τίνα
384 2792 537 2873 περὶτῶν
553 2786 717 2857 τοιούτων
732 2790 1001 2875 ἀξιοπιστότερον
1015 2786 1081 2875 ἡγη
1095 2784 1221 2854 τάναν-

210 2894 263 2954 τία
279 2883 359 2972 ἡμῖν
374 2891 530 2972 λέγοντας
553 2886 607 2974 Νὴ
624 2886 701 2972 Δί’,
717 2883 761 2975 ἦν
777 2887 808 2956 δ’
818 2888 905 2974 λέγω,
920 2890 1009 2976 μάλα
1019 2885 1217 2973 θαυμαστόν

211 2984 318 3068 ἀνδρα
341 2984 400 3053 τὸν
419 2985 623 3073 Ἀβδηρόθεν
644 2992 774 3056 ἐκεῖνον
795 2989 1026 3076 Δημόκριτον,
1053 2984 1090 3066 ὃς
1114 2986 1221 3064 οὕτως

210 3082 275 3165 ἀρα
298 3086 468 3151 ἐπέπειστο
485 3085 589 3171 μηδὲν
612 3082 686 3154 οἷόν
707 3112 742 3154 τε
765 3086 848 3154 εἰναι
869 3096 1033 3172 συστῆναι
1053 3093 1220 3170 τοιοῦτον,

211 3180 311 3265 ὥστε,
329 3180 439 3269 ἐπειδὴ
458 3188 635 3269 καθείρξας
650 3184 771 3255 ἑαυτὸν
785 3189 817 3265 ές
832 3194 945 3273 μνῆμα
960 3191 1022 3265 ἔξω
1034 3192 1152 3253 πυλῶν
1165 3187 1220 3252 έν-

209 3287 319 3347 ταῦθα
342 3285 478 3351 διετέλει
498 3285 641 3372 γράφων
658 3287 712 3353 καί
733 3286 927 3353 συντάττων
941 3286 996 3352 καί
1015 3283 1150 3368 νύκτωρ
1166 3287 1220 3352 καὶ

209 3378 287 3465 μεθ’
299 3378 437 3467 ἡμέραν,
451 3391 511 3451 καί
517 3410 605 3463 τινες
616 3393 685 3452 τοῖν
696 3390 883 3452 νεανίσκων
894 3387 1082 3470 ἐρεσχηλεῖν
1093 3383 1219 3470 βουλό-

209 3504 304 3561 μενοι
322 3479 425 3549 αύτδυ
439 3485 493 3551 καί
506 3488 686 3565 δειματοῦν
700 3482 907 3568 στειλάμενοι
925 3490 1085 3568 νεκρικῶς
1102 3486 1217 3569 ε’σδῆτι
