2625 4092
240 258 304 323 314
600 258 903 318 AOTKIANOY

240 435 308 500 τοῖς
322 420 357 488 δὲ
371 418 483 498 ἀλλοις
498 415 580 486 ὀστᾶ
596 421 713 503 φέρειν
727 421 1007 505 ἐγκεκαλυμμένα.
1031 435 1202 499 προειπεῖν
1214 423 1241 486 δὲ

240 523 294 587 καὶ
311 534 379 598 τοῖς
393 517 557 603 οἰνοχόοις
571 514 615 602 μη
629 520 837 602 περιμένειν,
855 514 922 584 ἐστ’
938 513 982 583 ἀν
993 518 1127 595 ἑπτάκις
1138 517 1243 604 αίτήση

240 632 329 685 πιεῖν
348 614 444 703 ἡμῶν
468 619 621 699 ἕκαστος,
654 612 738 682 ἀλλά
763 611 806 700 ἢν
827 613 914 695 ἀπαξ
944 617 1103 704 κελεύσῃ,
1137 614 1243 684 αὐτίκα

241 716 348 801 έγχέαι
373 718 427 782 καὶ
454 712 640 781 ἀναδοῦναι
663 713 813 800 μεγάλην
834 713 953 781 κύλικα
981 717 1245 800 ἐμπλησαμένοος

241 813 353 896 ῶσπερ
373 820 419 903 τῶ
439 813 600 900 δεσπότη·
632 817 689 880 καὶ
708 810 769 879 τόν
791 811 885 880 οἶνον
905 815 941 879 δὲ
963 809 1069 880 αὐτόν
1085 819 1247 888 πᾶσιτοῖς

240 913 427 999 συμπόταις
437 914 496 979 ἕνα
508 915 564 979 καὶ
573 909 633 980 τόν
644 909 749 979 αύτόν
761 910 855 979 εἶναι.
871 909 892 998 ἢ
905 920 973 979 πού
983 909 1048 997 γάρ
1058 914 1247 998 γεγράφθαι

240 1019 362 1080 τούτον
384 1009 444 1078 τόν
467 1010 591 1096 νόμον,
622 1010 682 1078 τὸν
706 1010 768 1096 μὲν
794 1008 985 1097 ἀνθοσμίου
1008 1013 1248 1098 μεθύσκεσθαι,

241 1111 312 1197 ἐμοὶ
331 1110 367 1179 δὲ
384 1108 449 1177 ύπό
470 1118 531 1178 τού
546 1109 711 1197 γλεύκους
730 1110 999 1196 διαρρήγνυσθαι
1018 1108 1080 1196 τὴν
1093 1112 1248 1196 γαστέρα;

240 1216 290 1277 23.
306 1205 350 1295 ἢν
361 1216 464 1276 ταῦτα
480 1207 722 1295 ἐπανορθῶσης
735 1209 789 1276 καλ
805 1208 1073 1297 μετακοσμήσης,
1090 1201 1248 1292 ῶΚρόνε,

240 1316 317 1397 βίον
331 1309 393 1395 μὲν
409 1305 470 1375 τόν
483 1317 576 1394 βίον,
589 1305 708 1396 ἑορτὴν
723 1309 760 1376 δέ
772 1307 835 1395 τὴν
849 1307 968 1395 ἑορτὴν
983 1315 1041 1397 έση
1052 1306 1249 1393 πεποιηκός.

241 1413 271 1476 εί
290 1408 325 1474 δὲ
348 1405 394 1492 μή
401 1457 409 1489 ,
433 1407 553 1474 ἐκεῖνοι
570 1409 633 1492 μὲν
652 1408 894 1493 ἑορταζόντων,
915 1405 1008 1493 ἡμεῖς
1024 1407 1061 1474 δέ
1080 1405 1249 1473 καθεδού-

241 1517 331 1594 μεθα
347 1504 538 1592 εύγόμενοι,
560 1508 696 1575 ἐπειδάν
710 1509 912 1594 λουσάμενοι
931 1507 1053 1594 ἥκωσι,
1076 1504 1140 1573 τόν
1154 1509 1250 1572 παῖδα

241 1611 303 1693 μὲν
318 1601 431 1682 αὐτοῖς
447 1602 490 1672 ἀν
513 1608 680 1688 τρέψαντα
695 1605 756 1673 τόν
773 1604 925 1692 ἀμφορέα
942 1608 1096 1688 κατᾶξαι,
1113 1603 1177 1670 τόν
1193 1604 1251 1689 μα’·

240 1730 356 1792 γειρον
372 1704 408 1771 δὲ
423 1632 610 1790 τόνιόωμόν
624 1711 786 1771 κνισῶσαι
802 1705 856 1772 καὶ
871 1702 1120 1787 ἐπιλαθόμενον
1141 1700 1180 1769 τό
1197 1699 1251 1766 τά·

242 1829 333 1888 ριχος
344 1802 407 1888 μέν
419 1806 451 1882 ἐς
461 1801 523 1888 τὴν
535 1810 649 1889 φακῆν
659 1805 815 1889 ἐμβαλεῖν
826 1809 905 1888 [τῶν
915 1802 1078 1887 ίχθύων]·
1093 1798 1158 1886 τὴν
1169 1815 1251 1866 κύνα

170 1921 221 1976 406
242 1902 278 1969 δὲ
290 1909 580 1984 παρεισπεσούσαν
589 1901 649 1968 τόν
658 1927 693 1968 τε
704 1899 850 1969 ἀλλᾶντα
860 1899 940 1968 ὅλον
949 1914 1170 1985 καταφαγεῖν,
1183 1899 1252 1978 περὶ

240 1991 343 2066 τάλλα
360 2004 428 2064 τῶν
449 1997 621 2078 ὀψοποιῶν
645 1999 806 2084 ἐχόντων,
831 2001 886 2067 καλ
905 2006 966 2066 τοῦ
986 2005 1204 2074 πλακοῦντος
1219 1994 1251 2063 τό

239 2095 361 2182 ἥμισυ·
384 2093 443 2162 τόν
455 2097 491 2164 δὲ
502 2089 546 2164 όν
558 2100 612 2165 καὶ
626 2095 686 2164 τόν
700 2102 827 2182 έλαφον
838 2100 894 2165 καὶ
903 2095 943 2164 τά
956 2098 1122 2181 δελφάκια
1135 2097 1253 2180 μεταξύ

240 2193 416 2280 ὀπτώμενα
424 2193 461 2262 τό
473 2193 591 2281 όμοιον
601 2211 720 2279 ποιεῖν,
732 2194 814 2279 ὅπερ
822 2195 966 2283 Ὅμηρος
976 2198 1050 2280 περὶ
1061 2193 1253 2263 τῶνἩλιόν

239 2302 332 2381 βοῶν
346 2314 444 2380 φησι’
467 2286 644 2381 μᾶλλονδὲ
659 2294 703 2382 μὴ
719 2297 834 2378 ἕρπειν
849 2296 971 2377 μόνον,
989 2292 1063 2362 ἀλλ’
1077 2293 1252 2380 ἀναπηδή-

240 2413 345 2460 σαντα
361 2394 499 2478 φεύγειν
512 2400 557 2472 είς
571 2393 608 2462 τό
621 2393 700 2477 ὅρος
714 2392 827 2471 αύτοῖς
842 2392 984 2482 ὀβελοῖς·
1006 2395 1062 2462 καὶ
1073 2392 1136 2472 κάς
1147 2392 1253 2480 ὄρνεις

241 2493 276 2561 δέ
284 2489 344 2570 τάς
353 2501 496 2578 παχείας,
508 2502 615 2562 καίτοι
625 2491 790 2577 ἀπτέρους
799 2493 862 2579 ἤδη
875 2492 977 2572 ούσας
985 2495 1040 2561 καὶ
1050 2495 1248 2579 ἐσκευασμέ»

239 2618 310 2675 νας,
326 2589 559 2678 ἀναπταμένας
570 2602 721 2678 οἴχεσθαι
733 2595 788 2660 καί
799 2593 931 2675 ταύτας,
945 2589 989 2670 ῶς
999 2589 1044 2678 μη
1055 2593 1160 2676 μόνοι
1172 2592 1253 2660 ἀπο-

240 2690 378 2759 λαύοιεν
393 2687 515 2758 αὐτῶν.
537 2696 589 2760 24.
606 2689 626 2758 ὀ
643 2693 680 2759 δέ
695 2689 736 2777 δὴ
749 2693 892 2777 μάλιστα
903 2687 947 2758 ἀν
954 2688 1082 2778 αύτούς
1092 2689 1253 2773 ἀνιάσειε,

239 2788 276 2858 τό
289 2792 351 2877 μὲν
361 2797 501 2877 χρυσίον
512 2792 690 2878 μύρμηκάς
700 2817 793 2869 τινας
803 2794 896 2869 οἴους
907 2787 985 2869 τούς
998 2788 1164 2869 Ἰνδικοὺς
1175 2789 1253 2858 ἀνο-

240 2891 421 2974 ρύττοντας
436 2891 473 2957 ἐκ
487 2897 555 2956 τῶν
571 2897 759 2976 θησαυρῶν
775 2893 930 2975 ἐκφέρειν
941 2888 1075 2973 νύκτωρ
1091 2891 1128 2967 ἐς
1142 2887 1181 2957 τό
1198 2894 1254 2975 δη-

239 2989 375 3075 μόσιον·
398 2986 458 3074 τὴν
474 2991 598 3074 ἐσθῆτα
614 2990 650 3055 δέ
665 2986 824 3078 ὀλιγωρίᾳ
840 2994 908 3055 τῶν
918 2991 1129 3073 ἐπιμελητῶν
1141 3011 1254 3056 κοσκι-

238 3084 345 3171 νηδόν
361 3089 644 3173 διατετρυπησθαι
656 3084 722 3154 ύπό
735 3096 803 3155 τῶν
814 3094 995 3175 βελτίστων
1005 3095 1121 3173 μυῶν,
1137 3085 1185 3166 ῶς
1196 3111 1250 3154 σα·

236 3186 342 3273 γήνης
357 3193 582 3272 θνννευτικῆς
598 3187 703 3273 μηδὲν
726 3191 916 3273 διαφέρειν·
946 3191 1067 3264 παῖδας
1082 3185 1121 3255 δέ
1142 3185 1254 3254 αὐτῶν

237 3282 317 3360 τούς
333 3281 477 3366 ὡραίους
490 3288 545 3352 καὶ
559 3288 720 3374 κομήτας,
738 3284 797 3367 οὓς
806 3285 1004 3364 Ὑακίνθους
1017 3281 1039 3372 ἢ
1052 3283 1224 3370 Ἀχιλλέας
1235 3313 1252 3368 η

237 3389 452 3465 Ναρκίσσους
469 3380 687 3470 ὀνομάζουσι,
702 3385 825 3471 μεταξύ
839 3382 1020 3469 ὀρέγοντας
1031 3392 1129 3468 σφίσι
1144 3384 1184 3452 τό
1201 3393 1252 3452 έκ-

237 3505 336 3567 πωμα
361 3479 557 3565 φαλακρούς
571 3490 727 3569 γίνεσθαι
744 3481 977 3569 ἀπορρεούσης
996 3492 1055 3571 της
1071 3485 1182 3572 κόμης
1202 3485 1252 3552 καὶ
