2625 4092
202 285 264 347 2³0
557 285 869 348 AOYKIANOY'

200 473 284 529 τους
307 453 358 518 38.
374 452 410 516 οί
423 448 588 534 βάρβαροι
606 455 914 529 προσκυνείτωσαν·
937 447 1033 535 ὑμῶν
1047 451 1131 516 κατὰ
1148 447 1210 516 τόν

197 544 363 632 Ἑλλήνων
377 545 484 632 νόμον
505 544 594 634 ἄρξω
610 542 661 632 ,εἷς
680 547 859 633 στρατηγός
876 546 1126 633 ὀνομαζόμενος.
1158 549 1210 615 ἐπὶ

201 643 331 721 τούτοις
353 643 418 725 ἄρα
442 646 585 712 ἐννοεῖτε
608 643 689 722 ὅσας
712 647 774 730 μὲν
796 645 909 721 πόλεις
934 644 1131 729 ἐπωνύμους
1155 644 1209 712 ἐπ’

201 748 347 829 ἐμαυτοῦ
365 747 473 815 οίκιω,
496 740 578 821 ὅσας
593 745 630 808 δὲ
647 744 700 809 καὶ
714 743 911 827 καθαιρήσω
926 740 1009 810 ἑλὺν
1024 741 1106 810 κατά
1123 743 1210 826 κρά-

201 866 273 924 τος,
290 847 328 908 αἳ
338 835 382 906 άν
395 838 561 925 ὑβρίσωσί
571 866 602 907 τι
616 843 650 918 ἐς
665 837 727 923 τὴν
741 836 853 924 ἀρχήν.
880 837 1040 906 ἁπάντων
1056 842 1091 906 δὲ
1110 838 1210 924 μάλι-

203 960 262 1004 στα
278 942 407 1005 Κυδίαν
422 935 483 1004 τόν
499 937 663 1005 πλούσιον
683 937 936 1022 μετελεύσομαι,
959 935 995 1015 ὅς
1016 934 1138 1022 ὅμορος
1161 942 1209 1005 ἔτι

203 1035 251 1102 ὥν
259 1061 316 1120 μοι
327 1037 443 1114 ἐξέωσε
453 1042 514 1102 τοῦ
524 1033 632 1119 άμρού
640 1039 822 1121 ἐπιβαίνων
832 1030 903 1102 κατ’
915 1031 1029 1120 ὀλίγον
1038 1037 1070 1112 ές
1080 1032 1117 1100 τὸ
1128 1043 1209 1102 είσω

200 1141 267 1200 των
279 1131 378 1216 ὅρων.

284 1239 335 1300 39.
352 1240 451 1301 ΛΤΚ.
465 1237 625 1301 Πέπαυσο
638 1232 718 1318 ἤδη,
736 1225 762 1299 ὑ
774 1232 946 1316 Σάμιππε·
969 1229 1082 1313 καιρὸς
1093 1226 1160 1314 γάρ
1173 1232 1209 1296 σὲ

199 1329 263 1416 ἤδη
275 1330 336 1415 μὲν
345 1330 542 1416 νενικηκότα
554 1330 755 1415 τηλικαύτην
766 1329 874 1414 μάχην
884 1331 921 1396 ἐν
931 1334 1108 1413 Βαβυλῶνι
1121 1325 1208 1393 εὑω·

199 1438 330 1515 χεῖσθαι
345 1427 385 1497 τά
396 1432 540 1498 ἐπινίκια
551 1471 593 1481 -
604 1432 775 1507 ἐκστάδιος
789 1429 853 1514 γάρ
867 1425 961 1514 οἶμαί
973 1427 1056 1513 σοιῆ
1071 1425 1154 1512 ἀρχή
1167 1469 1209 1480 -

204 1527 370 1610 Τιμόλαον
386 1528 422 1594 δὲ
439 1529 477 1594 ἐν
490 1536 538 1616 τῷ
553 1530 644 1613 μέρει
663 1525 821 1613 εύχεσθαι
839 1525 920 1606 ὅπερ
933 1521 977 1592 άν
993 1529 1101 1613 ἐθέλη.

285 1630 396 1690 ΣΑΜ.
417 1632 459 1692 Τί
467 1622 499 1691 δ’
513 1619 594 1702 οὑν,
611 1619 792 1706 εὸΛνκῑνες
816 1620 869 1692 οἷά
880 1646 933 1691 σοι
944 1622 1087 1712 ᾐτῆσθαι
1098 1629 1207 1701 δοκοῖς

286 1729 383 1788 ΛΤΚ.
405 1722 503 1806 Παρά
521 1724 618 1810 πολύ,
635 1716 929 1810 ὦθαυμασιιότατε
943 1725 1117 1809 βασιλέων,
1134 1725 1209 1788 ἐπι-

132 1840 183 1895 274
203 1819 376 1900 πονοότερα
386 1821 442 1888 καί
449 1822 619 1908 βιαιότερα
630 1829 698 1889 τῶν
711 1820 933 1907 Ἀδειμάντου,
945 1819 1019 1903 παρ’
1030 1819 1112 1887 ὅσον
1121 1821 1209 1886 ἐκεῖ·

199 1943 258 1995 νος
268 1917 330 2002 μὲν
342 1918 469 2006 ἐτρύφα
480 1921 657 1987 διτάλαντα
668 1920 791 2006 χρύσεα
802 1918 978 2004 ἐκπώματα
990 1919 1210 2004 προτεινόμε-

201 2043 258 2093 νος
268 2029 335 2093 τοίς
345 2017 547 2102 συμπόταις,
563 2015 605 2085 σύ
617 2019 654 2084 δέ
666 2019 720 2086 καὶ
732 2016 932 2098 ἐτιτρώσκου
943 2022 1141 2102 μονομαχῶν
1153 2018 1210 2083 καὶ

201 2116 335 2191 ἐδεδίεις
346 2115 402 2182 καλ
418 2115 605 2198 ἐφρόντιζες
619 2117 752 2198 νύκτωρ
764 2117 818 2182 καὶ
832 2113 912 2200 μεθ’
928 2113 1070 2200 ἡμέραν·
1090 2110 1133 2182 ού
1144 2115 1210 2198 μό-

202 2236 263 2278 νον
274 2210 337 2296 γάρ
349 2234 402 2278 σοι
418 2214 457 2280 τὰ
467 2211 558 2295 παρὰ
574 2221 642 2280 τῶν
657 2219 824 2299 πολεμίων
839 2211 967 2300 φοβερά
978 2205 1038 2298 ἦν,
1054 2208 1138 2278 ἀλλὰ
1153 2215 1208 2278 καί

162 2323 181 2350 ’
201 2313 372 2397 ἐπιβουλαὶ
383 2320 498 2398 μυρίαι
509 2317 564 2382 καὶ
576 2316 708 2399 φθόνος
719 2311 807 2395 παρὰ
819 2320 887 2379 τῶν
900 2313 1075 2379 συνόντων
1085 2311 1141 2378 καὶ
1153 2325 1210 2394 μῖ-

201 2430 258 2486 σος
273 2411 327 2476 καὶ
341 2418 512 2496 κολακεία,
529 2420 625 2497 φίλος
640 2411 677 2479 δέ
691 2408 800 2488 οὐδεὶς
814 2407 958 2496 ἀληθής,
975 2407 1154 2492 ἀλλὰπρὸς
1172 2409 1209 2476 τό

200 2513 273 2588 δέος
287 2506 466 2596 άπαντεςῆ
487 2509 570 2600 πρός
591 2511 652 2595 τὴν
667 2512 782 2578 ἐλπίδα
804 2502 897 2576 εὑνοι
914 2514 1091 2588 δοκοῦντες
1110 2507 1208 2577 εἶναι.

199 2606 383 2686 ἀπόλαυσις
394 2613 504 2696 μένγε
516 2607 593 2678 οὑδέ
608 2609 693 2694 ὄναρ
705 2616 771 2674 τῶν
786 2605 910 2694 ἡδέων,
930 2605 1012 2676 ἄλλά
1028 2611 1107 2688 δόξα
1118 2609 1210 2694 μόνη

199 2709 255 2776 καί
275 2711 441 2793 πορφυρίς
461 2715 573 2797 χρυσῷ
592 2716 724 2792 ποικίλη
742 2709 797 2774 καὶ
817 2715 926 2776 ταινία
948 2707 1048 2794 λευκὴ
1068 2711 1143 2792 περὶ
1162 2715 1209 2797 τῷ

200 2807 338 2895 μετύπφ
359 2809 413 2874 καί
430 2806 617 2892 δορυφόροι
639 2806 829 2889 προϊόντες,
854 2803 894 2873 τά
913 2805 943 2874 δ’
962 2807 1044 2874 άλλα
1063 2807 1212 2892 κάματος

200 2904 367 2991 ἀφόρητος
385 2907 440 2974 καί
460 2906 559 2992 άηδία
580 2907 686 2992 πολλή
693 2957 702 2990 ,
731 2908 783 2974 καὶ
807 2902 828 2992 ἢ
847 2912 1054 2993 χρηματίζειν
1070 2912 1123 2973 δεί
1139 2921 1211 2984 τοῖς

200 3029 288 3088 παρα
304 3012 372 3070 των
388 3013 556 3090 πολεμίων
575 3005 719 3093 ἥκουσιν
736 3002 757 3091 ἦ
780 3007 926 3087 δικάζειν
945 3002 967 3092 ἦ
982 3009 1211 3090 καταπέμπειν

199 3117 268 3180 τοῖς
281 3101 442 3188 ὑπηκόοις
458 3107 675 3192 ἐπιτάγματα,
690 3108 743 3174 καὶ
761 3105 833 3191 ἤτοι
848 3104 1015 3191 ἀφέστηκέ
1023 3132 1053 3171 τι
1069 3110 1172 3181 ἐθνος
1189 3101 1211 3189 ἢ
1310 3121 1311 3195 η

200 3202 424 3272 ἐπελαύνουσί
437 3230 524 3284 τινες
541 3213 609 3272 τοῖν
626 3209 686 3286 ἔξω
702 3213 758 3291 τῆς
776 3202 885 3291 ἀρχῆς.
915 3207 1059 3272 δεδιέναι
1076 3196 1139 3269 οὑν
1159 3207 1212 3270 δεῖ

199 3302 308 3369 πάντα
323 3304 378 3370 καὶ
399 3300 611 3392 ὑφορᾶσθαι,
632 3308 687 3372 καὶ
701 3303 787 3383 ὅλως
802 3303 868 3372 ὑπό
886 3305 1023 3372 πάντων
1041 3310 1173 3388 μᾶλλον
1188 3299 1210 3388 ἢ
1307 3287 1310 3489 ι

200 3399 265 3468 ὑπο
283 3409 426 3469 σεαυτοῦ
444 3398 741 3486 εύδαιμονιζεσθαι.
768 3408 821 3472 40.
837 3405 892 3471 καὶ
906 3401 970 3489 γάρ
982 3395 1046 3469 οὑν
1058 3403 1112 3470 καὶ
1129 3403 1210 3469 τόδε

200 3507 269 3578 πῶς
286 3497 327 3567 ού
342 3499 517 3585 ταπεινόν,
540 3498 591 3567 ὅτι
611 3502 666 3568 καὶ
682 3516 791 3582 νοσεῖς
807 3502 847 3568 τὰ
864 3499 963 3584 ὅμοια
979 3514 1046 3580 τοῖς
1061 3500 1211 3580 ίδιύταις
