2625 4092
357 293 399 348 Μ
405 292 526 348 mx
547 290 827 348 ΕΓΚΩΜΙΟΝ.
1034 283 1093 349 137

87 446 265 529 ἀσπάζεται
285 446 347 536 τὴν
367 463 486 535 μυῖαν,
513 447 597 515 ὥστε
621 445 682 533 οὐχ
705 446 792 528 ἀπαξ
815 447 890 516 οὐδ’
914 453 950 515 ἐν
970 447 1095 532 ὀλίγοις

86 549 247 633 μέμνηται
258 545 369 634 αὐτῆς,
380 545 465 615 ἀλλά
476 546 650 624 πολλάκις·
666 545 755 612 οὕτω
766 546 929 632 κοσμεῖτά
940 553 1001 632 ἐπη
1010 573 1093 632 μνη-

86 649 306 732 μονευομένη.
329 645 404 732 ἀρτι
419 647 482 732 μὲν
494 643 556 732 τὴν
570 643 728 730 ἀγελαίαν
742 652 862 730 πτησιν
876 643 977 730 αὐτῆς
990 647 1042 713 ἐπὶ
1053 642 1091 712 τὸ

86 745 174 830 γάλα
189 748 366 831 διέρχεται,
382 743 456 828 άρτι
473 743 508 811 δέ
523 742 585 829 τὴν
602 742 765 828 Ἀθηνᾶν,
788 741 888 811 ὁπότε
903 751 964 809 τοῦ
978 744 1093 811 Μενέ-

88 851 153 910 λεω
167 842 204 910 τὸ
219 848 314 931 βέλος
329 843 567 925 ἀποκρούεται,
585 840 629 918 ὡς
643 840 688 927 μη
699 844 751 910 ἐπὶ
766 839 807 908 τά
824 840 1022 925 καιριώτατα
1034 844 1093 928 έμ-

86 944 199 1027 πέσοι,
227 944 366 1024 εἰκάζων
388 945 485 1027 μητρὶ
501 944 669 1027 κηδομένῃ
690 942 900 1025 κοιμωμένου
925 936 1009 1028 αὐτῇ
1031 947 1092 1006 τοῦ

88 1041 250 1126 θρέφους,
273 1040 336 1126 τὴν
355 1055 458 1127 μυῖαν
472 1032 574 1117 αὖθις
594 1039 759 1124 ἐπεισάγει
779 1047 826 1128 τῷ
843 1044 1090 1124 παραδείγματι.

85 1137 222 1225 καὶμὴν
232 1141 286 1206 καὶ
296 1142 437 1229 ἐπιθέτῳ
449 1143 610 1227 καλλίστῳ
620 1136 723 1215 αάτάς
735 1138 918 1223 ἐκόσμησεν
929 1135 1091 1222 ,,ἀδινάς“

85 1236 280 1321 προσειπών
291 1239 345 1306 καί
356 1236 417 1322 τὴν
429 1235 551 1323 ἀγέλην
562 1235 674 1302 αὐτῶν
686 1242 817 1321 ,,ἐθνη“
826 1243 946 1303 καλων.
962 1241 991 1302 6.
1003 1232 1091 1302 οὕτω

85 1335 123 1402 δέ
137 1335 256 1420 ἰσχυρά
271 1337 378 1418 ἐστιν,
395 1332 480 1402 ὥσθ’
500 1332 627 1400 ὁπόταν
641 1359 673 1401 τι
691 1333 814 1420 δάκνῃ,
838 1333 1010 1415 τιτρώσκει
1028 1328 1090 1398 οὐκ
1105 1351 1139 1406 96

84 1432 275 1516 ἀνθρώπου
295 1436 398 1519 δέρμα
413 1433 537 1518 μόνον,
560 1429 642 1499 ἀλλά
659 1433 712 1498 καὶ
726 1429 806 1518 βοός
823 1433 876 1498 καὶ
892 1433 1013 1514 ἵππου,
1037 1431 1092 1498 καὶ

83 1532 250 1615 ἐλέφαντα
264 1538 365 1599 λυπεῖ
379 1534 411 1609 ές
424 1530 483 1609 τὰς
492 1533 627 1619 ῥυτίδας
641 1526 747 1596 αὐτοῦ
758 1531 1025 1614 παρεισδυομένη
1037 1531 1092 1596 καὶ

82 1635 124 1715 τῇ
149 1625 250 1712 αὑτῆς
269 1637 456 1716 προνομαίᾳ
480 1627 563 1696 κατά
589 1630 692 1713 λόγον
716 1634 777 1694 τοῦ
791 1631 956 1712 μεγέθους
982 1625 1092 1712 ἀμύσ-

83 1748 202 1794 σουσα.
231 1730 347 1812 μίξεως
362 1726 398 1793 δέ
412 1729 465 1793 καὶ
483 1724 690 1812 ἀφροδισίων
704 1728 758 1792 καί
772 1726 890 1811 γάμων
906 1723 1010 1810 πολλὴ
1028 1721 1090 1790 αά-

81 1839 156 1902 ταῖς
169 1821 190 1909 ἡ
205 1827 396 1909 ἐλευθερία,
411 1825 464 1891 καὶ
479 1821 618 1908 ὁάρρην
629 1819 672 1890 οὐ
683 1823 765 1890 κατὰ
779 1821 858 1901 τοὺς
869 1821 1092 1905 ἀλεκτρυόνας

82 1920 201 2009 ἐπιβάς
216 1919 321 2000 εὐθὺς
337 1921 564 2008 ἀπεπήδησεν,
579 1920 652 1988 ἀλλ’
670 1924 832 2007 ἐποχεῖται
847 1929 886 2009 τῇ
902 1927 1022 2006 θηλείᾳ
1039 1922 1090 1987 ἐπὶ

81 2019 191 2104 πολύ,
208 2017 344 2105 κάκείνη
359 2023 453 2104 φέρει
470 2018 531 2086 τόν
543 2025 710 2103 νυμφίον,
725 2021 779 2086 καὶ
795 2023 1015 2105 συμπέτονται
1030 2017 1090 2105 τὴν

81 2121 236 2199 ἐναέριον
248 2121 378 2203 ἐκείνην
389 2121 478 2201 μῖξιν
488 2125 528 2205 τη
537 2117 652 2202 πτήσει
665 2115 708 2203 μὴ
720 2122 985 2203 διαφθείρουσαι.
1005 2115 1090 2185 ἀπο-

81 2228 247 2303 τμηθεῖσα
263 2215 298 2283 δέ
312 2214 373 2301 τὴν
387 2212 538 2300 κεφαλὴν
551 2231 630 2301 μυῖα
645 2218 698 2284 ἐπὶ
709 2213 796 2285 πολέ
815 2221 850 2304 ζῇ
862 2223 907 2305 τῷ
921 2215 1010 2305 ἀλλςο
1022 2216 1090 2283 σοι’-

80 2344 162 2404 ματι
177 2319 231 2384 καὶ
241 2323 387 2400 ἔμπνους
399 2316 496 2381 ἐστίν.
521 2318 549 2382 7.
566 2313 585 2382 ό
599 2318 634 2383 δὲ
649 2318 805 2403 μέγιστον
817 2319 853 2383 έν
864 2324 903 2402 τῇ
915 2317 1014 2400 φύσει
1026 2313 1090 2382 αὖ·

83 2423 153 2482 τῶν
169 2413 326 2498 ὑπάρχει,
342 2419 439 2478 τοῦτο
456 2411 495 2498 δη
508 2409 674 2500 βούλομαι
688 2421 801 2482 εἰπεῖν.
824 2422 882 2480 καί
896 2441 952 2499 μοι
967 2419 1061 2480 δοκεῖ
1069 2410 1087 2478 ὁ

82 2511 228 2581 Πλάτων
238 2510 346 2595 μόνον
360 2505 441 2574 αὐτὸ
456 2512 608 2591 παριδεῖν
622 2514 659 2578 ἐν
671 2519 716 2598 τῷ
731 2513 806 2594 περὶ
819 2518 924 2595 ψυχῆς
935 2512 988 2576 καὶ
1000 2507 1090 2575 ἀθα-

83 2617 202 2686 νασίας
218 2605 319 2692 αὐτῆς
339 2605 436 2694 λόγῳ.
466 2603 687 2674 ἀποθανοῦσα
704 2606 769 2692 γάρ
786 2621 866 2692 μυῖα
881 2606 1003 2692 τέφρας
1018 2608 1090 2672 ἐπι-

80 2715 243 2797 χυθείσης
263 2704 432 2772 ἀνίσταται
451 2706 506 2772 καὶ
523 2712 756 2790 παλιγγενεσία
770 2733 819 2783 τις
839 2703 922 2792 αὕτη
943 2708 998 2772 καί
1018 2711 1090 2791 βίος

81 2807 185 2883 ἀλλος
197 2809 229 2885 ἐξ
242 2800 391 2889 ὑπαρχῆς
400 2809 541 2888 γίνεται,
554 2801 598 2882 ὠς
608 2802 752 2891 ἀκριβεῖς
764 2813 940 2871 πεπεῖσθαι
953 2803 1088 2886 πάντας,

81 2904 136 2972 ὅτι
159 2901 324 2970 κάκείνων
344 2899 514 2979 ἀθάνατός
536 2899 662 2986 ἐστινὴ
683 2902 787 2988 ψυχή,
809 2911 843 2969 εί
858 2927 896 2986 γε
916 2903 970 2969 καὶ
987 2899 1090 2969 ἀπελ-

79 3010 195 3072 θοῦσα
210 3006 420 3086 ἐπανέρχεται
431 2999 534 3067 πάλιν
547 3003 601 3068 καί
615 3007 767 3085 γνωρίζει
781 3001 834 3068 καὶ
847 3003 1037 3086 ἐπανίστησι
1050 2997 1088 3066 τό

79 3107 177 3185 σῶμα
192 3103 247 3166 καί
261 3103 420 3166 πέτεσθαι
434 3097 496 3185 τὴν
511 3112 613 3184 μυῖαν
627 3113 730 3182 ποιεῖ,
746 3100 801 3166 καὶ
815 3099 1014 3184 ἐπαληθεύει
1026 3095 1089 3163 τόν

79 3199 158 3281 περὶ
173 3195 372 3282 Ἑρμοτίμου
387 3204 449 3264 τοῦ
462 3203 691 3282 Κλαζομενίου
712 3205 843 3280 μῦθον,
868 3195 917 3264 ότι
932 3194 1089 3273 πολλάκις

78 3295 217 3382 ἀφιεῖσα
227 3292 360 3380 αάτόνὴ
371 3293 460 3381 ψυχὴ
471 3292 630 3382 ἀπεδήμει
641 3292 717 3360 καθ’
729 3294 860 3380 ἑαυτήν,
871 3293 938 3360 εἶτα
951 3297 1091 3361 ἐπανελ-

79 3401 194 3462 θοῦσα
216 3393 362 3477 ἐπλήρου
381 3385 483 3471 αὖθις
502 3391 538 3460 τδ
563 3400 658 3477 σῶμα
675 3396 731 3459 καί
752 3389 867 3459 ἀνίστα
888 3388 949 3458 τδυ
972 3390 1090 3476 Ἑρμό-

79 3516 188 3574 τιμον.
211 3497 240 3560 8,
256 3487 358 3576 ἀργὸς
374 3490 411 3558 δὲ
422 3487 506 3579 αὐτὴ
520 3491 575 3558 καὶ
586 3488 702 3568 ἀνετος
714 3482 797 3557 οὖσα
811 3488 851 3556 τά
866 3486 933 3554 ὑπό
949 3498 1017 3556 τῶν
1028 3487 1088 3555 άλ-
1104 3501 1137 3556 97
