2625 4092
229 249 292 313 104
580 252 887 313 ΛΟΤΚΙΑΝΟΤ

230 410 275 491 ὥς
289 432 403 497 φασιν,
418 408 535 479 αὐτίκα
546 413 681 497 μέτειμι,
698 406 733 488 ὃς
748 408 948 478 ίάσεταιτόν
960 410 1156 496 ἄνθρωπον.
1179 413 1232 479 καλ

228 510 285 585 ἵνα
298 505 343 594 μή
357 512 514 595 διατρίβω
526 510 641 593 λέγων,
656 498 739 592 ἧκεν
754 506 997 596 όΒαβυλούνιος
1008 511 1061 577 καὶ
1074 508 1232 595 ἀνέστησε

228 603 289 673 τόν
299 610 415 674 Μίδαν
431 609 540 695 ἐπῳδῇ
554 632 625 672 τινι.
638 606 792 684 ἐξελάσας
806 604 932 678 τὸνίόν
945 599 982 674 ἐκ
994 616 1055 675 τοῦ
1072 609 1232 693 σώματος,
1293 689 1294 700 ¹

229 710 276 773 ἐτι
295 705 350 771 καλ
373 704 649 791 προσαναρτήσας
669 711 715 793 τῷ
735 707 813 771 ποδί
834 713 1034 791 τεθνηκυίας
1058 709 1233 789 παρθένου

228 807 329 869 λίθον
345 798 410 868 ἀπό
429 808 485 886 τής
500 800 621 885 στήλης
637 799 787 879 ἐκκόψας.
817 802 871 869 καὶ
887 809 984 868 τοῦτο
1002 804 1064 887 μὲν
1078 812 1158 879 ίσως
1175 803 1232 886 μέ-

228 924 339 983 τριον·
371 906 477 966 καίτοι
499 896 515 966 6
539 902 652 975 Μίδας
673 895 773 976 αὐτὸς
793 895 957 984 ἀράμενος
978 897 1038 966 τόν
1054 903 1232 983 σκίμποδα,

230 994 283 1080 ἐφ’
297 986 340 1062 ού
356 996 562 1080 ἐκεκόμιστο,
582 991 681 1084 ᾤχετο
693 997 726 1073 ἐς
740 1022 757 1062 τ

230 1089 250 1178 ἡ
268 1090 377 1182 ἐπφδή
393 1093 543 1178 ἐδυνήθη
557 1093 613 1161 καλ
627 1089 645 1160 6
662 1100 812 1177 στηλίτης
826 1096 950 1171 ἐκεῖνος
965 1099 1068 1170 λίθος.
1092 1098 1142 1161 12.
1161 1090 1179 1159 6
1196 1096 1232 1161 δὲ

228 1191 282 1259 καὶ
294 1190 377 1258 ἀλλα
390 1193 522 1276 ἐποίησε
532 1193 694 1259 θεσπέσια
709 1187 753 1268 ὡς
767 1187 917 1276 ἀληθῶς·
939 1194 971 1269 ἐς
980 1188 1041 1259 τόν
1050 1188 1157 1276 ἀγρὸν
1168 1190 1231 1275 γάρ

229 1286 341 1355 ἐλθόν
356 1290 464 1355 ἕωθεν
481 1284 626 1355 ἐπειπών
642 1288 791 1371 ίερατικά
807 1315 880 1356 τινα
900 1292 936 1355 ἐκ
954 1295 1073 1376 βίβλου
1091 1295 1233 1366 παλαιᾶς

229 1380 376 1469 όνόματα
390 1384 486 1469 ἐπτύ,
504 1390 586 1473 θείφ
602 1386 659 1466 καὶΙ
670 1387 746 1473 δᾳδὶ
758 1392 965 1469 καθαγνίσας
979 1382 1039 1454 τόν
1049 1386 1158 1457 ,τόκον
1172 1412 1233 1452 πε-

151 1495 156 1507 ·
228 1478 377 1565 ριελθιὸν
388 1484 419 1559 ἐς
430 1487 508 1565 τρίς,
525 1482 682 1568 ἐξήλασεν
693 1480 755 1549 όσα
766 1474 809 1568 ήν
820 1481 937 1565 ἑρπετὰ
948 1479 1040 1560 ἐντός
1051 1491 1120 1550 τῶν
1130 1480 1230 1568 ὅρων.

228 1570 314 1664 ἧκον
330 1572 395 1645 οὖν
409 1576 520 1660 ὥσπερ
535 1578 708 1664 ἑλκόμενοι
722 1576 805 1664 πρὸς
822 1575 883 1664 τήν
896 1575 1028 1668 ἐπῳδήν
1042 1578 1136 1662 ὄφεις
1148 1586 1231 1644 πολ-

228 1678 280 1743 λοὶ
303 1676 358 1744 καλ
378 1674 512 1753 ἀσπίδες
532 1680 587 1744 καλ
609 1682 734 1763 ἔχιδναι
755 1678 810 1744 καλ
830 1675 986 1760 κεράσται
1005 1677 1061 1745 καλ
1081 1674 1231 1744 ἀκοντίαι

177 1790 214 1844 40
230 1780 358 1860 φρύνοί
369 1800 403 1840 τε
420 1776 475 1843 καλ
492 1776 656 1861 φύσαλοι,
674 1778 818 1843 ἐλείπετο
832 1775 868 1841 δέ
885 1770 931 1852 εἷς
945 1772 1080 1857 δράκοιν
1092 1769 1233 1849 παλαιός

228 1870 293 1939 ὑπό
315 1872 443 1958 γήρως,
468 1870 574 1957 οἶμαι,
599 1872 774 1955 ἐξεμπύσαι
795 1868 840 1956 μή
855 1872 1041 1957 δυνάμενος
1057 1869 1232 1955 παρακού-

228 1990 288 2047 σας
307 1976 368 2034 τοῠ
390 1972 655 2056 προστάγματος·
690 1967 707 2036 6
729 1974 765 2037 δὲ
783 1970 888 2054 μάγος
909 1968 970 2037 ούκ
991 1975 1055 2054 ἐφη
1075 1983 1232 2053 παρεῖναι

227 2064 392 2151 ἅπαντας,
408 2066 483 2135 ἀλλ’
497 2070 556 2135 ἕνα
570 2066 724 2135 τινὰτῶν
739 2065 853 2152 όφεων
866 2065 925 2134 τόν
941 2067 1107 2134 νειότατον
1121 2092 1231 2151 χειρο-

227 2162 369 2249 τονήσας
379 2164 587 2251 πρεσβευτήν
597 2170 742 2252 ἐπεμψεν
753 2166 805 2231 ἐπὶ
816 2161 876 2231 τόν
887 2166 1068 2248 δράκοντα,
1084 2164 1139 2230 καὶ
1149 2161 1230 2247 μετά

227 2257 348 2347 μικρὸν
363 2252 424 2346 ἧκε
440 2260 600 2341 κάκεῖνος.
625 2263 694 2330 ἐπεί
708 2263 745 2330 δὲ
759 2270 1027 2348 συνηλίσθησαν,
1045 2262 1231 2347 ἐνεφύσησε

226 2356 287 2444 μὲν
304 2355 387 2425 αύτά
403 2358 419 2426 6
437 2361 667 2447 Βαβυλώνιος,
689 2358 730 2426 τά
746 2364 782 2428 δὲ
802 2360 918 2428 αὐτίκα
933 2363 1021 2447 μύλα
1036 2362 1231 2443 κατεκαύθη

226 2454 358 2523 ἅπαντα
367 2453 431 2524 ὑπό
441 2469 487 2548 τῷ
496 2459 675 2546 φυσήματι,
685 2456 778 2544 ἡμεῖς
786 2458 822 2526 δὲ
830 2459 1071 2545 ἐθαυμάζομεν.
1087 2466 1137 2529 13.
1147 2460 1233 2529 Είπέ

178 2580 180 2586 ·
225 2579 297 2641 μοι,
315 2548 438 2643 αλἼοιν,
454 2552 499 2645 ἦν
515 2557 545 2625 δ’
564 2557 645 2645 ἐγύ,
663 2557 680 2625 6
698 2557 774 2641 ὄφις
788 2552 806 2624 6
821 2554 1025 2643 πρεσβευτής
1040 2553 1057 2622 6
1075 2558 1150 2633 νέος
1165 2547 1233 2638 ἀρα

226 2654 282 2721 καὶ
295 2656 505 2742 ἐχειραγώγει
517 2658 575 2725 τὸν
587 2657 752 2743 δράκοντα
763 2653 843 2740 ήδη,
860 2651 903 2733 ὡς
914 2654 996 2741 φής,
1011 2653 1230 2739 γεγηρακότα,

226 2747 411 2837 ἢσκίπωνα
433 2762 517 2840 ἔχων
535 2759 660 2834 ἐκεῖνος
681 2759 919 2838 ἐπεστηρίζετο;
947 2750 1002 2820 Σύ
1017 2754 1078 2837 μὲν
1096 2756 1230 2834 παίζεις,

226 2855 291 2936 ἐφη
307 2848 324 2917 6
340 2852 547 2939 Κλεόδημος,
563 2850 627 2938 ἐγώ
643 2855 681 2921 δὲ
694 2854 748 2920 καὶ
763 2850 863 2929 αάιός
878 2849 1089 2933 ἀπιστότερος
1104 2846 1154 2916 ὤν
1168 2869 1231 2915 σου

226 2949 328 3015 πύλαι
350 2949 390 3015 τὰ
412 2957 546 3017 τοιαῦτα
569 2990 607 3001 -
632 2950 725 3039 ᾤμην
744 2950 808 3036 γάρ
831 2946 945 3018 ούδενλ
969 2950 1058 3037 λόγφ
1083 2945 1232 3014 δυνατόν

226 3053 404 3130 γύγνεσθαι
417 3042 459 3114 ἀν
471 3045 556 3115 αύτά
570 3055 742 3117 πιστεῦσαι
757 3088 795 3099 -
812 3046 902 3135 ὅμως
912 3047 966 3116 ὅτε
980 3046 1017 3115 τό
1034 3055 1168 3129 πρῶτον
1184 3042 1231 3112 ελ-

226 3148 288 3211 δον
308 3145 492 3230 πετόμενον
510 3144 570 3214 τόν
585 3151 682 3227 ξένον
703 3148 762 3217 τόν
777 3147 950 3235 βάρβαρον
963 3188 1007 3201 -
1020 3143 1054 3227 ἐξ
1070 3144 1230 3231 Ὑπερβο-

226 3246 313 3325 ρέιυν
327 3242 364 3310 δὲ
376 3235 436 3329 ἦν,
458 3241 502 3321 οἱς
516 3249 662 3330 ἔφασκεν
681 3286 720 3297 -
736 3248 911 3322 ἐπίστευσα
926 3249 981 3314 καὶ
997 3245 1160 3332 ἐνικήθην
1178 3244 1231 3309 ἐπὶ

226 3337 314 3409 πολύ
329 3338 501 3428 ἀντισχών.
523 3351 558 3411 τί
564 3342 628 3429 γάρ
645 3348 712 3413 ἐδει
723 3360 832 3414 ποιεῖν
845 3343 950 3413 αὐτόν
960 3342 1090 3427 ὁρῶντα
1100 3339 1156 3410 διά
1167 3348 1231 3407 τοῦ

225 3436 323 3524 ἀέρος
336 3439 526 3526 φερόμενον
535 3437 658 3529 ἡμέρας
672 3442 774 3530 ούοης
783 3445 838 3511 καλ
852 3440 906 3526 ἐφ’
920 3440 1041 3520 ὕδατος
1054 3444 1229 3521 βαδίζοντα
