2625 4092
392 309 514 371 ΠΕΡΙ
530 308 779 377 mom
1051 303 1089 366 81

81 468 140 539 τόν
163 468 266 541 ἀλλον
286 471 413 555 κόσμον
432 471 702 559 συγκατέφλεξαν
721 466 742 555 ἦ
762 472 1024 555 συγκατώρυξαν
1046 497 1092 559 υς

81 571 299 655 χρησομένοις
315 570 384 641 luet
398 570 453 643 καλ
467 565 724 638 ἀπολαύσουσιν
740 565 854 639 αύτύν
869 570 976 649 κάτως
1004 564 1053 637 15.
1071 564 1091 637 ὁ

81 666 112 733 δ’
133 660 197 737 οὖν
211 666 398 754 πρεσβύτης
414 664 433 733 ό
451 675 590 737 πενθῶν
604 664 727 735 οὑτωσὶ
741 674 844 743 ταῦτα
858 668 967 737 πάντα
982 664 1089 735 ὁπόσα

82 776 197 852 είρηκα
221 768 274 835 καὶ
291 772 337 835 ἔτι
355 765 485 835 τούτων
509 771 646 833 πλείονα
663 763 741 831 οὔτε
759 771 821 833 τοῦ
843 761 961 843 παιδός
978 766 1088 833 εἵνεκα

81 866 265 953 τραγῳδεῖν
280 867 387 933 άοικεν
401 902 442 917 --
462 861 530 931 οίδε
547 858 612 945 γάρ
628 858 690 934 ούκ
707 860 937 948 ἀκουσόμενον
952 859 1027 929 οὐδ’
1045 857 1090 935 όν

80 968 193 1048 μεῖζον
207 963 354 1051 έμβοηση
368 970 428 1031 τοῦ
439 964 625 1044 Στέντορος
634 985 677 1017 -'
687 960 765 1031 ούτε
776 959 844 1047 μην
857 960 978 1032 αὑτοῦ·
1001 987 1089 1051 φρο·

81 1072 155 1129 νείν
171 1059 235 1145 γὰρ
258 1058 348 1129 οὕτω
368 1062 423 1129 καὶ
438 1060 637 1145 γιγνώσκειν
654 1051 833 1145 ίκανόνῆν
852 1063 908 1132 καλ
928 1059 1012 1130 ἀνευ
1032 1067 1089 1145 της

81 1164 179 1245 βοῆς·
212 1155 320 1237 οὐδεὶς
341 1157 406 1243 γὰρ
422 1157 463 1244 δὴ
480 1155 565 1241 πρός
580 1156 701 1225 ἑαυτὸν
717 1162 820 1227 δεῖται
840 1164 934 1242 βοᾶν.
968 1155 1088 1227 λοιπόν

80 1248 145 1325 οὖν
160 1258 251 1325 έστιν
262 1253 365 1325 αὐτόν
381 1264 448 1327 τοῖν
463 1258 641 1339 παρόντων
655 1259 752 1325 ἕνεκα
764 1262 867 1323 ταῦτα
878 1263 993 1341 ληρελν
1003 1252 1086 1325 οὔδ’

79 1352 99 1423 ὅ
113 1379 145 1421 τι
160 1354 333 1421 πέπονθεν
348 1350 438 1442 αύτῷ
454 1352 472 1421 ὁ
494 1368 571 1431 παῖς
586 1352 696 1423 είδότα
712 1347 792 1419 οὔδ’
810 1349 887 1419 ὅποι
905 1353 1085 1437 κεχώρηκε,
1104 1372 1156 1426 929

79 1458 210 1537 μᾶλλον
223 1450 259 1519 δέ
275 1448 353 1519 οὐδὲ
367 1449 426 1518 τόν
435 1457 511 1537 βίον
526 1448 631 1519 αὐτόν
642 1450 838 1529 ἐξετάσαντα
850 1445 965 1527 ὁποῖός
979 1453 1086 1519 ἐστιν·

79 1547 121 1617 ού
142 1547 209 1634 γάρ
228 1542 273 1617 ἀν
288 1546 349 1635 τὴν
370 1552 402 1629 ἐξ
422 1546 529 1616 αὐτοῦ
549 1549 750 1635 μετάστασιν
766 1544 811 1624 ὥς
828 1573 858 1613 τι
881 1552 949 1614 τόν
966 1550 1087 1613 δεινῶν

80 1649 324 1735 ἐδυσχέραινεν.
358 1653 407 1717 16.
425 1655 512 1715 είποι
533 1642 564 1713 δ’
589 1640 633 1716 ἀν
654 1638 718 1713 ούν
741 1641 824 1730 πρὸς
844 1639 988 1712 αύτδνὸ
1011 1655 1088 1723 καλς

79 1744 368 1829 παραιτησόμενος
383 1744 443 1811 τόν
462 1742 590 1813 Αἰακόν
607 1746 662 1815 καὶ
677 1742 738 1812 τὸν
750 1739 906 1813 Ἀῐδωνέα
921 1738 1086 1825 πρόςόλί-

78 1868 143 1928 γον
159 1850 221 1910 τοῦ
234 1849 372 1928 στομίου
387 1838 577 1925 ὑπερκῦψαι
595 1845 648 1913 καί
665 1840 726 1907 τὸν
744 1840 866 1923 πατέρα
874 1848 1007 1909 ’παῦσαι
1020 1867 1087 1926 μα-

78 1939 271 2025 ταιάζοντα,
283 1932 321 2011 Ὠ
337 1940 543 2025 κακόδαιμον
558 1936 738 2023 ἀνθρωπε,
756 1946 790 2008 τί
801 1940 982 2025 κέκραγαςς
1004 1946 1037 2009 τί
1050 1941 1089 2010 δι’

78 2064 137 2123 μοι
160 2039 311 2125 παρέχεις
327 2040 520 2126 πράγματος
542 2045 669 2113 παῦσαι
690 2037 879 2123 τιλλόμενος
895 2035 957 2125 τὴν
978 2038 1087 2123 κόμην

77 2138 133 2205 καλ
149 2133 186 2203 τὰ
202 2136 383 2216 πρόσωπον
402 2140 435 2217 ἐξ
457 2140 615 2221 ἐπιπολῆς
629 2134 801 2215 ἀμύσσων.
833 2141 867 2203 τί
879 2161 936 2221 μοι
950 2138 1087 2222 λοιδορῇ

77 2237 132 2304 καὶ
156 2234 280 2305 άδλιον
301 2233 478 2315 ἀποκαλεῖς
498 2240 552 2303 καὶ
576 2234 748 2319 δύσμορον
774 2235 862 2303 πολύ
883 2253 947 2301 σου
969 2239 1087 2318 βελτίω

76 2337 132 2402 καὶ
149 2335 401 2419 μακαριώτερον
414 2337 654 2421 γεγενημένους
675 2328 698 2421 ἦ
713 2340 748 2401 τί
754 2354 807 2401 σοι
823 2331 937 2402 δεινόν
948 2331 1087 2417 πάσχειν

77 2439 184 2513 δοκοῖς
208 2429 227 2518 ἦ
243 2433 328 2502 διότι
342 2431 386 2520 μὴ
406 2435 571 2505 τοιουτοσὶ
588 2436 698 2519 γέρων
717 2432 881 2519 ἐγενόμην
902 2427 972 2510 οἷος
987 2429 1016 2499 εί
1030 2431 1086 2515 σύ,

77 2530 252 2614 φαλακρός
266 2536 328 2618 μέν
335 2534 399 2619 τὴν
413 2535 581 2619 κεφαλήν,
596 2530 658 2617 την
673 2532 709 2599 δὲ
720 2526 799 2610 ὄψιν
815 2532 1086 2614 ἐρρυτιδωμένος,

77 2630 189 2717 κυφὸς
203 2632 259 2701 καλ
273 2631 313 2699 τὰ
327 2634 452 2718 γόνατα
468 2633 599 2716 νωδης,
621 2634 677 2698 καλ
693 2628 778 2709 ὅλως
796 2626 862 2697 ὑπὸ
885 2635 945 2698 τοῦ
961 2630 1087 2713 χρόνον

77 2729 208 2813 σαθρός
230 2728 356 2809 πολλάς
380 2732 559 2815 τριακάδας
580 2734 634 2799 καλ
656 2727 862 2814 ὀλυμπιάδας
883 2726 1086 2813 ἀναπλήσας,

76 2833 133 2897 καί
143 2825 184 2897 τό
196 2838 366 2907 τελευταία
380 2829 421 2915 δὴ
431 2838 535 2899 ταῦτα
547 2835 747 2911 παραπαίων
758 2828 810 2895 ἐπὶ
819 2826 990 2896 τοσούτων
999 2851 1087 2913 μαρ-

76 2929 211 3009 τύρων;
231 2920 259 2994 ἀ
275 2928 409 3013 μάταιε,
433 2937 466 2997 τί
478 2951 531 2997 σοι
545 2924 691 3015 χρηστόν
712 2924 797 2996 εἶναι
815 2931 910 2997 δοκεῖ
921 2925 1010 3009 παρὰ
1027 2924 1088 2996 τόν

76 3032 171 3112 βίον,
190 3017 232 3093 ού
247 3030 363 3111 μηκέτι
376 3030 578 3113 μεδέξομενς
597 3022 618 3113 ἦ
635 3024 715 3104 τούς
734 3027 857 3105 πότους
877 3027 961 3108 έρείς
983 3030 1087 3112 δῆλον

77 3123 127 3191 ὅτι
147 3125 202 3193 καί
219 3123 258 3192 τά
278 3130 394 3195 δεῖπνα
407 3130 463 3195 καλ
480 3129 605 3213 ἐσθῆτα
619 3127 675 3193 καὶ
691 3122 888 3208 ἀφροδίσια,
906 3128 961 3196 καλ
977 3128 1087 3207 δέδιας

76 3221 122 3309 μὴ
140 3224 268 3291 τούτων
284 3222 398 3310 ἐνδεὴς
412 3225 594 3310 γενόμενος
611 3223 804 3310 ἀπόλωμαι,
824 3223 958 3309 ἀγνοεῖς
980 3228 1016 3293 δὲ
1035 3224 1086 3295 ὅτι

76 3320 114 3389 τό
137 3319 181 3407 μὴ
204 3326 305 3408 διψῆν
320 3330 381 3391 τοῦ
400 3338 488 3393 πιελν
508 3323 597 3395 πολύ
616 3328 756 3396 κάλλιον
775 3329 830 3393 καὶ
851 3324 888 3394 τό
904 3326 949 3412 μη
965 3336 1086 3412 πεινῆν
1104 3342 1156 3397 930

77 3430 140 3486 τοῦ
155 3434 275 3506 φαγεῖν
295 3422 351 3489 καὶ
370 3418 407 3489 τό
425 3420 470 3509 μὴ
486 3426 607 3510 ῥιγοῦν
627 3432 689 3491 τοῦ
709 3421 897 3511 ἀμπεχόνης
914 3423 1086 3508 εύπορελνς

80 3524 131 3587 17.
150 3524 231 3606 φέρε
251 3527 388 3671 τοῖἸιῖνν,
414 3520 527 3607 ἐπειδὴ
550 3528 660 3599 ἔοικας
677 3519 828 3608 ἀγνοεῖν,
850 3525 1028 3672 διδάξομαί
1049 3544 1086 3590 σε

165 3630 267 3669 wem«.
328 3657 335 3670 .
