2625 4092
273 280 393 338 ΠΕΡΙ
413 281 508 339 ΤΗΣ
525 279 713 339 mm
733 277 871 340 ΘΕΟΤ.
1013 278 1076 342 343

74 444 200 525 γίζουσι
215 445 260 530 τῷ
274 437 425 507 ’Λδώνιδι
441 437 527 518 όκως
542 438 631 506 ἐόντι
647 441 759 521 νέκυι,
779 438 861 524 μετά
876 440 966 529 δέ’τῇ
983 445 1078 530 ἑτέρη

74 534 177 626 ήμέρη
194 538 290 619 ζώειν
309 543 344 605 τέ
359 565 417 624 μιν
432 540 681 624 μυθολογέουσι
701 539 756 605 καὶ
771 540 805 615 ές
819 536 879 605 τὸν
894 536 976 624 ήέρα
992 544 1076 624 πέμ-

72 657 174 705 πουσι
195 639 249 705 καί
265 635 322 715 τὰς
344 633 491 723 κεφαλάς
506 637 677 717 ξνρέοντιιι
694 633 782 715 ὅκως
797 637 975 722 Λίγύπτιοι
992 634 1078 704 άπο-

73 732 369 812 θανόντοςἍπιος.
393 741 563 821 γυναικών
580 733 615 801 δέ
631 731 749 801 ὁκόσαι
767 731 830 801 οὐκ
848 737 1003 803 ἐθέλουσι
1020 742 1078 815 ξυ-

73 836 226 917 ρέεσθαι,
247 832 379 918 τοιήνδε
394 838 511 919 ζημίην
525 832 748 899 ἐκτελέουσιν·
776 836 812 898 ἐν
828 840 888 920 μιῇ
905 830 1010 921 ἡμέρη
1026 833 1079 901 ἐπὶ

73 928 175 1015 πρήσι
190 935 247 1013 τῆς
264 926 351 1013 ώρης
367 931 533 1013 ἵστανται,
555 924 575 1014 ή
591 930 626 995 δὲ
637 925 751 1013 άγορή
772 929 927 1013 μούνοισι
942 933 1078 1008 ξείνοισι

72 1028 269 1108 παρακέεται
283 1028 337 1094 καλ
351 1023 369 1093 ὁ
383 1022 506 1112 μισθός
516 1029 548 1103 ἐς
561 1024 623 1112 τήν
635 1023 833 1113 Ἀφροδίτην
846 1033 950 1112 θυσίη
965 1032 1078 1112 γίγνε-

72 1151 134 1191 ται.
158 1127 185 1190 7.
203 1126 264 1192 είσὶ
280 1124 315 1191 δὲ
327 1130 410 1192 ένιοι
423 1131 596 1210 Βυβλίων,
613 1130 648 1193 οἳ
659 1128 794 1210 λέγουσι
809 1121 898 1210 παρά
914 1131 1009 1209 σφίσι
1023 1150 1078 1191 τε·

71 1221 209 1307 θάφθαι
229 1220 288 1289 τόν
301 1220 431 1308 Ὄσιριν
445 1220 506 1290 τόν
520 1222 722 1309 Αίγύπτιον,
747 1225 801 1291 καλ
818 1220 858 1291 τά
878 1227 1005 1292 πένθεα
1022 1226 1074 1291 καί
1094 1240 1147 1295 456

70 1319 112 1389 τά
129 1318 226 1407 ὄργια
243 1318 305 1389 ούκ
320 1323 353 1399 ές
366 1318 596 1406 τδνἌδωνιν,
618 1319 692 1391 ἀλλ’
709 1326 742 1399 ές
755 1321 815 1389 τὸν
824 1321 954 1404 Ὄσιριν
968 1321 1078 1389 πάντα

70 1416 291 1505 πρήσσεσθαι.
323 1421 403 1502 έρέω
424 1416 459 1486 δέ
478 1416 603 1487 ὁκόθεν
626 1420 681 1488 καὶ
699 1420 777 1487 τάδε
792 1416 892 1486 πιστά
911 1421 1075 1486 δοκέουσι.

69 1513 200 1602 κεφαλή
216 1516 357 1583 ἑκάστου
379 1522 467 1596 έτεος
486 1520 519 1597 έξ
534 1515 711 1603 Αἰγύπτου
732 1520 764 1595 ές
785 1514 847 1603 τήν
860 1518 996 1603 Βύβλον
1012 1515 1078 1584 άπ-

68 1616 214 1682 ικνέεται
230 1614 386 1683 πλώουσα
400 1612 460 1685 τόν
476 1615 598 1703 μεταξύ
613 1618 720 1685 πλόον
734 1614 814 1684 ἑπτά
829 1614 998 1702 ἡμερέων,
1022 1620 1081 1682 καί

68 1740 131 1799 μιν
147 1716 181 1781 σί
194 1710 312 1800 άνεμοι
327 1717 487 1799 φορέουσι
502 1718 579 1801 θείη
596 1721 763 1800 ναυτιλίη·
792 1717 943 1799 τρέπεται
965 1715 1000 1779 δὲ
1015 1710 1076 1779 οὐ·

68 1811 177 1896 δαμά,
196 1806 270 1879 ἄλλ’
291 1813 324 1889 ές
339 1812 471 1898 μούνην
494 1810 555 1899 τήν
569 1812 704 1898 Βύβλον
717 1810 916 1881 ἀπικνέεται.
937 1812 992 1878 καὶ
1009 1818 1081 1879 ἔστι·

67 1907 108 1976 τὸ
127 1908 263 1992 σύμπαν
276 1916 408 1995 θωῦμα.
429 1912 482 1978 καί
497 1918 595 1978 τοῦτο
610 1911 754 1979 έκάστου
767 1915 856 1989 έτεος
866 1917 1023 1996 γίγνεται,
1038 1906 1075 1975 τό

67 2009 126 2075 καὶ
144 2009 224 2092 έμεῦ
237 2006 419 2088 παρεόντος
433 2009 470 2076 έν
479 2008 602 2099 Βύβλφ
619 2010 765 2094 ἐγένετο·
787 2010 842 2076 καλ
853 2006 914 2095 τήν
926 2006 1077 2095 κεφαλήν

67 2104 263 2191 έθεησάμην
278 2112 458 2193 Βυβλίνην.
491 2113 521 2176 8.
541 2113 591 2175 ένι
611 2106 721 2174 δὲκαὶ
741 2104 822 2176 ἄλλο
839 2112 962 2193 θωῦμα
985 2108 1022 2173 έν
1036 2110 1078 2192 τῇ

72 2204 162 2291 ηώρη
176 2210 392 2293 τήΒυβλίνη,
417 2204 562 2290 ποταμὸς
578 2208 614 2272 έκ
636 2213 697 2273 τοῦ
711 2204 864 2292 Λιβάνου
881 2200 1078 2286 τοῦόύρεος

66 2306 103 2380 ἐς
118 2300 179 2387 τήν
196 2299 259 2370 ἅλα
277 2307 415 2372 ἐκδιδοῖ·
444 2302 572 2391 οὕνομα
587 2311 632 2395 τῷ
647 2303 933 2395 ποταμῷ”Λδωνις
952 2305 1077 2369 έπικέε-

65 2428 132 2469 ται.
147 2398 164 2468 ὁ
176 2401 211 2468 δὲ
220 2399 366 2487 ποταμός
378 2403 518 2471 ἑκάστου
528 2409 614 2481 ἔτεος
624 2404 817 2490 αἱμάσσεται
826 2404 880 2470 καί
889 2401 950 2487 τήν
960 2395 1077 2485 χροιήν

65 2499 188 2579 ὀλέσας
198 2502 345 2569 έσπίπτει
357 2503 390 2579 ές
400 2498 461 2589 τήν
471 2500 648 2570 θάλασσαν
659 2504 712 2569 καὶ
724 2508 889 2587 φοινίσσει
899 2498 936 2567 τό
949 2499 1077 2566 πολλόν

64 2606 131 2668 τοῦ
148 2599 307 2685 πελάγεος
323 2602 376 2667 καὶ
392 2607 543 2686 σημαίνει
554 2614 622 2679 τοῖς
632 2606 789 2687 Βυβλίοις
798 2596 839 2667 τά
850 2601 987 2665 πένθεα.
1011 2621 1077 2681 μυ-

64 2703 207 2767 θέονται
219 2698 254 2766 δὲ
269 2696 321 2766 ότι
335 2698 472 2786 ταύτησι
486 2707 581 2787 τῇσιν
591 2697 752 2787 ήμέρησιν
761 2696 780 2766 ὁ
789 2697 930 2775 ’Ἀδωνις
940 2694 1005 2763 άνά
1016 2694 1076 2763 τόν

66 2806 222 2884 Λίβανον
236 2796 449 2881 τιτρώσκεται
470 2801 523 2865 καὶ
537 2800 574 2865 τό
593 2792 673 2884 αίμα
688 2802 721 2876 ἐς
735 2798 772 2865 τό
788 2795 880 2880 ὕδωρ
896 2794 1077 2881 ἐρχόμενον

64 2896 227 2965 ἀλλάσσει
241 2894 301 2963 τόν
317 2894 467 2982 ποταμὸν
480 2900 535 2964 καὶ
552 2903 597 2988 τῷ
611 2898 680 2987 βόφ
694 2895 755 2983 τήν
769 2900 962 2981 ἐπωνυμίην
979 2900 1075 2963 διδοι.

64 3003 172 3064 ταῦτα
187 2996 247 3082 μέν
263 3000 298 3064 οί
309 2998 425 3064 πολλοὶ
440 2998 606 3081 λέγουσιν.
630 2998 700 3083 ἐμοὶ
718 2999 757 3065 δέ
768 3023 817 3075 τις
830 2993 916 3082 άνήρ
931 2997 1076 3083 Βύβλιος

65 3093 197 3181 ἀληθέα
213 3098 338 3164 δοκέων
357 3098 468 3180 λέγειν
485 3096 599 3181 ἑτέρην
619 3093 779 3183 ἀπηγέετο
796 3103 857 3163 τοῦ
877 3096 1004 3173 πάθεος
1024 3100 1076 3162 αί-

65 3202 152 3280 τίην.
181 3202 271 3281 ἔλεγε
288 3192 324 3263 δὲ
341 3184 422 3260 ώδε·
450 3188 620 3273 δ”Λδωνις
636 3192 653 3261 ὁ
671 3195 833 3281 ποταμός,
857 3186 999 3274 ώξελνε,
1019 3191 1074 3260 διὰ
1093 3206 1145 3261 456

65 3298 131 3361 τοῦ
153 3294 304 3379 Λιβάνου
325 3297 468 3377 ἔρχεται·
502 3290 520 3360 ὁ
543 3293 579 3361 δέ
596 3300 741 3379 Λίβανος
757 3295 863 3380 κάρτα
885 3294 1077 3379 ξανθόγεώς

66 3394 174 3459 ἐστιν·
197 3389 313 3477 άνεμοι
328 3382 377 3458 ών
391 3393 523 3477 τρηχέες
542 3394 686 3478 έκείνησι
700 3398 796 3478 τῇσιν
808 3391 970 3479 ήμέρησιν
983 3396 1076 3460 ίστα-

64 3514 165 3573 μενοι
182 3486 244 3575 τήν
258 3496 321 3576 γῆν
335 3495 382 3579 τῷ
399 3497 536 3581 ποταμῷ
552 3492 748 3575 έπιφέρονσι
766 3492 889 3559 έοῦσαν
907 3493 941 3569 ές
955 3491 995 3557 τὰ
1011 3490 1077 3575 μά·
1187 3489 1190 3494 ’
