2625 4092
351 292 488 355 ΘΕΩΝ
509 296 780 355 ΕΚΚΑΗΣΙΑ.
1004 299 1067 363 385

279 563 459 632 &MN
495 564 844 635 ΕΚΚΑΗΣΙΑ.

57 944 180 1020 γεῑσδε,
197 930 462 1019 ἀγανακτοῦντες
474 938 504 999 εί
512 934 628 1000 πολλοὶ
638 931 1063 1023 ἀνάξιοιμετέχονσινὴμίν
1081 957 1134 1011 528

57 1040 117 1099 τοῦ
137 1039 343 1117 συμποσίου,
370 1027 445 1098 ἀλλ’
467 1033 598 1112 ἐπείπερ
620 1028 817 1101 ἀποδέδοται
839 1033 1065 1117 περὶτούτων

56 1134 226 1216 ἐκκλησία,
241 1133 362 1213 λεγέτω
377 1131 513 1205 ἕκαστος
527 1130 560 1205 ές
574 1126 611 1193 τὸ
628 1126 780 1213 φανερὸν
793 1130 833 1197 τοὶ
850 1131 1017 1199 δοκοῦντά
1033 1137 1067 1199 οί

55 1232 109 1298 καὶ
122 1234 352 1314 κατηγορείτω.
380 1222 422 1293 σύ
438 1228 474 1293 δὲ
489 1227 647 1313 κήρυττε,
671 1221 816 1314 οἶἘρμη
824 1280 832 1312 ,
856 1227 892 1296 τδ
909 1231 1063 1315 κη’ρνγμα

55 1325 90 1395 τὸ
108 1330 143 1393 ἐκ
159 1334 219 1393 τοῦ
235 1326 352 1411 νόμου.

138 1432 308 1493 ΕΡΜΗΣ.
323 1423 455 1509 Ἄκουε,
470 1433 556 1511 σίγα.
577 1432 625 1502 τίς
640 1422 818 1509 ἀγορεύειν
828 1423 985 1511 βούλεται
995 1434 1064 1494 τῶν

52 1532 187 1592 τελείων
208 1528 301 1592 θεῶν
322 1518 370 1600 οἷς
386 1528 526 1603 έξεστινς
548 1520 568 1608 ἡ
590 1520 626 1593 δέ
641 1526 757 1607 σκέψις
772 1525 847 1605 περὶ
866 1530 934 1589 τῶν
950 1533 1063 1610 μετοί-

52 1647 123 1689 κων
137 1624 191 1689 καὶ
208 1625 322 1701 ξένων.

137 1727 324 1789 ΜΩΜΟΣ.
349 1718 430 1805 Ἐγώ
453 1718 470 1787 ὁ
488 1727 634 1807 Μῶμος,
659 1712 787 1805 ὦΖεύ,
812 1730 845 1789 εί
859 1748 916 1807 μοι
933 1724 1062 1807 ἐπιτρέ-

51 1834 147 1901 ψειας
162 1827 275 1888 εἰπεῖν.

136 1926 261 1987 ΖΕΥΣ.
289 1915 334 1985 T&
348 1918 502 2005 κήρυγμα
513 1916 576 2005 ἤδη
593 1922 744 2005 ἐφίησιν·
768 1918 852 2001 ω’στε
866 1918 967 1988 οὐδὲν
978 1924 1061 2007 ἐμοῦ

47 2018 171 2103 δεήσει.

135 2120 165 2184 2.
186 2120 310 2182 ΜΩΜ.
337 2117 427 2201 Φημὶ
446 2122 562 2183 τοίνυν
578 2112 672 2182 δεινοὶ
693 2131 802 2183 ποιεῖν
824 2119 935 2195 ένίονς
954 2114 1059 2203 ἡμῶν,

46 2208 98 2290 οἷς
113 2211 176 2280 ούκ
192 2209 320 2299 ἀπόχρη
336 2211 439 2293 θεοὺς
454 2216 487 2293 ἐξ
501 2211 695 2296 ἀνθρώπων
715 2211 827 2295 αὐτοῖς
844 2222 1058 2301 γεγενῆσθαι,

45 2309 142 2394 ἀλλ’,
158 2316 188 2381 εί
201 2310 246 2397 μὴ
260 2312 315 2380 καὶ
330 2309 408 2390 τοὺς
424 2310 636 2389 ἀκολούθους
650 2312 706 2377 καὶ
719 2311 929 2395 θεράποντας
947 2312 1058 2380 αὐτῶν

45 2417 219 2498 ἰσοτίμους
234 2409 313 2497 ἡμῖν
324 2408 577 2497 ἀποφανοῦσιν,
594 2408 694 2479 οὐδὲν
708 2414 792 2497 μέγα
806 2408 885 2479 οὐδὲ
901 2409 1058 2479 νεανικόν

45 2520 177 2577 οίονται
196 2511 382 2595 εἰργάσθαι.
405 2507 485 2591 ἀξιῶ
501 2510 553 2593 δέ,
571 2501 693 2593 ύΖεύ,
709 2507 790 2594 μετὰ
801 2516 985 2595 παρρησίας
1001 2536 1057 2594 μοι

45 2617 170 2678 δοῦναι
189 2617 307 2679 εἰπεῖν·
331 2608 485 2694 οὐδὲγὰρ
501 2604 544 2675 ἂν
556 2608 664 2685 ἄλλως
676 2613 857 2693 δυναίμην,
874 2606 957 2674 ἀλλὰ
970 2610 1058 2674 πύν-

43 2737 98 2788 τες
113 2736 156 2797 με
170 2720 281 2779 ἴσασιν
296 2708 341 2787 ὡς
362 2709 541 2791 ἐλεύθερός
562 2713 626 2791 είμι
643 2706 705 2792 την
720 2714 870 2792 γλῶτταν
885 2710 939 2774 καὶ
956 2705 1056 2775 οὐδὲν

43 2804 92 2877 ἄν
107 2807 396 2897 κατασιωπήσαιμι
407 2815 474 2875 τῶν
489 2804 530 2873 ού
542 2812 649 2884 καλῶς
660 2807 883 2891 γιγνομένων·
899 2810 1055 2893 διελέγχω

44 2907 112 2995 γάρ
135 2908 267 2979 ἅπαντα
290 2910 344 2977 καί
366 2912 450 2994 λέγω
470 2905 509 2974 τοὶ
532 2906 697 2975 δοκοῦντύ
719 2931 776 2990 μοι
798 2908 830 2982 ἐς
846 2902 882 2971 τὸ
904 2904 1055 2990 φανερὸν

44 3008 124 3076 ούτε
140 3008 259 3088 δεδιώς
272 3036 346 3075 τινα
358 3006 434 3075 οὔτε
450 3003 508 3073 ὑπ’
522 3010 636 3083 αἰδοῦς
647 3003 880 3072 ἐπικαλύπτων
891 3002 953 3090 τὴν
964 3006 1054 3089 γνω-

43 3134 130 3193 μην·
155 3106 238 3173 ὥστε
255 3109 309 3173 καὶ
326 3103 473 3193 ἐπαχθὴς
487 3110 574 3173 δοκῶ
585 3120 652 3183 τοῖς
664 3113 797 3181 πολλοῖς
811 3106 865 3170 καὶ
880 3123 1055 3187 συκοφαν-

42 3203 211 3290 τικόςτην
223 3206 344 3290 φύσιν,
359 3206 515 3292 δημόσιός
526 3233 575 3283 τις
588 3204 770 3290 κατήγορος
781 3200 839 3269 ὑπ’
853 3202 964 3271 αὐτῶν
976 3207 1056 3271 έπο-

42 3305 279 3389 νομαζόμενος.
307 3301 395 3390 πλην
417 3301 491 3373 ἄλλ’
509 3306 641 3385 ἐπείπερ
656 3308 759 3381 έξεστι
781 3304 835 3370 καὶ
856 3304 1056 3387 κεκήρυκται

41 3406 98 3471 καὶ
114 3401 175 3485 σύ,
195 3396 222 3470 ὦ
236 3409 319 3487 Ζεῦ,
344 3407 443 3482 δίδως
455 3399 527 3489 μετ’
544 3406 693 3483 ἐξουσίας
708 3408 829 3486 εἰπεῖν,
851 3398 951 3468 οὐδέν
968 3399 1054 3468 ὑπο-

41 3504 258 3589 στειλάμενος
273 3506 346 3587 έρω.
371 3509 406 3572 ’3.
423 3504 539 3571 πολλοὶ
554 3504 634 3588 γάρ,
653 3510 754 3589 φημί,
777 3502 839 3570 οὐκ
858 3500 1051 3651 ύγὸοιπῶντες
1070 3516 1124 3571 529

129 3614 234 3653 ιυοιιια.
257 3598 302 3653 111.
875 3637 894 3653 .
