2625 4092
252 294 314 355 164
602 298 906 356 ΛΟΥΚΙΑΝΟΤ

250 458 304 522 καὶ
326 464 457 546 κωμικῷ
478 464 523 545 τῷ
545 457 711 544 προσάπφ
732 459 821 541 μάλα
841 465 1011 544 περιπαθῆ
1031 486 1106 526 τινα
1127 459 1183 527 καὶ
1202 465 1250 526 ίού
1299 467 1300 514 7

183 569 234 624 15⁵
253 559 420 643 γέμουσαν
431 561 627 644 τραγῳδίαν.
643 556 784 640 μάλιστα
797 556 831 620 δὲ
843 563 940 622 τοῦτο
952 558 1155 641 πάσχουσιν,
1168 560 1250 622 ἐπει·
1299 549 1300 604 3

251 649 316 718 δάν
329 652 432 719 πάλαι
447 659 543 737 φίλος
565 651 583 720 ὁ
605 654 833 738 ἐνδιαβάλλων
853 659 964 721 δοκῶν
985 654 1129 741 εἶναιτῷ
1145 659 1247 722 ένδια·

250 753 444 841 βαλλομένφ
461 761 591 837 ποιῆται
605 750 711 835 ὅμως·
734 753 807 817 τότε
818 749 882 835 γάρ
897 749 976 819 ούδὲ
989 752 1108 838 φωνήν
1119 750 1249 820 ἀκούειν
1299 827 1300 840 ¹

250 853 297 915 έτι
312 852 453 916 θέλουσι
468 858 536 916 των
551 853 823 936 διαβαλλομένων
842 845 864 935 ή
879 856 947 916 τῶν
961 848 1249 936 ἀπολογουμένων,
1299 847 1300 890 ⁷

250 944 287 1013 τό
303 944 495 1027 ἀξιόπιστον
510 957 567 1032 τῆς
581 956 777 1033 κατηγορίας
789 949 824 1014 ἐκ
835 956 891 1032 τής
903 947 1003 1014 πάλαι
1022 947 1187 1032 δοκούσης
1199 975 1249 1032 φι-

250 1050 322 1122 λίας
335 1047 589 1131 προειληφότες,
612 1044 691 1112 οὐδὲ
711 1053 810 1111 τοῦτο
824 1045 1045 1131 λογιζόμενοι,
1068 1044 1120 1112 ὅτι
1137 1047 1249 1113 πολλαὶ

185 1155 233 1212 [56
251 1144 412 1222 πολλάκις
426 1147 463 1210 έν
477 1159 545 1222 τοῖς
556 1146 726 1228 φιλτάτοις
740 1152 857 1228 μίσους
871 1151 1141 1227 παραπίπτουσιν
1157 1151 1249 1210 αἰτίαι
1299 1141 1300 1152 ’

250 1239 329 1320 τούς
342 1240 465 1320 ἄλλους
479 1245 729 1310 λανθάνουσαι·
749 1247 803 1311 καὶ
818 1247 921 1311 ένίοτε
938 1239 987 1322 οἷς
1001 1243 1101 1322 αύτός
1116 1271 1165 1321 τις
1181 1250 1250 1310 ἔνο-

248 1343 306 1425 χός
320 1343 404 1424 ἐστι,
426 1342 519 1407 ταυτὶ
537 1342 674 1425 φθάσας
694 1341 900 1426 κατηγόρησε
915 1348 976 1410 τοῦ
990 1349 1134 1427 πλησίον
1150 1345 1250 1425 ἐκφυ-

248 1451 320 1522 γεῖν
344 1435 433 1504 οὕτω
447 1440 652 1524 πειρώμενος
672 1436 733 1524 τήν
751 1440 920 1527 διαβολήν.
951 1442 1006 1508 καὶ
1025 1439 1110 1518 ὅλως
1131 1438 1250 1524 ἐχθρόν

249 1539 310 1622 μέν
325 1534 435 1614 ούδεδς
448 1533 492 1604 ἀν
507 1539 680 1623 τολμήσειε
695 1541 879 1624 διαβαλεῖν·
902 1537 1037 1617 άπιστος
1051 1538 1115 1624 γάρ
1132 1538 1250 1608 αὐτόθι

249 1634 270 1721 ἡ
285 1643 465 1720 κατηγορία
482 1637 652 1723 πρόδηλον
669 1644 788 1723 ἔχουσα
804 1636 866 1722 τήν
884 1644 1007 1706 αἰτίαν·
1034 1653 1102 1717 τοῖς
1117 1645 1250 1706 δοκοῦσι

250 1731 286 1800 δὲ
298 1734 439 1817 μάλιστα
456 1741 565 1816 φίλοις
586 1737 787 1820 ἐπιχειροῦσι
802 1732 865 1821 τήν
879 1733 962 1817 πρὸς
975 1734 1054 1815 τούς
1068 1735 1251 1813 ἀκούοντας

250 1832 387 1900 εύνοιαν
396 1837 539 1920 ἐμφῆναι
552 1836 823 1919 προαιρούμενοι,
836 1833 887 1901 ότι
899 1837 950 1902 ἐπὶ
961 1842 1007 1923 τῷ
1019 1838 1157 1903 ἐκείνων
1169 1857 1248 1920 συμ-

249 1935 385 2017 φέροντι
406 1930 485 1999 οὐδὲ
507 1940 574 1998 τῶν
595 1933 807 2000 οἰκειοτάτων
832 1929 1023 2019 ἀπέσχοντο.
1059 1939 1110 2002 25.
1133 1937 1196 2002 είσλ
1219 1934 1252 2000 δέ

248 2055 335 2108 τινες
350 2036 385 2098 οἳ
405 2026 469 2097 κάν
489 2033 646 2116 μάθωσιν
668 2029 809 2116 ὕστερον
833 2029 954 2108 ἀδίκως
972 2035 1250 2119 διαβεβλημένους

249 2126 331 2211 παρ’
348 2124 460 2210 αύτοῑς
479 2127 558 2209 τούς
578 2138 714 2215 φίλους,
741 2127 830 2215 ὅμως
851 2127 909 2196 ὑπ’
931 2130 1089 2217 αἰσχύνης
1111 2124 1162 2198 οἷν
1184 2136 1248 2198 έπί-

248 2247 392 2294 στευσαν
403 2223 479 2293 οὐδ’
492 2233 539 2294 έτι
553 2236 751 2310 προσίεσθαι
764 2225 842 2296 ούδέ
854 2232 1076 2316 προσβλέπειν
1086 2236 1250 2316 τολμῶσιν

248 2322 359 2403 αὐτοῖς
371 2325 481 2409 ὥσπερ
492 2324 705 2413 ἠδικημένοι,
722 2325 772 2394 ότι
782 2325 888 2413 μηδὲν
898 2325 1095 2406 ἀδικοῦντας
1106 2329 1250 2413 ἐπέγνω-

248 2447 321 2491 σαν.
348 2431 398 2493 26.
417 2435 597 2513 τοιγαροῦν
614 2435 748 2495 πολλάν
764 2432 878 2494 κακῶν
894 2423 912 2492 ὁ
929 2432 1001 2513 βίος
1015 2427 1168 2512 ἐπλήσθη
1187 2423 1249 2493 ύπό

247 2532 316 2592 τῶν
331 2524 420 2592 ούτω
441 2528 563 2615 ῥᾳδίως
579 2527 635 2593 καλ
651 2526 873 2604 ἀνεξετάστως
890 2526 1162 2609 πεπιστευμένων
1181 2530 1250 2593 διοι-

247 2631 369 2711 βολοὸν.
392 2624 413 2710 ἡ
427 2629 487 2710 μὲν
502 2624 706 2711 γάρ”Αντεια

181 2737 229 2800 157
332 2731 489 2809 τεθναίης
511 2731 661 2811 (φησίν),
685 2718 712 2790 ά
733 2722 869 2808 Προῖτ’,
893 2720 1074 2808 ήκάκτανε
1089 2729 1249 2805 Βελλερο-

863 2823 1009 2908 φόντηνι

333 2921 369 3000 ός
380 2919 418 3008 μ’
429 2926 548 2990 ἔθελεν
561 2922 713 3008 φιλόπητι
724 2923 903 3007 μιγήμεναι
916 2919 978 2988 οὐκ
990 2922 1158 3010 έθελούση

248 3016 331 3105 αύτή
342 3023 486 3102 προτέρα
496 3023 728 3106 έπιχειρήσασα
743 3023 797 3087 καὶ
806 3017 1044 3105 ὑπεροφθεῖσα.
1067 3023 1123 3088 καὶ
1132 3028 1253 3105 μικροῦ

247 3117 266 3186 ὁ
281 3125 415 3196 νεανίας
430 3121 467 3187 ἐν
482 3126 522 3207 τῇ
537 3119 619 3202 πρός
634 3117 696 3205 τήν
708 3127 875 3204 Χίμαιραν
890 3127 1064 3208 συμπλοκή
1081 3122 1252 3204 διεφθάρη

248 3220 410 3302 ἐπιτίμιον
426 3219 647 3303 σωφροσύνης
664 3215 820 3301 ὑποσχών
837 3221 891 3284 καὶ
911 3225 967 3304 τῆς
982 3216 1065 3300 πρός
1079 3216 1139 3286 τόν
1158 3223 1253 3298 ξένον
1296 3213 1297 3240 ³

248 3320 362 3395 αἰδοῦς
371 3315 436 3383 ὑπό
447 3319 575 3402 μάχλου
585 3315 744 3402 γυναικὸς
754 3320 803 3383 έπι
808 3320 1078 3404 βεβουλευμένος.
1092 3313 1161 3403 ἡδὲ
1171 3323 1252 3384 Φαί-

248 3420 328 3499 δρα,
346 3414 481 3501 κάκείνη
497 3414 538 3482 τά
553 3415 651 3501 ὅμοια
670 3424 870 3483 κατειποῦσα
886 3422 946 3481 τοῦ
961 3415 1150 3500 προγόνου,
1174 3413 1251 3483 ἐπά-

249 3538 351 3598 ρατον
366 3517 497 3599 έποίησε
513 3513 572 3581 τόν
584 3511 782 3581 Ἱππόλυτον
798 3516 957 3599 γενέσθαι
972 3509 1037 3579 ὑπό
1053 3522 1115 3580 τοῦ
1129 3511 1250 3596 πατρός
