<?xml version="1.0" encoding="UTF-8"?>
<!DOCTYPE html PUBLIC "-//W3C//DTD XHTML 1.0 Transitional//EN"
    "http://www.w3.org/TR/xhtml1/DTD/xhtml1-transitional.dtd">
<html xmlns="http://www.w3.org/1999/xhtml" xml:lang="en" lang="en">
 <head>
  <title>
</title>
<meta http-equiv="Content-Type" content="text/html;charset=utf-8" />
  <meta name='ocr-system' content='tesseract 3.04.00' />
  <meta name='ocr-capabilities' content='ocr_page ocr_carea ocr_par ocr_line ocrx_word'/>
</head>
<body>
  <div class='ocr_page' id='page_1' title='image "./lucianisamosate04jacogoog/lucianisamosate04jacogoog_0519.png"; bbox 0 0 2625 4092; ppageno 0'>
   <div class='ocr_carea' id='block_1_1' title="bbox 419 279 1183 354">
    <p class='ocr_par' dir='ltr' id='par_1_1' title="bbox 419 279 1183 354">
     <span class='ocr_line' id='line_1_1' title="bbox 419 279 1183 354; baseline -0.007 -8"><span class='ocrx_word' id='word_1_1' title='bbox 419 285 732 346; x_wconf 82' lang='grc' dir='ltr'><em>ΧΑΡΙΔΗΜΟΣ.</em></span> <span class='ocrx_word' id='word_1_2' title='bbox 1016 279 1077 354; x_wconf 71' lang='grc'><strong><em>431</em></strong></span> <span class='ocrx_word' id='word_1_3' title='bbox 1180 344 1183 350; x_wconf 73' lang='grc'><strong><em>,</em></strong></span> 
     </span>
    </p>
   </div>
   <div class='ocr_carea' id='block_1_2' title="bbox 73 439 1152 2682">
    <p class='ocr_par' dir='ltr' id='par_1_2' title="bbox 73 439 1152 2682">
     <span class='ocr_line' id='line_1_2' title="bbox 73 439 1079 533; baseline -0.005 -18"><span class='ocrx_word' id='word_1_4' title='bbox 73 452 175 528; x_wconf 79' lang='grc' dir='ltr'><strong><em>δειξιν</em></strong></span> <span class='ocrx_word' id='word_1_5' title='bbox 190 453 254 533; x_wconf 81' lang='grc' dir='ltr'><strong><em>ἔχει</em></strong></span> <span class='ocrx_word' id='word_1_6' title='bbox 267 454 337 526; x_wconf 81' lang='grc' dir='ltr'><strong><em>πῶς</em></strong></span> <span class='ocrx_word' id='word_1_7' title='bbox 350 449 385 514; x_wconf 92' lang='grc' dir='ltr'><strong><em>οί</em></strong></span> <span class='ocrx_word' id='word_1_8' title='bbox 397 452 566 531; x_wconf 76' lang='grc' dir='ltr'><strong><em>κρείττους</em></strong></span> <span class='ocrx_word' id='word_1_9' title='bbox 581 450 692 530; x_wconf 83' lang='grc' dir='ltr'><strong><em>ἔχουσι</em></strong></span> <span class='ocrx_word' id='word_1_10' title='bbox 708 443 782 526; x_wconf 78' lang='grc' dir='ltr'><strong><em>περὶ</em></strong></span> <span class='ocrx_word' id='word_1_11' title='bbox 796 449 911 528; x_wconf 80' lang='grc' dir='ltr'><strong><em>τοῦτο,</em></strong></span> <span class='ocrx_word' id='word_1_12' title='bbox 929 439 1079 512; x_wconf 79' lang='grc' dir='ltr'><strong><em>ἀλλὰκαὶ</em></strong></span> 
     </span>
     <span class='ocr_line' id='line_1_3' title="bbox 73 538 1080 632; baseline -0.006 -19"><span class='ocrx_word' id='word_1_13' title='bbox 73 543 259 632; x_wconf 83' lang='grc' dir='ltr'><strong><em>μαρτύριόν</em></strong></span> <span class='ocrx_word' id='word_1_14' title='bbox 270 547 361 612; x_wconf 87' lang='grc' dir='ltr'><strong><em>έστιν</em></strong></span> <span class='ocrx_word' id='word_1_15' title='bbox 375 539 517 622; x_wconf 73' lang='grc' dir='ltr'><strong><em>ἀψευδὲς</em></strong></span> <span class='ocrx_word' id='word_1_16' title='bbox 530 550 592 610; x_wconf 87' lang='grc' dir='ltr'><strong><em>τοῦ</em></strong></span> <span class='ocrx_word' id='word_1_17' title='bbox 602 555 752 625; x_wconf 79' lang='grc' dir='ltr'><strong><em>κρεῖττον</em></strong></span> <span class='ocrx_word' id='word_1_18' title='bbox 768 538 851 608; x_wconf 76' lang='grc' dir='ltr'><strong><em>εἶναι</em></strong></span> <span class='ocrx_word' id='word_1_19' title='bbox 866 541 1001 608; x_wconf 88' lang='grc' dir='ltr'><strong><em>πάντων</em></strong></span> <span class='ocrx_word' id='word_1_20' title='bbox 1013 547 1080 607; x_wconf 76' lang='grc' dir='ltr'><strong><em>τῶν</em></strong></span> 
     </span>
     <span class='ocr_line' id='line_1_4' title="bbox 74 637 1081 726; baseline -0.004 -18"><span class='ocrx_word' id='word_1_21' title='bbox 74 642 195 712; x_wconf 83' lang='grc' dir='ltr'><strong><em>ἀλλων.</em></strong></span> <span class='ocrx_word' id='word_1_22' title='bbox 218 640 345 711; x_wconf 85' lang='grc' dir='ltr'><strong><em>οὐκοῦν</em></strong></span> <span class='ocrx_word' id='word_1_23' title='bbox 358 638 485 726; x_wconf 81' lang='grc' dir='ltr'><strong><em>Ἀθηνᾶ</em></strong></span> <span class='ocrx_word' id='word_1_24' title='bbox 495 640 557 725; x_wconf 73' lang='grc' dir='ltr'><strong><em>μὲν</em></strong></span> <span class='ocrx_word' id='word_1_25' title='bbox 569 637 724 722; x_wconf 76' lang='grc' dir='ltr'><strong><em>ἀνδρείας</em></strong></span> <span class='ocrx_word' id='word_1_26' title='bbox 738 637 805 724; x_wconf 80' lang='grc' dir='ltr'><strong><em>ἅμα</em></strong></span> <span class='ocrx_word' id='word_1_27' title='bbox 820 640 874 706; x_wconf 83' lang='grc' dir='ltr'><strong><em>καὶ</em></strong></span> <span class='ocrx_word' id='word_1_28' title='bbox 885 637 1081 726; x_wconf 77' lang='grc' dir='ltr'><strong><em>φρονήσεως</em></strong></span> 
     </span>
     <span class='ocr_line' id='line_1_5' title="bbox 73 735 1079 828; baseline -0.005 -21"><span class='ocrx_word' id='word_1_29' title='bbox 73 745 227 828; x_wconf 77' lang='grc' dir='ltr'><strong><em>προέχειν</em></strong></span> <span class='ocrx_word' id='word_1_30' title='bbox 239 745 441 826; x_wconf 63' lang='grc' dir='ltr'><strong><em>έπιψηφιῖει·</em></strong></span> <span class='ocrx_word' id='word_1_31' title='bbox 457 735 655 824; x_wconf 78' lang='grc' dir='ltr'><strong><em>ἀμφοτέρων</em></strong></span> <span class='ocrx_word' id='word_1_32' title='bbox 667 737 731 822; x_wconf 86' lang='grc' dir='ltr'><strong><em>γὰρ</em></strong></span> <span class='ocrx_word' id='word_1_33' title='bbox 746 743 923 820; x_wconf 82' lang='grc' dir='ltr'><strong><em>προίστατο</em></strong></span> <span class='ocrx_word' id='word_1_34' title='bbox 934 738 1079 804; x_wconf 85' lang='grc' dir='ltr'><strong><em>τούτων·</em></strong></span> 
     </span>
     <span class='ocr_line' id='line_1_6' title="bbox 76 831 1081 925; baseline -0.004 -19"><span class='ocrx_word' id='word_1_35' title='bbox 76 837 164 921; x_wconf 88' lang='grc' dir='ltr'><strong><em>Ἥρα</em></strong></span> <span class='ocrx_word' id='word_1_36' title='bbox 181 836 214 906; x_wconf 87' lang='grc' dir='ltr'><strong><em>δ’</em></strong></span> <span class='ocrx_word' id='word_1_37' title='bbox 230 837 360 925; x_wconf 85' lang='grc' dir='ltr'><strong><em>ἁπάσης</em></strong></span> <span class='ocrx_word' id='word_1_38' title='bbox 373 836 475 922; x_wconf 77' lang='grc' dir='ltr'><strong><em>ἀρχῆς</em></strong></span> <span class='ocrx_word' id='word_1_39' title='bbox 486 837 540 903; x_wconf 79' lang='grc' dir='ltr'><strong><em>καί</em></strong></span> <span class='ocrx_word' id='word_1_40' title='bbox 557 840 751 913; x_wconf 81' lang='grc' dir='ltr'><strong><em>δυναστείας</em></strong></span> <span class='ocrx_word' id='word_1_41' title='bbox 765 831 982 919; x_wconf 86' lang='grc' dir='ltr'><strong><em>αίρετιότερον</em></strong></span> <span class='ocrx_word' id='word_1_42' title='bbox 996 831 1081 903; x_wconf 82' lang='grc' dir='ltr'><strong><em>ἀπο-</em></strong></span> 
     </span>
     <span class='ocr_line' id='line_1_7' title="bbox 76 929 1085 1022; baseline -0.003 -19"><span class='ocrx_word' id='word_1_43' title='bbox 76 942 188 1020; x_wconf 89' lang='grc' dir='ltr'><strong><em>φαίνει</em></strong></span> <span class='ocrx_word' id='word_1_44' title='bbox 201 929 445 1022; x_wconf 86' lang='grc' dir='ltr'><strong><em>συνηγοροῦντ’</em></strong></span> <span class='ocrx_word' id='word_1_45' title='bbox 462 929 545 1020; x_wconf 77' lang='grc' dir='ltr'><strong><em>αὐτῇ</em></strong></span> <span class='ocrx_word' id='word_1_46' title='bbox 561 931 691 1001; x_wconf 82' lang='grc' dir='ltr'><strong><em>καὶτὸν</em></strong></span> <span class='ocrx_word' id='word_1_47' title='bbox 702 941 768 1001; x_wconf 89' lang='grc' dir='ltr'><strong><em>Δία</em></strong></span> <span class='ocrx_word' id='word_1_48' title='bbox 781 939 1029 1020; x_wconf 81' lang='grc' dir='ltr'><strong><em>παραλαβοῦσα.</em></strong></span> <span class='ocrx_word' id='word_1_49' title='bbox 1054 939 1085 1000; x_wconf 89' lang='grc' dir='ltr'><strong><em>εί</em></strong></span> 
     </span>
     <span class='ocr_line' id='line_1_8' title="bbox 74 1025 1081 1119; baseline -0.003 -18"><span class='ocrx_word' id='word_1_50' title='bbox 74 1041 192 1101; x_wconf 82' lang='grc' dir='ltr'><strong><em>τοίνυν</em></strong></span> <span class='ocrx_word' id='word_1_51' title='bbox 203 1031 291 1102; x_wconf 82' lang='grc' dir='ltr'><strong><em>οὕτω</em></strong></span> <span class='ocrx_word' id='word_1_52' title='bbox 302 1034 364 1119; x_wconf 84' lang='grc' dir='ltr'><strong><em>μὲν</em></strong></span> <span class='ocrx_word' id='word_1_53' title='bbox 375 1041 473 1100; x_wconf 76' lang='grc' dir='ltr'><strong><em>θεῖον</em></strong></span> <span class='ocrx_word' id='word_1_54' title='bbox 485 1033 540 1099; x_wconf 81' lang='grc' dir='ltr'><strong><em>καὶ</em></strong></span> <span class='ocrx_word' id='word_1_55' title='bbox 554 1028 679 1116; x_wconf 84' lang='grc' dir='ltr'><strong><em>σεμνόν</em></strong></span> <span class='ocrx_word' id='word_1_56' title='bbox 690 1025 727 1098; x_wconf 84' lang='grc' dir='ltr'><strong><em>τό</em></strong></span> <span class='ocrx_word' id='word_1_57' title='bbox 740 1032 859 1110; x_wconf 85' lang='grc' dir='ltr'><strong><em>κάλλος</em></strong></span> <span class='ocrx_word' id='word_1_58' title='bbox 871 1034 977 1116; x_wconf 82' lang='grc' dir='ltr'><strong><em>ἐστίν,</em></strong></span> <span class='ocrx_word' id='word_1_59' title='bbox 993 1029 1081 1098; x_wconf 80' lang='grc' dir='ltr'><strong><em>οὕτω</em></strong></span> 
     </span>
     <span class='ocr_line' id='line_1_9' title="bbox 76 1124 1081 1217; baseline -0.004 -17"><span class='ocrx_word' id='word_1_60' title='bbox 76 1132 112 1200; x_wconf 75' lang='grc' dir='ltr'><strong><em>δὲ</em></strong></span> <span class='ocrx_word' id='word_1_61' title='bbox 127 1132 416 1217; x_wconf 83' lang='grc' dir='ltr'><strong><em>περισπούδαστον</em></strong></span> <span class='ocrx_word' id='word_1_62' title='bbox 432 1143 500 1209; x_wconf 74' lang='grc' dir='ltr'><strong><em>τοῖς</em></strong></span> <span class='ocrx_word' id='word_1_63' title='bbox 515 1138 623 1208; x_wconf 70' lang='grc' dir='ltr'><strong><em>θεοῖς,</em></strong></span> <span class='ocrx_word' id='word_1_64' title='bbox 645 1135 715 1207; x_wconf 78' lang='grc' dir='ltr'><strong><em>πῶς</em></strong></span> <span class='ocrx_word' id='word_1_65' title='bbox 728 1124 773 1197; x_wconf 81' lang='grc' dir='ltr'><strong><em>ἀν</em></strong></span> <span class='ocrx_word' id='word_1_66' title='bbox 793 1126 872 1215; x_wconf 77' lang='grc' dir='ltr'><strong><em>ἡμῖν</em></strong></span> <span class='ocrx_word' id='word_1_67' title='bbox 886 1134 953 1216; x_wconf 78' lang='grc' dir='ltr'><strong><em>ἔχοι</em></strong></span> <span class='ocrx_word' id='word_1_68' title='bbox 974 1135 1081 1208; x_wconf 77' lang='grc' dir='ltr'><strong><em>καλῶς</em></strong></span> 
     </span>
     <span class='ocr_line' id='line_1_10' title="bbox 75 1226 1080 1318; baseline -0.002 -20"><span class='ocrx_word' id='word_1_69' title='bbox 75 1228 121 1318; x_wconf 81' lang='grc' dir='ltr'><strong><em>μὴ</em></strong></span> <span class='ocrx_word' id='word_1_70' title='bbox 132 1232 186 1298; x_wconf 77' lang='grc' dir='ltr'><strong><em>καὶ</em></strong></span> <span class='ocrx_word' id='word_1_71' title='bbox 198 1229 321 1309; x_wconf 75' lang='grc' dir='ltr'><strong><em>αὐτοὺς</em></strong></span> <span class='ocrx_word' id='word_1_72' title='bbox 333 1231 559 1315; x_wconf 78' lang='grc' dir='ltr'><strong><em>μιμουμένους</em></strong></span> <span class='ocrx_word' id='word_1_73' title='bbox 569 1226 647 1306; x_wconf 85' lang='grc' dir='ltr'><strong><em>τούς</em></strong></span> <span class='ocrx_word' id='word_1_74' title='bbox 660 1226 764 1306; x_wconf 71' lang='grc' dir='ltr'><strong><em>δεούς</em></strong></span> <span class='ocrx_word' id='word_1_75' title='bbox 778 1233 863 1318; x_wconf 83' lang='grc' dir='ltr'><strong><em>έργφ</em></strong></span> <span class='ocrx_word' id='word_1_76' title='bbox 878 1255 913 1296; x_wconf 90' lang='grc' dir='ltr'><strong><em>τε</em></strong></span> <span class='ocrx_word' id='word_1_77' title='bbox 928 1230 981 1297; x_wconf 78' lang='grc' dir='ltr'><strong><em>καί</em></strong></span> <span class='ocrx_word' id='word_1_78' title='bbox 992 1226 1080 1318; x_wconf 76' lang='grc' dir='ltr'><strong><em>λόγῳ</em></strong></span> 
     </span>
     <span class='ocr_line' id='line_1_11' title="bbox 76 1324 1135 1418; baseline -0.002 -24"><span class='ocrx_word' id='word_1_79' title='bbox 76 1334 146 1394; x_wconf 84' lang='grc' dir='ltr'><strong><em>πᾶν</em></strong></span> <span class='ocrx_word' id='word_1_80' title='bbox 163 1325 183 1395; x_wconf 90' lang='grc' dir='ltr'><strong><em>ό</em></strong></span> <span class='ocrx_word' id='word_1_81' title='bbox 198 1354 229 1395; x_wconf 92' lang='grc' dir='ltr'><strong><em>τι</em></strong></span> <span class='ocrx_word' id='word_1_82' title='bbox 246 1333 364 1412; x_wconf 77' lang='grc' dir='ltr'><strong><em>έχομεν</em></strong></span> <span class='ocrx_word' id='word_1_83' title='bbox 378 1332 599 1407; x_wconf 72' lang='grc' dir='ltr'><strong><em>συναίρεσθαι</em></strong></span> <span class='ocrx_word' id='word_1_84' title='bbox 609 1333 657 1418; x_wconf 72' lang='grc' dir='ltr'><strong><em>τῷ</em></strong></span> <span class='ocrx_word' id='word_1_85' title='bbox 672 1324 801 1401; x_wconf 91' lang='grc' dir='ltr'><strong><em>κάλλει;</em></strong></span> <span class='ocrx_word' id='word_1_86' title='bbox 1133 1351 1135 1359; x_wconf 79' lang='grc'><strong>’</strong></span> 
     </span>
     <span class='ocr_line' id='line_1_12' title="bbox 162 1421 1081 1511; baseline -0.003 -17"><span class='ocrx_word' id='word_1_87' title='bbox 162 1430 210 1494; x_wconf 88' lang='grc'><strong><em>13.</em></strong></span> <span class='ocrx_word' id='word_1_88' title='bbox 232 1431 343 1493; x_wconf 78' lang='grc' dir='ltr'><strong><em>Ταῦτα</em></strong></span> <span class='ocrx_word' id='word_1_89' title='bbox 355 1423 416 1511; x_wconf 66' lang='grc' dir='ltr'><strong><em>μὶν</em></strong></span> <span class='ocrx_word' id='word_1_90' title='bbox 430 1421 574 1492; x_wconf 85' lang='grc' dir='ltr'><strong><em>ὁΦίλων</em></strong></span> <span class='ocrx_word' id='word_1_91' title='bbox 586 1425 661 1506; x_wconf 84' lang='grc' dir='ltr'><strong><em>περὶ</em></strong></span> <span class='ocrx_word' id='word_1_92' title='bbox 674 1429 735 1490; x_wconf 87' lang='grc' dir='ltr'><strong><em>τοῦ</em></strong></span> <span class='ocrx_word' id='word_1_93' title='bbox 747 1422 890 1501; x_wconf 78' lang='grc' dir='ltr'><strong><em>κάλλους</em></strong></span> <span class='ocrx_word' id='word_1_94' title='bbox 905 1421 995 1491; x_wconf 83' lang='grc' dir='ltr'><strong><em>εἶπεν</em></strong></span> <span class='ocrx_word' id='word_1_95' title='bbox 1010 1426 1081 1491; x_wconf 82' lang='grc' dir='ltr'><strong><em>έπι·</em></strong></span> 
     </span>
     <span class='ocr_line' id='line_1_13' title="bbox 75 1516 1081 1612; baseline -0.001 -22"><span class='ocrx_word' id='word_1_96' title='bbox 75 1523 150 1601; x_wconf 77' lang='grc' dir='ltr'><strong><em>θεὶς</em></strong></span> <span class='ocrx_word' id='word_1_97' title='bbox 162 1530 260 1590; x_wconf 86' lang='grc' dir='ltr'><strong><em>τοῦτο</em></strong></span> <span class='ocrx_word' id='word_1_98' title='bbox 278 1529 318 1612; x_wconf 77' lang='grc' dir='ltr'><strong><em>τῇ</em></strong></span> <span class='ocrx_word' id='word_1_99' title='bbox 331 1529 482 1611; x_wconf 75' lang='grc' dir='ltr'><strong><em>τελευτῇ,</em></strong></span> <span class='ocrx_word' id='word_1_100' title='bbox 501 1519 545 1600; x_wconf 82' lang='grc' dir='ltr'><strong><em>ὡς</em></strong></span> <span class='ocrx_word' id='word_1_101' title='bbox 559 1524 614 1591; x_wconf 78' lang='grc' dir='ltr'><strong><em>καὶ</em></strong></span> <span class='ocrx_word' id='word_1_102' title='bbox 625 1527 727 1589; x_wconf 89' lang='grc' dir='ltr'><strong><em>πλείω</em></strong></span> <span class='ocrx_word' id='word_1_103' title='bbox 741 1516 784 1588; x_wconf 82' lang='grc' dir='ltr'><strong><em>ἀν</em></strong></span> <span class='ocrx_word' id='word_1_104' title='bbox 799 1521 929 1589; x_wconf 90' lang='grc' dir='ltr'><strong><em>τούτωυ</em></strong></span> <span class='ocrx_word' id='word_1_105' title='bbox 946 1522 1081 1610; x_wconf 78' lang='grc' dir='ltr'><strong><em>εἰρήκει,</em></strong></span> 
     </span>
     <span class='ocr_line' id='line_1_14' title="bbox 77 1615 1083 1706; baseline 0.001 -20"><span class='ocrx_word' id='word_1_106' title='bbox 77 1625 108 1687; x_wconf 87' lang='grc' dir='ltr'><strong><em>εί</em></strong></span> <span class='ocrx_word' id='word_1_107' title='bbox 123 1616 168 1704; x_wconf 77' lang='grc' dir='ltr'><strong><em>μὴ</em></strong></span> <span class='ocrx_word' id='word_1_108' title='bbox 182 1616 218 1687; x_wconf 87' lang='grc' dir='ltr'><strong><em>τό</em></strong></span> <span class='ocrx_word' id='word_1_109' title='bbox 231 1627 450 1705; x_wconf 77' lang='grc' dir='ltr'><strong><em>μακρολογεῖν</em></strong></span> <span class='ocrx_word' id='word_1_110' title='bbox 464 1615 621 1705; x_wconf 76' lang='grc' dir='ltr'><strong><em>ἠπίστατο</em></strong></span> <span class='ocrx_word' id='word_1_111' title='bbox 635 1625 703 1685; x_wconf 78' lang='grc' dir='ltr'><strong><em>τῶν</em></strong></span> <span class='ocrx_word' id='word_1_112' title='bbox 717 1617 886 1706; x_wconf 78' lang='grc' dir='ltr'><strong><em>ἀδοκίμων</em></strong></span> <span class='ocrx_word' id='word_1_113' title='bbox 901 1623 937 1686; x_wconf 81' lang='grc' dir='ltr'><strong><em>ἐν</em></strong></span> <span class='ocrx_word' id='word_1_114' title='bbox 952 1640 1083 1706; x_wconf 90' lang='grc' dir='ltr'><strong><em>συμπο-</em></strong></span> 
     </span>
     <span class='ocr_line' id='line_1_15' title="bbox 76 1711 1083 1804; baseline -0.001 -22"><span class='ocrx_word' id='word_1_115' title='bbox 76 1721 148 1804; x_wconf 87' lang='grc' dir='ltr'><strong><em>σίφ.</em></strong></span> <span class='ocrx_word' id='word_1_116' title='bbox 164 1711 228 1800; x_wconf 89' lang='grc' dir='ltr'><strong><em>μετ’</em></strong></span> <span class='ocrx_word' id='word_1_117' title='bbox 242 1718 371 1783; x_wconf 78' lang='grc' dir='ltr'><strong><em>ἐκεῖνον</em></strong></span> <span class='ocrx_word' id='word_1_118' title='bbox 382 1713 415 1782; x_wconf 86' lang='grc' dir='ltr'><strong><em>δ’</em></strong></span> <span class='ocrx_word' id='word_1_119' title='bbox 430 1713 535 1796; x_wconf 75' lang='grc' dir='ltr'><strong><em>εὐθὺς</em></strong></span> <span class='ocrx_word' id='word_1_120' title='bbox 546 1712 753 1800; x_wconf 77' lang='grc' dir='ltr'><strong><em>Ἀρίστιππος</em></strong></span> <span class='ocrx_word' id='word_1_121' title='bbox 765 1713 884 1804; x_wconf 79' lang='grc' dir='ltr'><strong><em>ἥπτετο</em></strong></span> <span class='ocrx_word' id='word_1_122' title='bbox 894 1724 961 1784; x_wconf 78' lang='grc' dir='ltr'><strong><em>τῶν</em></strong></span> <span class='ocrx_word' id='word_1_123' title='bbox 971 1716 1083 1802; x_wconf 87' lang='grc' dir='ltr'><strong><em>λόγων</em></strong></span> 
     </span>
     <span class='ocr_line' id='line_1_16' title="bbox 76 1809 1082 1900; baseline 0 -21"><span class='ocrx_word' id='word_1_124' title='bbox 76 1809 184 1881; x_wconf 80' lang='grc' dir='ltr'><strong><em>πολλά</em></strong></span> <span class='ocrx_word' id='word_1_125' title='bbox 199 1812 364 1896; x_wconf 89' lang='grc' dir='ltr'><strong><em>πρότερον</em></strong></span> <span class='ocrx_word' id='word_1_126' title='bbox 378 1821 604 1898; x_wconf 79' lang='grc' dir='ltr'><strong><em>παρακληθεις</em></strong></span> <span class='ocrx_word' id='word_1_127' title='bbox 618 1809 676 1880; x_wconf 83' lang='grc' dir='ltr'><strong><em>ὑπ’</em></strong></span> <span class='ocrx_word' id='word_1_128' title='bbox 690 1809 939 1897; x_wconf 75' lang='grc' dir='ltr'><strong><em>Ἀνδροκλέους·</em></strong></span> <span class='ocrx_word' id='word_1_129' title='bbox 963 1810 1004 1880; x_wconf 91' lang='grc' dir='ltr'><strong><em>οὐ</em></strong></span> <span class='ocrx_word' id='word_1_130' title='bbox 1017 1810 1082 1900; x_wconf 84' lang='grc' dir='ltr'><strong><em>γάρ</em></strong></span> 
     </span>
     <span class='ocr_line' id='line_1_17' title="bbox 76 1909 1080 2000; baseline 0.001 -22"><span class='ocrx_word' id='word_1_131' title='bbox 76 1910 233 1997; x_wconf 79' lang='grc' dir='ltr'><strong><em>ἐβούλετο</em></strong></span> <span class='ocrx_word' id='word_1_132' title='bbox 254 1914 364 1996; x_wconf 88' lang='grc' dir='ltr'><strong><em>λέγειν</em></strong></span> <span class='ocrx_word' id='word_1_133' title='bbox 382 1909 419 1978; x_wconf 89' lang='grc' dir='ltr'><strong><em>τδ</em></strong></span> <span class='ocrx_word' id='word_1_134' title='bbox 440 1910 521 1997; x_wconf 81' lang='grc' dir='ltr'><strong><em>μετὰ</em></strong></span> <span class='ocrx_word' id='word_1_135' title='bbox 537 1918 672 1979; x_wconf 78' lang='grc' dir='ltr'><strong><em>Φίλωνα</em></strong></span> <span class='ocrx_word' id='word_1_136' title='bbox 696 1910 943 1999; x_wconf 82' lang='grc' dir='ltr'><strong><em>εὐλαβούμενος</em></strong></span> <span class='ocrx_word' id='word_1_137' title='bbox 964 1916 1080 2000; x_wconf 88' lang='grc' dir='ltr'><strong><em>λέγειν.</em></strong></span> 
     </span>
     <span class='ocr_line' id='line_1_18' title="bbox 77 2006 1081 2095; baseline 0.002 -21"><span class='ocrx_word' id='word_1_138' title='bbox 77 2007 198 2095; x_wconf 79' lang='grc' dir='ltr'><strong><em>ἤρξατο</em></strong></span> <span class='ocrx_word' id='word_1_139' title='bbox 217 2006 253 2077; x_wconf 69' lang='grc' dir='ltr'><strong><em>δέ</em></strong></span> <span class='ocrx_word' id='word_1_140' title='bbox 266 2009 440 2076; x_wconf 77' lang='grc' dir='ltr'><strong><em>ἐντεῦθεν·</em></strong></span> <span class='ocrx_word' id='word_1_141' title='bbox 472 2015 521 2078; x_wconf 80' lang='lat'><strong><em>14.</em></strong></span> <span class='ocrx_word' id='word_1_142' title='bbox 537 2011 661 2078; x_wconf 80' lang='grc' dir='ltr'><strong><em>Πολλοὶ</em></strong></span> <span class='ocrx_word' id='word_1_143' title='bbox 677 2007 837 2090; x_wconf 72' lang='grc' dir='ltr'><strong><em>πολλάκις</em></strong></span> <span class='ocrx_word' id='word_1_144' title='bbox 853 2009 1030 2095; x_wconf 74' lang='grc' dir='ltr'><strong><em>ἅνθρωποι</em></strong></span> <span class='ocrx_word' id='word_1_145' title='bbox 1044 2008 1081 2077; x_wconf 87' lang='grc' dir='ltr'><strong><em>τό</em></strong></span> 
     </span>
     <span class='ocr_line' id='line_1_19' title="bbox 76 2104 1082 2194; baseline 0.002 -22"><span class='ocrx_word' id='word_1_146' title='bbox 76 2108 153 2189; x_wconf 77' lang='grc' dir='ltr'><strong><em>περὶ</em></strong></span> <span class='ocrx_word' id='word_1_147' title='bbox 166 2113 235 2173; x_wconf 80' lang='grc' dir='ltr'><strong><em>τῶν</em></strong></span> <span class='ocrx_word' id='word_1_148' title='bbox 247 2113 426 2192; x_wconf 79' lang='grc' dir='ltr'><strong><em>βελτίστων</em></strong></span> <span class='ocrx_word' id='word_1_149' title='bbox 446 2111 501 2175; x_wconf 78' lang='grc' dir='ltr'><strong><em>καὶ</em></strong></span> <span class='ocrx_word' id='word_1_150' title='bbox 517 2104 598 2194; x_wconf 72' lang='grc' dir='ltr'><strong><em>ἡμῖν</em></strong></span> <span class='ocrx_word' id='word_1_151' title='bbox 614 2107 858 2193; x_wconf 82' lang='grc' dir='ltr'><strong><em>συμφερόντων</em></strong></span> <span class='ocrx_word' id='word_1_152' title='bbox 874 2105 1014 2193; x_wconf 83' lang='grc' dir='ltr'><strong><em>ἀφέντες</em></strong></span> <span class='ocrx_word' id='word_1_153' title='bbox 1029 2111 1082 2175; x_wconf 86' lang='grc' dir='ltr'><strong><em>λέ·</em></strong></span> 
     </span>
     <span class='ocr_line' id='line_1_20' title="bbox 76 2196 1084 2293; baseline 0 -22"><span class='ocrx_word' id='word_1_154' title='bbox 76 2230 152 2291; x_wconf 86' lang='grc' dir='ltr'><strong><em>γειν</em></strong></span> <span class='ocrx_word' id='word_1_155' title='bbox 168 2202 222 2288; x_wconf 79' lang='grc' dir='ltr'><strong><em>ἐφ’</em></strong></span> <span class='ocrx_word' id='word_1_156' title='bbox 240 2205 351 2290; x_wconf 74' lang='grc' dir='ltr'><strong><em>ἑτέρας</em></strong></span> <span class='ocrx_word' id='word_1_157' title='bbox 365 2203 457 2284; x_wconf 83' lang='grc' dir='ltr'><strong><em>τινάς</em></strong></span> <span class='ocrx_word' id='word_1_158' title='bbox 479 2203 638 2293; x_wconf 81' lang='grc' dir='ltr'><strong><em>ὥρμησαν</em></strong></span> <span class='ocrx_word' id='word_1_159' title='bbox 658 2204 853 2291; x_wconf 78' lang='grc' dir='ltr'><strong><em>ὑποθέσεις,</em></strong></span> <span class='ocrx_word' id='word_1_160' title='bbox 877 2203 938 2292; x_wconf 84' lang='grc' dir='ltr'><strong><em>ἀφ’</em></strong></span> <span class='ocrx_word' id='word_1_161' title='bbox 956 2196 1005 2273; x_wconf 77' lang='grc' dir='ltr'><strong><em>ἀν</em></strong></span> <span class='ocrx_word' id='word_1_162' title='bbox 1021 2202 1084 2272; x_wconf 90' lang='grc' dir='ltr'><strong><em>αὐ-</em></strong></span> 
     </span>
     <span class='ocr_line' id='line_1_21' title="bbox 75 2300 1084 2391; baseline -0.001 -20"><span class='ocrx_word' id='word_1_163' title='bbox 75 2315 146 2381; x_wconf 72' lang='grc' dir='ltr'><strong><em>τοῖς</em></strong></span> <span class='ocrx_word' id='word_1_164' title='bbox 157 2302 219 2388; x_wconf 67' lang='grc' dir='ltr'><strong><em>μέν</em></strong></span> <span class='ocrx_word' id='word_1_165' title='bbox 232 2306 369 2371; x_wconf 85' lang='grc' dir='ltr'><strong><em>δοκοῦσι</em></strong></span> <span class='ocrx_word' id='word_1_166' title='bbox 381 2305 483 2383; x_wconf 79' lang='grc' dir='ltr'><strong><em>δόξαν</em></strong></span> <span class='ocrx_word' id='word_1_167' title='bbox 494 2303 686 2391; x_wconf 80' lang='grc' dir='ltr'><strong><em>προσάγειν,</em></strong></span> <span class='ocrx_word' id='word_1_168' title='bbox 697 2318 765 2382; x_wconf 70' lang='grc' dir='ltr'><strong><em>τοῖς</em></strong></span> <span class='ocrx_word' id='word_1_169' title='bbox 776 2300 807 2370; x_wconf 88' lang='grc' dir='ltr'><strong><em>δ’</em></strong></span> <span class='ocrx_word' id='word_1_170' title='bbox 820 2303 997 2387; x_wconf 78' lang='grc' dir='ltr'><strong><em>άκροαταῑς</em></strong></span> <span class='ocrx_word' id='word_1_171' title='bbox 1006 2301 1084 2380; x_wconf 86' lang='grc' dir='ltr'><strong><em>τούς</em></strong></span> 
     </span>
     <span class='ocr_line' id='line_1_22' title="bbox 77 2396 1085 2489; baseline -0.002 -20"><span class='ocrx_word' id='word_1_172' title='bbox 77 2399 200 2485; x_wconf 88' lang='grc' dir='ltr'><strong><em>λόγους</em></strong></span> <span class='ocrx_word' id='word_1_173' title='bbox 216 2396 317 2469; x_wconf 74' lang='grc' dir='ltr'><strong><em>οὐδὲν</em></strong></span> <span class='ocrx_word' id='word_1_174' title='bbox 333 2408 587 2479; x_wconf 86' lang='grc' dir='ltr'><strong><em>λυσιτελοῦντας</em></strong></span> <span class='ocrx_word' id='word_1_175' title='bbox 603 2409 795 2488; x_wconf 85' lang='grc' dir='ltr'><strong><em>ποιοῦνται,</em></strong></span> <span class='ocrx_word' id='word_1_176' title='bbox 810 2402 863 2470; x_wconf 80' lang='grc' dir='ltr'><strong><em>καὶ</em></strong></span> <span class='ocrx_word' id='word_1_177' title='bbox 881 2400 1085 2489; x_wconf 80' lang='grc' dir='ltr'><strong><em>διεληλύθα-</em></strong></span> 
     </span>
     <span class='ocr_line' id='line_1_23' title="bbox 76 2495 1084 2585; baseline 0 -20"><span class='ocrx_word' id='word_1_178' title='bbox 76 2518 134 2565; x_wconf 92' lang='grc' dir='ltr'><strong><em>σιν</em></strong></span> <span class='ocrx_word' id='word_1_179' title='bbox 156 2503 191 2565; x_wconf 89' lang='grc' dir='ltr'><strong><em>οί</em></strong></span> <span class='ocrx_word' id='word_1_180' title='bbox 208 2497 271 2584; x_wconf 72' lang='grc' dir='ltr'><strong><em>μὲν</em></strong></span> <span class='ocrx_word' id='word_1_181' title='bbox 290 2500 366 2582; x_wconf 76' lang='grc' dir='ltr'><strong><em>περὶ</em></strong></span> <span class='ocrx_word' id='word_1_182' title='bbox 388 2506 455 2566; x_wconf 74' lang='grc' dir='ltr'><strong><em>τοῖν</em></strong></span> <span class='ocrx_word' id='word_1_183' title='bbox 475 2496 587 2567; x_wconf 82' lang='grc' dir='ltr'><strong><em>αὐτῶν</em></strong></span> <span class='ocrx_word' id='word_1_184' title='bbox 613 2502 773 2582; x_wconf 74' lang='grc' dir='ltr'><strong><em>ἐρίζοντες</em></strong></span> <span class='ocrx_word' id='word_1_185' title='bbox 793 2495 965 2585; x_wconf 79' lang='grc' dir='ltr'><strong><em>ἀλλήλοις,</em></strong></span> <span class='ocrx_word' id='word_1_186' title='bbox 996 2501 1030 2566; x_wconf 91' lang='grc' dir='ltr'><strong><em>οί</em></strong></span> <span class='ocrx_word' id='word_1_187' title='bbox 1049 2502 1084 2565; x_wconf 75' lang='grc' dir='ltr'><strong><em>δὲ</em></strong></span> 
     </span>
     <span class='ocr_line' id='line_1_24' title="bbox 77 2592 1152 2682; baseline -0.001 -18"><span class='ocrx_word' id='word_1_188' title='bbox 77 2595 293 2682; x_wconf 85' lang='grc' dir='ltr'><strong><em>διηγούμενοι</em></strong></span> <span class='ocrx_word' id='word_1_189' title='bbox 311 2593 350 2662; x_wconf 83' lang='grc' dir='ltr'><strong><em>τά</em></strong></span> <span class='ocrx_word' id='word_1_190' title='bbox 372 2594 434 2663; x_wconf 85' lang='grc' dir='ltr'><strong><em>οὐκ</em></strong></span> <span class='ocrx_word' id='word_1_191' title='bbox 454 2594 557 2681; x_wconf 68' lang='grc' dir='ltr'><strong><em>ὄντας</em></strong></span> <span class='ocrx_word' id='word_1_192' title='bbox 572 2598 678 2681; x_wconf 79' lang='grc' dir='ltr'><strong><em>ἕτεροι</em></strong></span> <span class='ocrx_word' id='word_1_193' title='bbox 698 2600 734 2666; x_wconf 74' lang='grc' dir='ltr'><strong><em>δὲ</em></strong></span> <span class='ocrx_word' id='word_1_194' title='bbox 752 2597 826 2681; x_wconf 76' lang='grc' dir='ltr'><strong><em>περὶ</em></strong></span> <span class='ocrx_word' id='word_1_195' title='bbox 845 2604 913 2665; x_wconf 80' lang='grc' dir='ltr'><strong><em>τῶν</em></strong></span> <span class='ocrx_word' id='word_1_196' title='bbox 929 2592 1083 2681; x_wconf 79' lang='grc' dir='ltr'><strong><em>οὐδαμῶς</em></strong></span> <span class='ocrx_word' id='word_1_197' title='bbox 1101 2615 1152 2670; x_wconf 76' lang='lat'><strong><em>626</em></strong></span> 
     </span>
    </p>
   </div>
   <div class='ocr_carea' id='block_1_3' title="bbox 77 2789 1085 3564">
    <p class='ocr_par' dir='ltr' id='par_1_3' title="bbox 77 2789 1085 3564">
     <span class='ocr_line' id='line_1_25' title="bbox 77 2789 1082 2880; baseline 0.002 -21"><span class='ocrx_word' id='word_1_198' title='bbox 77 2791 255 2873; x_wconf 84' lang='grc' dir='ltr'><strong><em>λιπόντας,</em></strong></span> <span class='ocrx_word' id='word_1_199' title='bbox 274 2789 364 2871; x_wconf 82' lang='grc' dir='ltr'><strong><em>ὅπως</em></strong></span> <span class='ocrx_word' id='word_1_200' title='bbox 380 2820 411 2861; x_wconf 94' lang='grc' dir='ltr'><strong><em>τι</em></strong></span> <span class='ocrx_word' id='word_1_201' title='bbox 428 2794 558 2879; x_wconf 85' lang='grc' dir='ltr'><strong><em>βέλτιον</em></strong></span> <span class='ocrx_word' id='word_1_202' title='bbox 577 2794 722 2880; x_wconf 82' lang='grc' dir='ltr'><strong><em>τύχωσιν</em></strong></span> <span class='ocrx_word' id='word_1_203' title='bbox 744 2792 907 2877; x_wconf 75' lang='grc' dir='ltr'><strong><em>εἰπόντες,</em></strong></span> <span class='ocrx_word' id='word_1_204' title='bbox 930 2807 1082 2861; x_wconf 72' lang='grc' dir='ltr'><strong><em>σκοπεῖν·</em></strong></span> 
     </span>
     <span class='ocr_line' id='line_1_26' title="bbox 78 2885 1084 2981; baseline 0.003 -25"><span class='ocrx_word' id='word_1_205' title='bbox 78 2885 140 2969; x_wconf 82' lang='grc' dir='ltr'><strong><em>οδς</em></strong></span> <span class='ocrx_word' id='word_1_206' title='bbox 155 2896 221 2957; x_wconf 87' lang='grc' dir='ltr'><strong><em>νῦν</em></strong></span> <span class='ocrx_word' id='word_1_207' title='bbox 234 2887 299 2977; x_wconf 81' lang='grc' dir='ltr'><strong><em>έγά</em></strong></span> <span class='ocrx_word' id='word_1_208' title='bbox 318 2893 392 2976; x_wconf 79' lang='grc' dir='ltr'><strong><em>περὶ</em></strong></span> <span class='ocrx_word' id='word_1_209' title='bbox 408 2899 476 2959; x_wconf 80' lang='grc' dir='ltr'><strong><em>τῶν</em></strong></span> <span class='ocrx_word' id='word_1_210' title='bbox 489 2889 597 2961; x_wconf 88' lang='grc' dir='ltr'><strong><em>όντων</em></strong></span> <span class='ocrx_word' id='word_1_211' title='bbox 611 2890 713 2960; x_wconf 73' lang='grc' dir='ltr'><strong><em>οὐδὲν</em></strong></span> <span class='ocrx_word' id='word_1_212' title='bbox 727 2889 818 2981; x_wconf 71' lang='grc' dir='ltr'><strong><em>ὑγιὲς</em></strong></span> <span class='ocrx_word' id='word_1_213' title='bbox 830 2894 1011 2978; x_wconf 80' lang='grc' dir='ltr'><strong><em>ἐγνωκέναι</em></strong></span> <span class='ocrx_word' id='word_1_214' title='bbox 1025 2918 1084 2959; x_wconf 94' lang='grc' dir='ltr'><strong><em>νο-</em></strong></span> 
     </span>
     <span class='ocr_line' id='line_1_27' title="bbox 78 2987 1085 3077; baseline 0.001 -22"><span class='ocrx_word' id='word_1_215' title='bbox 78 2994 182 3074; x_wconf 78' lang='grc' dir='ltr'><strong><em>μίζων</em></strong></span> <span class='ocrx_word' id='word_1_216' title='bbox 197 2987 304 3068; x_wconf 81' lang='grc' dir='ltr'><strong><em>ἄλλως</em></strong></span> <span class='ocrx_word' id='word_1_217' title='bbox 318 3016 352 3057; x_wconf 89' lang='grc' dir='ltr'><strong><em>τε</em></strong></span> <span class='ocrx_word' id='word_1_218' title='bbox 367 2991 421 3059; x_wconf 78' lang='grc' dir='ltr'><strong><em>καὶ</em></strong></span> <span class='ocrx_word' id='word_1_219' title='bbox 435 2992 472 3057; x_wconf 86' lang='grc' dir='ltr'><strong><em>τό</em></strong></span> <span class='ocrx_word' id='word_1_220' title='bbox 488 2998 591 3059; x_wconf 80' lang='grc' dir='ltr'><strong><em>τινῶν</em></strong></span> <span class='ocrx_word' id='word_1_221' title='bbox 602 2988 738 3075; x_wconf 88' lang='grc' dir='ltr'><strong><em>ἀγνοίας</em></strong></span> <span class='ocrx_word' id='word_1_222' title='bbox 751 2998 819 3058; x_wconf 76' lang='grc' dir='ltr'><strong><em>τοῖν</em></strong></span> <span class='ocrx_word' id='word_1_223' title='bbox 832 2996 1011 3077; x_wconf 87' lang='grc' dir='ltr'><strong><em>βελτίστων</em></strong></span> <span class='ocrx_word' id='word_1_224' title='bbox 1023 3016 1085 3058; x_wconf 92' lang='grc' dir='ltr'><strong><em>κα-</em></strong></span> 
     </span>
     <span class='ocr_line' id='line_1_28' title="bbox 78 3085 1084 3174; baseline 0.003 -21"><span class='ocrx_word' id='word_1_225' title='bbox 78 3095 286 3172; x_wconf 88' lang='grc' dir='ltr'><strong><em>τηγοροῦντα</em></strong></span> <span class='ocrx_word' id='word_1_226' title='bbox 310 3103 378 3166; x_wconf 75' lang='grc' dir='ltr'><strong><em>τοῖς</em></strong></span> <span class='ocrx_word' id='word_1_227' title='bbox 398 3086 511 3168; x_wconf 69' lang='grc' dir='ltr'><strong><em>αὐτοῖς</em></strong></span> <span class='ocrx_word' id='word_1_228' title='bbox 533 3096 742 3171; x_wconf 88' lang='grc' dir='ltr'><strong><em>περιπίπτειν</em></strong></span> <span class='ocrx_word' id='word_1_229' title='bbox 763 3095 830 3156; x_wconf 76' lang='grc' dir='ltr'><strong><em>τῶν</em></strong></span> <span class='ocrx_word' id='word_1_230' title='bbox 854 3085 1084 3174; x_wconf 75' lang='grc' dir='ltr'><strong><em>εὐηθεστέρων</em></strong></span> 
     </span>
     <span class='ocr_line' id='line_1_29' title="bbox 77 3182 1084 3274; baseline 0.002 -22"><span class='ocrx_word' id='word_1_231' title='bbox 77 3183 231 3268; x_wconf 77' lang='grc' dir='ltr'><strong><em>οἰόμενος</em></strong></span> <span class='ocrx_word' id='word_1_232' title='bbox 243 3184 326 3252; x_wconf 83' lang='grc' dir='ltr'><strong><em>εἶναι</em></strong></span> <span class='ocrx_word' id='word_1_233' title='bbox 336 3186 455 3273; x_wconf 83' lang='grc' dir='ltr'><strong><em>πάντη,</em></strong></span> <span class='ocrx_word' id='word_1_234' title='bbox 466 3182 528 3273; x_wconf 77' lang='grc' dir='ltr'><strong><em>τὴν</em></strong></span> <span class='ocrx_word' id='word_1_235' title='bbox 539 3183 645 3272; x_wconf 79' lang='grc' dir='ltr'><strong><em>αὐτὴν</em></strong></span> <span class='ocrx_word' id='word_1_236' title='bbox 654 3186 926 3274; x_wconf 80' lang='grc' dir='ltr'><strong><em>λυσιτελεστάτην</em></strong></span> <span class='ocrx_word' id='word_1_237' title='bbox 937 3188 992 3254; x_wconf 76' lang='grc' dir='ltr'><strong><em>καὶ</em></strong></span> <span class='ocrx_word' id='word_1_238' title='bbox 1003 3195 1084 3254; x_wconf 91' lang='grc' dir='ltr'><strong><em>καλ-</em></strong></span> 
     </span>
     <span class='ocr_line' id='line_1_30' title="bbox 79 3280 1085 3371; baseline 0.001 -22"><span class='ocrx_word' id='word_1_239' title='bbox 79 3287 196 3366; x_wconf 88' lang='grc' dir='ltr'><strong><em>λίστην</em></strong></span> <span class='ocrx_word' id='word_1_240' title='bbox 215 3297 282 3361; x_wconf 81' lang='grc' dir='ltr'><strong><em>τοῖς</em></strong></span> <span class='ocrx_word' id='word_1_241' title='bbox 301 3280 484 3351; x_wconf 90' lang='grc' dir='ltr'><strong><em>άκούουσιν</em></strong></span> <span class='ocrx_word' id='word_1_242' title='bbox 503 3280 671 3352; x_wconf 74' lang='grc' dir='ltr'><strong><em>ὑπόδεσιν</em></strong></span> <span class='ocrx_word' id='word_1_243' title='bbox 691 3284 868 3371; x_wconf 81' lang='grc' dir='ltr'><strong><em>ποιήσομαι</em></strong></span> <span class='ocrx_word' id='word_1_244' title='bbox 890 3292 958 3352; x_wconf 76' lang='grc' dir='ltr'><strong><em>τῶν</em></strong></span> <span class='ocrx_word' id='word_1_245' title='bbox 974 3284 1085 3371; x_wconf 90' lang='grc' dir='ltr'><strong><em>λόγων</em></strong></span> 
     </span>
     <span class='ocr_line' id='line_1_31' title="bbox 80 3374 1084 3466; baseline 0.001 -21"><span class='ocrx_word' id='word_1_246' title='bbox 80 3377 135 3446; x_wconf 80' lang='grc' dir='ltr'><strong><em>καί</em></strong></span> <span class='ocrx_word' id='word_1_247' title='bbox 150 3374 192 3464; x_wconf 78' lang='grc' dir='ltr'><strong><em>ἢν</em></strong></span> <span class='ocrx_word' id='word_1_248' title='bbox 206 3386 269 3457; x_wconf 73' lang='grc' dir='ltr'><strong><em>ποῖς</em></strong></span> <span class='ocrx_word' id='word_1_249' title='bbox 284 3376 440 3448; x_wconf 83' lang='grc' dir='ltr'><strong><em>ὁστισοῦν</em></strong></span> <span class='ocrx_word' id='word_1_250' title='bbox 460 3376 503 3446; x_wconf 83' lang='grc' dir='ltr'><strong><em>ἀν</em></strong></span> <span class='ocrx_word' id='word_1_251' title='bbox 516 3386 598 3466; x_wconf 87' lang='grc' dir='ltr'><strong><em>φαίη</em></strong></span> <span class='ocrx_word' id='word_1_252' title='bbox 620 3376 770 3449; x_wconf 88' lang='grc' dir='ltr'><strong><em>κάλλιστ’</em></strong></span> <span class='ocrx_word' id='word_1_253' title='bbox 785 3376 828 3448; x_wconf 86' lang='grc' dir='ltr'><strong><em>ἀν</em></strong></span> <span class='ocrx_word' id='word_1_254' title='bbox 844 3385 930 3465; x_wconf 74' lang='grc' dir='ltr'><strong><em>ἔχειν</em></strong></span> <span class='ocrx_word' id='word_1_255' title='bbox 947 3377 1084 3447; x_wconf 87' lang='grc' dir='ltr'><strong><em>ἀκούειν</em></strong></span> 
     </span>
     <span class='ocr_line' id='line_1_32' title="bbox 80 3471 1084 3564; baseline 0.001 -22"><span class='ocrx_word' id='word_1_256' title='bbox 80 3480 266 3564; x_wconf 85' lang='grc' dir='ltr'><strong><em>καλλίστην.</em></strong></span> <span class='ocrx_word' id='word_1_257' title='bbox 292 3482 340 3546; x_wconf 85' lang='grc'><strong><em>15.</em></strong></span> <span class='ocrx_word' id='word_1_258' title='bbox 358 3484 388 3547; x_wconf 84' lang='grc' dir='ltr'><strong><em>ελ</em></strong></span> <span class='ocrx_word' id='word_1_259' title='bbox 398 3475 460 3564; x_wconf 67' lang='grc' dir='ltr'><strong><em>μέν</em></strong></span> <span class='ocrx_word' id='word_1_260' title='bbox 475 3471 538 3546; x_wconf 81' lang='grc' dir='ltr'><strong><em>οὖν</em></strong></span> <span class='ocrx_word' id='word_1_261' title='bbox 549 3484 627 3563; x_wconf 91' lang='grc' dir='ltr'><strong><em>περί</em></strong></span> <span class='ocrx_word' id='word_1_262' title='bbox 638 3503 728 3556; x_wconf 86' lang='grc' dir='ltr'><strong><em>τινος</em></strong></span> <span class='ocrx_word' id='word_1_263' title='bbox 742 3477 856 3559; x_wconf 82' lang='grc' dir='ltr'><strong><em>ἑτέρου</em></strong></span> <span class='ocrx_word' id='word_1_264' title='bbox 871 3475 950 3554; x_wconf 84' lang='grc' dir='ltr'><strong><em>τούς</em></strong></span> <span class='ocrx_word' id='word_1_265' title='bbox 965 3477 1084 3564; x_wconf 86' lang='grc' dir='ltr'><strong><em>λόγους</em></strong></span> 
     </span>
    </p>
   </div>
   <div class='ocr_carea' id='block_1_4' title="bbox 0 0 1328 4092">
    <p class='ocr_par' dir='ltr' id='par_1_4' title="bbox 0 0 1328 4092">
     <span class='ocr_line' id='line_1_33' title="bbox 0 0 1328 4092; baseline 0 0"><span class='ocrx_word' id='word_1_266' title='bbox 0 0 1328 4092; x_wconf 95' lang='lat' dir='ltr'><strong><em> </em></strong></span> 
     </span>
    </p>
   </div>
  </div>
 </body>
</html>
