2625 4092
360 297 497 359 ΘΕΩΝ
518 300 790 359 ΕΚΚΑΗΣΙΑ.
1013 303 1077 366 385

288 567 468 636 ΘΕΩΝ
504 568 854 637 ΕΚΚΑΗΣΙΑ.

150 747 319 810 1.ΖΕΤΣ.
343 743 473 824 Μηκέτι
490 742 727 826 τονθορύζετε,
745 734 773 810 ὦ
783 749 875 827 θεοί,
891 746 974 831 μηδὲ
991 744 1073 813 κατὰ

66 847 186 924 γωνίας
209 839 475 924 συστρεφόμενοι
493 836 577 924 πρὸς
601 836 636 905 τὸ
661 830 720 917 οὖς
745 837 900 926 ἀλλήλους
918 850 1074 919 ,κοινολο-

65 948 189 1023 γεῑσθε,
206 935 471 1023 ἀγανακτοῦντες
483 941 513 1004 εί
521 938 637 1004 πολλοὶ
648 935 983 1025 ἅνύξιοιμιτέχουσιν
992 939 1073 1029 ήμίν
1090 962 1144 1016 ὁκθ

64 1043 125 1103 τοῦ
144 1043 352 1121 συμποσίου,
379 1032 454 1102 ἀλλ’
476 1038 608 1117 ἐπείπερ
629 1034 827 1111 ἀποδέδοται
849 1040 924 1122 περὶ
944 1038 1074 1106 τούτων

64 1137 235 1219 ἐκκλησία,
250 1136 371 1217 λεγέτω
386 1135 522 1209 ἕκαστος
537 1135 569 1209 ές
584 1131 620 1199 τὸ
637 1131 789 1219 φανερὸν
803 1134 843 1202 τὰ
860 1137 1026 1205 δοκοῦντά
1042 1142 1077 1204 οί

64 1234 117 1301 καὶ
131 1238 361 1318 κατηγορείτω.
389 1226 432 1298 σύ
448 1232 483 1297 δὲ
498 1232 656 1317 κήρυττε,
680 1226 841 1320 ὦἙρμή,
866 1232 902 1301 τὸ
919 1236 1073 1320 κήρυγμα

63 1328 99 1397 τδ
116 1334 152 1397 ἐκ
169 1337 229 1397 τοῦ
245 1328 362 1415 νόμου.

147 1436 317 1497 ΕΡΜΗΣ.
333 1428 464 1513 Ἄκουε,
480 1437 565 1515 σίγα.
587 1436 635 1507 τίς
650 1427 827 1514 ἀγορεύειν
838 1428 995 1514 βούλεται
1004 1439 1073 1498 τῶν

61 1535 196 1595 τελείων
217 1532 310 1595 θεῶν
331 1522 379 1604 οἷς
396 1531 536 1607 §gaeum
558 1524 577 1613 ή
599 1525 635 1597 δὲ
650 1530 766 1611 σκέψις
781 1529 856 1609 περὶ
876 1534 944 1594 τῶν
960 1538 1071 1613 μετοί-

61 1650 132 1693 κων
147 1627 200 1692 καὶ
218 1628 332 1705 ξένων.

147 1730 333 1793 ΜΩΜΟΣ.
359 1721 440 1809 Ἐγώ
462 1722 480 1790 ὁ
498 1731 644 1811 Μῶμος,
669 1716 796 1809 ὦΖεύ,
821 1734 854 1792 εί
869 1751 926 1810 μοι
942 1728 1071 1809 ἐπιτρέ-

61 1838 157 1905 ψειας
171 1831 285 1893 εἰπεῖν.

146 1930 270 1991 ΖΕΥΣ.
298 1919 343 1989 Τό
357 1921 512 2010 κήρυγμα
523 1920 586 2009 ήδη
603 1926 754 2009 ἐφίησιν·
778 1921 861 2005 ὥστε
876 1921 977 1991 οὐδὲν
988 1928 1070 2010 ἐμοῦ

57 2023 180 2108 δεήσει.

145 2124 175 2188 2.
196 2124 319 2186 ΜΩΜ.
346 2121 437 2204 Φημὶ
456 2124 572 2187 τοίνυν
587 2116 682 2185 δεινοὶ
703 2134 811 2187 ποιεῖν
833 2123 944 2199 ένίους
964 2118 1069 2207 ήμῶν,

57 2212 108 2296 οἷς
124 2216 186 2284 οὐκ
201 2213 329 2303 ἀπόχρη
345 2215 448 2294 θεοὺς
463 2220 496 2297 ἐξ
510 2215 705 2298 ἀνθρώπων
725 2215 837 2297 αὐτοῖς
854 2226 1068 2306 γεγενῆσθαι,

56 2313 152 2398 ἀλλ’,
168 2320 198 2383 εί
211 2312 254 2401 μή
270 2316 325 2385 καὶ
339 2313 418 2393 τούς
432 2314 645 2393 ἀκολούθους
660 2316 715 2381 καὶ
728 2314 939 2399 θεράποντας
957 2315 1068 2384 αὐτῶν

56 2421 228 2501 ἰσοτίμους
243 2414 322 2501 ήμῑν
333 2412 586 2500 ἀποφανοῦσιν,
604 2411 704 2482 οὐδὲν
718 2417 802 2500 μέγα
816 2412 895 2482 οὐδὲ
910 2413 1067 2483 νεανικόν

55 2525 186 2583 οίονται
205 2515 391 2599 εἰργάσθαι.
414 2510 495 2595 ἀξιῶ
510 2513 562 2597 δέ,
581 2504 703 2596 οδΖεῦ,
718 2511 799 2598 μετὰ
811 2520 995 2597 παρρησίας
1011 2540 1068 2599 μοι

55 2622 180 2683 δοῦναι
198 2621 316 2682 εἰπεῖν·
340 2612 418 2682 οὐδὲ
430 2611 494 2698 γὰρ
511 2608 554 2679 ἄν
566 2611 674 2689 ἄλλως
686 2617 867 2697 δυναίμην,
883 2610 966 2679 α’λλδ
980 2614 1068 2677 ποίν-

54 2742 109 2793 τες
124 2740 165 2801 με
180 2724 290 2783 ίσασιν
305 2710 350 2793 ὡς
370 2713 550 2795 ἐλεύθερός
572 2717 637 2795 είμι
653 2710 715 2796 τήν
730 2718 879 2796 γλῶτταν
894 2712 949 2777 καὶ
966 2709 1066 2779 οὐδὲν

53 2810 102 2882 οἲν
118 2812 405 2899 κατασιωπήσαιμι
416 2819 483 2879 τῶν
498 2808 540 2878 οὐ
551 2817 660 2887 καλῶς
670 2812 892 2895 γιγνομένων·
909 2814 1065 2896 διελέγχω

54 2912 122 3000 γὰρ
145 2912 275 2981 ἅπαντα
299 2915 353 2980 καὶ
375 2916 459 2998 λέγω
479 2909 518 2979 τοὶ
541 2910 707 2979 δοκοῦντά
729 2934 784 2994 μοι
808 2911 840 2986 ές
856 2906 892 2976 τό
914 2908 1065 2993 φανερὸν

53 3013 135 3081 οὔτε
150 3012 268 3091 δεδιώς
281 3040 355 3080 τινα
367 3010 443 3079 οὔτε
460 3008 518 3078 ὑπ’
531 3016 645 3086 αἰδοῦς
657 3006 890 3076 ἐπικαλύπτων
901 3006 962 3094 τήν
975 3010 1064 3093 γνω-

53 3137 140 3197 μηυ·
164 3109 247 3177 ὥστε
264 3113 318 3179 καὶ
335 3108 482 3197 ἐπαχθής
496 3116 583 3177 δοκῶ
595 3124 663 3186 τοῖς
673 3117 807 3186 πολλοῖς
821 3111 875 3175 καὶ
890 3129 1064 3192 συκοφαν-

54 3207 148 3287 τικὸς
160 3206 221 3295 τήν
232 3211 353 3294 φύσιν,
367 3210 524 3297 δημόσιός
536 3236 585 3287 τις
597 3208 780 3295 κατήγορος
790 3205 849 3275 ὑπ’
862 3206 974 3274 αὐτῶν
985 3211 1066 3275 ἑπο-

53 3310 288 3394 νομαζόμενος.
316 3306 404 3394 πλήν
426 3304 500 3375 ἄλλ’
518 3311 650 3391 ἐπείπερ
666 3313 768 3387 ἔξεστι
790 3307 845 3374 καὶ
865 3307 1065 3392 κεκήρυκται

52 3410 110 3475 καί
125 3406 184 3492 σύ,
204 3400 231 3475 οδ
245 3414 328 3491 Ζεῦ,
353 3412 451 3486 δίδως
464 3403 536 3493 μετ’
554 3410 702 3487 ἐξουσίας
718 3413 838 3490 εἰπεῖν,
860 3403 960 3472 οὐδὲν
977 3403 1064 3472 ὑπο-

48 3508 267 3593 στειλάμενος
281 3510 355 3591 έροᾶ.
381 3513 415 3577 ’3.
432 3508 548 3575 πολλοὶ
563 3508 644 3592 γάρ,
662 3514 763 3592 φημί,
786 3505 849 3574 οὐκ
867 3504 1060 3656 ύήὸαποῑντες
1079 3520 1133 3575 5λ9

139 3618 244 3657 tuem.
266 3603 310 3657 111.
884 3642 903 3657 ,.
