2625 4092
456 292 622 350 ΔΡΛΠΕ
632 293 721 350 ΤΑΙ.
1030 292 1090 356 297

82 457 187 538 μένον
199 453 379 539 πάμφορον
390 449 454 518 ἀπὸ
467 458 535 518 τῶν
546 451 726 534 προπόδων
737 457 902 538 ἑκατέρων
913 451 1019 532 εὐθύς
1030 453 1091 538 ἀρ-

82 552 242 636 ξάμενον·
273 558 331 618 καί
347 576 440 627 τινας
456 549 583 634 λόφους
601 564 688 632 τρεῖς
703 552 796 618 πάνυ
812 554 935 629 καλοὺς
952 549 1091 638 ἀνεστη-

82 653 200 737 κότας,
225 649 286 719 ούκ
305 649 480 736 ἀμόρφους
499 648 561 735 τήν
581 651 782 737 τραχύτητα,
803 649 877 720 οἷον
893 650 1091 736 ἀκροπόλεις

81 750 208 830 πολλάς
224 758 280 836 τῆς
303 749 523 835 ὑποκειμένης
545 750 688 828 πόλεως·
722 749 811 836 καὶὴ
836 751 931 827 πόλις
946 749 1010 836 γὰρ
1027 753 1091 838 ήδη

82 857 246 934 φαίνεται.

168 953 272 1014 ΕΡΜ.
294 945 349 1031 Νή
365 943 440 1030 Δί’,
462 939 690 1030 ἀἩράκλεις,
713 954 849 1032 μεγίστη
865 948 920 1014 καὶ
936 955 1091 1034 καλλίστη

80 1043 239 1111 ἀπασῶν·
262 1045 443 1128 πόρρωθεν
460 1051 546 1129 γοῦν
562 1043 750 1131 ἀπολάμπει
765 1043 802 1113 τό
817 1047 946 1124 κύλλος.
971 1053 1030 1114 καί
1043 1074 1091 1122 τις

80 1145 139 1212 καὶ
154 1140 300 1227 ποταμὸς
312 1145 463 1228 μέγιστος
478 1150 714 1229 παραμείβεται
728 1144 820 1211 πάνυ
836 1148 872 1212 ἐν
887 1154 955 1234 χρῷ
970 1146 1090 1225 ψαύων

80 1239 192 1326 αύτής.

166 1345 301 1405 ΗΡΑΚ.
313 1335 431 1425 Ἕβρος
444 1341 506 1424 μὲν
522 1332 636 1422 οὗτος,
654 1336 674 1423 ἡ
693 1339 729 1406 δέ
743 1339 838 1417 πόλις
853 1345 952 1424 ἔργον
968 1335 1089 1408 Φιλίπ-
1107 1359 1158 1414 3ῖὸ

79 1459 150 1502 που
167 1438 304 1504 ἐκείνου.
333 1438 388 1504 καὶ
406 1435 498 1522 ήμεῖς
514 1435 577 1522 ήδη
600 1437 772 1521 πρόσγειοι
795 1439 848 1503 καὶ
870 1437 1088 1524 ὑπονέφελοι·

9 1527 10 1544 ἢ
82 1530 168 1600 ὥστε
182 1537 403 1622 ἐπιβαίνωμεν
418 1533 530 1623 ἀγαθή
545 1533 635 1620 τύχη.
920 1608 922 1611 ,

169 1639 218 1699 26.
230 1640 333 1708 EPM.
352 1631 451 1701 Οὕτω
460 1636 615 1718 γινέσθω.
631 1639 666 1700 τί
671 1628 705 1698 δ’
716 1623 779 1699 οὖν
788 1629 849 1718 χρή
860 1648 984 1714 ποιεῖν;
1001 1631 1090 1711 ὅπως

79 1729 122 1796 τοὶ
140 1739 241 1816 θηρία
258 1735 474 1816 ἐξιχνευτέον;

168 1834 300 1895 ΗΡΑΚ.
328 1835 433 1897 Τοῦτο
447 1830 509 1916 μὲν
521 1828 583 1897 σόν
595 1829 658 1916 ήδη
674 1835 789 1915 ἔργον,
809 1821 947 1917 εόἙρμη
956 1855 963 1868 ·
985 1835 1089 1915 κῆρυξ

9 1955 10 1960 ’
80 1922 148 2012 γάρ
165 1924 209 2009 εἷ,
229 1925 311 1993 όίστε
327 1924 389 1994 ούκ
404 1923 448 1995 ἀν
464 1929 611 2013 φθόνοις
625 1929 808 2012 κηρύττων.

166 2031 270 2092 ΕΡΜ.
296 2023 406 2094 Οὐδὲν
423 2034 521 2095 τοῦτο
542 2028 698 2112 χαλεπόν.
725 2025 808 2096 ἀλλά
830 2028 870 2095 τό
888 2055 925 2113 γε
941 2026 1089 2112 ὀνόματα

80 2119 145 2189 οὐκ
162 2126 334 2209 ἐπίσταμαι
350 2124 470 2192 αὐτῶν.
493 2123 535 2192 σύ
550 2119 630 2210 ούν,
648 2132 852 2212 Φιλοσοφία,
869 2130 959 2211 λέγε,
974 2125 1089 2193 ούστι-

80 2247 144 2298 νας
160 2219 378 2308 ὀνομαστέον,
395 2227 449 2292 καὶ
464 2222 502 2291 τά
520 2239 637 2310 σημεῖα
651 2226 795 2306 προσέτι.

167 2327 255 2389 ΦΙΛ.
280 2318 369 2389 Οὐδὲ
381 2319 464 2407 αὐτή
476 2322 538 2408 μὲν
550 2320 622 2390 οἶδα
640 2322 677 2390 τὸ
691 2326 812 2409 σαφές,
830 2325 951 2400 οἵτινες
962 2321 1088 2408 όνομά-

81 2425 208 2504 ζονται,
231 2419 285 2488 διὰ
302 2419 338 2488 τό
361 2420 405 2507 μή
428 2426 695 2508 ξυγγεγενῆσθαί
708 2447 786 2488 ποτε
803 2418 933 2499 αὐτοῖς·
966 2419 1030 2488 ἀπὸ
1055 2419 1086 2488 δ’

82 2511 147 2586 ούν
163 2526 219 2605 τῆς
239 2523 418 2606 ἐπιθυμίας
434 2517 477 2607 ἣν
499 2527 611 2606 ἔχουσι
625 2523 700 2602 περὶ
721 2518 760 2586 τά
777 2520 942 2606 κτήματα,
967 2518 1029 2586 οὐκ
1045 2515 1088 2585 ἀν

81 2615 242 2702 ἀμάρτοις
256 2627 455 2701 προσκαλῶν
470 2619 652 2706 Κτήσωνας
666 2615 688 2704 ή
702 2625 918 2703 Κτησίππους
930 2613 953 2703 ή
965 2625 1090 2703 Κτησι-

82 2723 178 2794 κλέας
192 2712 214 2802 ή
227 2715 444 2804 Εὐκτήμονας
458 2714 480 2804 ἢ
494 2719 740 2804 Πολυκτήτους.

166 2820 217 2886 27.
242 2824 345 2885 EPM.
374 2810 426 2884 Εὖ
446 2820 561 2903 λέγεις.
595 2813 679 2886 ἀλλά
700 2823 787 2894 τίνες
802 2806 899 2883 οὗτοί
917 2819 1002 2881 είσιν
1018 2812 1039 2900 ή
1057 2822 1090 2882 τί
1105 2827 1157 2884 379

81 2925 323 2999 περισκοπούσι
339 2918 392 2984 καὶ
408 2914 518 2997 αύτοί;
547 2917 726 3001 μᾶλλονδὲ
746 2917 801 2982 καὶ
817 2921 973 3000 προσίασι
989 2922 1046 2980 καί
1058 2942 1089 2982 τι

81 3016 136 3082 καὶ
153 3016 287 3097 ἐρέσθαι
304 3019 474 3084 θέλουσιν.

165 3122 359 3184 ΑΝΛΡΕΣ.
379 3109 448 3199 Ἆρ’
466 3111 510 3184 ἀν
524 3122 626 3202 ἔχοιτε
640 3113 737 3202 ἡμῖν,
753 3107 780 3182 ἀ
794 3113 931 3199 ἀνδρες,
947 3107 1087 3199 είπεῖνή

81 3213 141 3298 σύ,
160 3207 186 3279 ὦ
196 3222 363 3302 βελτίστη,
379 3225 510 3293 είτινας
521 3229 608 3297 τρεῖς
620 3216 742 3301 γόητας
755 3213 823 3300 ἀμα
835 3219 937 3281 εἰδετε
947 3220 1006 3280 καί
1012 3239 1087 3280 τινα

80 3328 223 3398 γυναῖκα
238 3317 274 3381 ἐν
289 3321 356 3403 χρῷ
373 3317 579 3399 κεκαρμένην
595 3319 640 3391 είς
654 3312 690 3382 τό
703 3313 919 3396 Λακωνικόν,
936 3310 1088 3398 ἀρρενω-

81 3410 149 3497 πήν
166 3413 221 3480 καὶ
234 3416 353 3500 κομιδή
368 3409 546 3497 ἀνδρικήνς

165 3518 254 3580 (MA.
281 3519 407 3591 Παπαῖ,
427 3510 465 3577 τά
482 3509 623 3598 ἡμέτερα
640 3501 733 3579 ούτοι
749 3518 889 3598 ζητοῦσι.
999 3583 1001 3588 ,
