2625 4092
219 282 282 346 134
572 287 868 346 AOYKIANOY

218 467 274 512 σιν
297 438 390 513 οὗτοι
411 445 502 512 πάνυ
522 443 674 530 άμονσου
694 447 749 512 καὶ
769 444 927 532 ἀσθενές,
959 445 1001 524 ύς
1021 445 1099 524 τούς
1122 447 1231 531 κόρα-

219 539 314 630 καςή
330 543 409 622 τούς
426 543 578 620 κολοιούς
587 549 755 629 Σειρῆνας
770 541 854 611 εἶναι
869 542 951 626 πρὸς
965 541 1103 625 αύτούς,
1123 541 1231 635 ηἰδύυ-

218 669 284 709 των
299 644 335 710 δὲ
353 644 409 710 καὶ
422 639 489 727 ήδύ
505 644 559 708 καὶ
578 636 650 708 οἷον
667 638 710 706 σύ
732 640 797 726 φής
816 639 896 709 οὐδὲ
915 640 997 728 ὄναρ
1017 640 1230 728 ἀκηκόαμεν·

220 737 303 808 ὥστε
325 740 541 826 θαυμάζομεν
561 741 672 806 πόθεν
693 747 796 807 ταῦτα
820 745 866 818 είς
884 737 970 824 ὑμᾶς
991 737 1125 824 ἀφίκετο
1151 739 1231 821 περὶ

217 838 322 926 ήμῶν.

172 958 208 1013 90
304 943 334 1005 6.
360 935 476 1006 Πολλά
496 947 633 1005 τοιαῦτα
653 942 899 1024 ἐξαπατηθῆναι
920 942 987 1005 ἔστι
1011 937 1231 1017 πιστεύοντας

219 1051 287 1114 τοῖς
298 1033 381 1119 πρὸς
391 1033 429 1104 τδ
441 1041 551 1122 μεῖζον
561 1037 682 1102 ἕκαστα
695 1038 933 1122 ἐξηγουμένοις.
959 1035 1043 1102 ὥστε
1056 1034 1147 1121 κάγώ
1161 1043 1229 1103 νῦν

220 1135 312 1201 δέδια
327 1132 412 1215 ὑπὲρ
427 1135 574 1219 ἐμαυτοῦ
589 1131 633 1219 μή
649 1131 742 1219 ὑμεῖς
756 1133 831 1216 ἀρτι
846 1133 1037 1220 ἀφιγμένοι,
1058 1135 1112 1200 καὶ
1127 1141 1229 1200 τοῦτο

220 1238 354 1315 πρῶτον
370 1231 616 1317 ἀκροασάμενοι
631 1229 743 1318 ἡμῶν,
760 1230 902 1317 ήλεκτρά
918 1258 992 1299 τινα
1009 1235 1063 1300 καὶ
1079 1230 1231 1309 κύκνους

220 1335 410 1409 ἐλπίσαντες
421 1329 575 1418 εὑρήσειν
586 1327 669 1413 παρ’
679 1328 774 1416 ἡμῖν,
791 1335 902 1398 ἔπειτα
917 1327 985 1415 μετ’
999 1327 1113 1415 ὀλίγον
1124 1329 1229 1398 ἀπέλν

219 1438 303 1515 θητε
320 1436 565 1514 καταγελῶντες
575 1435 643 1495 τῶν
655 1427 893 1513 ὑποσχομένων
904 1426 985 1515 ὑμῖν
996 1435 1130 1496 τοιαῦτα
1143 1437 1230 1494 πολ-

219 1527 262 1595 λὰ
276 1527 428 1612 κειμήλια
450 1529 571 1594 ἐνεῖναι
591 1541 660 1604 τοῖς
681 1526 801 1612 λόγοις.
834 1525 918 1594 ἀλλά
935 1529 1158 1613 μαρτύρομαι,
1185 1523 1231 1606 ἀς

220 1629 302 1712 ἐμοῦ
311 1632 447 1693 τοιαῦτα
457 1629 772 1711 μεγαλαυχουμένου
783 1627 858 1709 περὶ
867 1633 935 1692 τῶν
946 1628 1035 1711 ἐμῶν
1046 1624 1123 1692 οὔτε
1134 1625 1230 1710 ύμεῑς

220 1722 298 1791 οὔτε
313 1723 415 1801 ἀλλος
429 1748 480 1791 πω
494 1721 655 1810 ἀκήκοεν,
678 1721 751 1791 οὐδ’
769 1721 813 1792 ἀν
827 1724 982 1792 ἀκούσειέ
996 1750 1084 1793 ποτε.
1114 1723 1229 1803 ἀλλοις

219 1823 282 1906 μὲν
298 1820 362 1908 γὰρ
380 1820 442 1890 ούκ
457 1819 581 1908 ὀλίγοις
601 1821 748 1908 ἐντύχοις
761 1818 805 1889 ἀν
822 1820 1009 1906 Ἠριδανοῖς
1021 1842 1086 1891 τισι
1106 1823 1161 1890 καὶ
1179 1818 1230 1901 οἷς

220 1918 283 1988 ούκ
297 1920 474 2005 ἤλεκτρον,
491 1918 575 1988 ἀλλά
588 1920 711 2005 χρυσὸς
722 1919 822 2000 αὐτὸς
836 1918 1009 2003 ἀποστάζει
1025 1929 1092 1990 τῶν
1102 1922 1227 2008 λόγων,

219 2016 307 2086 πολύ
325 2025 393 2084 τῶν
414 2019 550 2086 κύκνων
569 2026 637 2086 τῶν
653 2027 836 2106 ποιητικῶν
851 2023 1102 2104 λιγυρωτέροις·
1135 2019 1171 2088 τδ
1193 2022 1229 2089 δὲ

219 2114 301 2201 ἐμὸν
318 2113 417 2196 ὁρᾶτε
433 2112 496 2202 ήδη
520 2115 638 2185 ὁποίου
656 2115 820 2187 ἁπλοϊκὸν
834 2121 889 2186 καὶ
909 2117 1061 2205 ἄμυθον,
1084 2116 1165 2187 ούδέ
1178 2145 1230 2197 τις

219 2211 287 2304 ᾠδή
300 2214 488 2297 πρόσεστιν.
511 2214 594 2282 ὥστε
605 2214 669 2299 ὅρα
680 2213 725 2302 μή
737 2217 870 2286 τοιοῦτό
880 2244 912 2284 τι
923 2218 1034 2306 πάθης
1044 2223 1141 2303 μείζω
1152 2219 1229 2300 περὶ

216 2312 314 2401 ἡμῶν
326 2317 469 2400 ἐλπίσας,
485 2309 558 2383 οἷόν
569 2343 600 2382 τι
611 2317 798 2402 πάσχουσιν
808 2321 842 2384 σί
850 2314 889 2384 τά
902 2319 939 2384 ἐν
948 2324 997 2406 τῷ
1007 2316 1104 2384 ὕδατι
1116 2313 1229 2400 ὁρῶν-

216 2438 287 2492 τες·
309 2412 458 2499 οἰόμενοι
472 2410 537 2499 γάρ
553 2420 733 2500 τηλικαῦτα
756 2413 841 2483 εἶναι
857 2413 941 2482 αύτά
962 2411 1016 2483 ola
1036 2421 1227 2501 διεφαίνετο

169 2530 203 2586 91
218 2507 330 2588 αὐτοῖς
351 2507 505 2595 ἀνωθεν,
531 2509 757 2598 εὐρυνομένης
778 2520 835 2599 τῆς
855 2519 950 2591 σκιᾶς
971 2511 1055 2595 πρὸς
1074 2511 1137 2600 τήν
1163 2513 1226 2580 αύ-

216 2611 298 2697 γήν,
314 2608 449 2678 ἐπειδάν
460 2609 689 2694 ἀνασπάσωσι,
704 2621 817 2702 πολλῷ
827 2612 1004 2698 μικρότερα
1017 2610 1229 2697 εὑρίσκοντες

217 2707 387 2777 ἀνιῶνται.
409 2707 473 2796 ήδη
484 2704 548 2777 οὖν
559 2733 613 2778 σοι
624 2713 776 2797 προλέγω
788 2715 900 2798 ἐκχέας
913 2711 950 2779 τό
966 2710 1060 2797 ὕδωρ
1075 2714 1131 2782 καὶ
1142 2710 1228 2779 ἀπο-

218 2809 370 2889 καλύψας
390 2806 492 2894 τάμά,
513 2810 617 2896 μηδὲν
634 2812 718 2896 μέγα
734 2810 965 2900 προσδοκήσῃς
985 2807 1230 2898 ἀνιμήσασθαι,

218 2903 241 2996 v}
254 2908 382 2974 σαυτὸν
399 2909 530 2997 αίτιάση
545 2916 602 2994 τῆς
617 2911 757 2988 ἐλπίδος.
