2625 4092
444 280 677 339 ΚῬΝΙΚΟΣ.
1003 274 1068 337 399

57 471 126 522 ρως
147 449 232 529 ἔχειν
248 446 301 510 καὶ
320 439 375 509 διά
393 448 491 508 τοῦτο
514 441 676 523 περιιέναι
698 447 869 519 τοιούτους
896 435 958 506 ούκ
978 443 1069 507 ἔστιν

58 549 181 625 είπείν,
213 538 287 609 ἀλλ’
313 540 471 625 ἐγκρατὴς
496 540 549 605 καὶ
573 536 766 622 καρτερικός
789 530 832 621 ἦν
857 539 912 604 καὶ
934 551 1068 618 κρατεῖν

58 640 162 728 ἤθελε
183 642 238 710 καὶ
254 646 390 725 τρυφᾶν
410 634 472 704 ούιι
487 636 652 723 ἐβούλετο.
676 634 694 704 ὁ
712 638 747 703 δὲ
763 632 893 721 Θησεύς
909 633 927 702 ὁ
944 634 1068 702 τούτου

57 736 211 826 μαθητὴς
225 736 266 806 ού
283 734 439 826 βασιλεὺς
449 735 511 821 μὲν
524 728 568 821 ἦν
579 734 716 801 πάντων
726 732 932 820 Ἀθηναίων,
948 731 1020 810 υίὸς
1032 732 1068 799 δὲ

57 844 289 923 Ποσειδῶνος,
319 835 363 915 ὥς
385 854 507 921 φασιν,
534 832 668 915 ἄριστος
692 834 728 901 δέ
749 840 818 900 τῶν
843 829 922 899 καθ’
949 829 1069 905 αύτόν;

60 942 111 1007 14.
136 934 210 1005 ἀλλ’
235 935 325 1022 ὅμως
347 932 498 1012 κάκείνος
518 930 642 1020 ἤθελεν
668 930 878 1019 άνυπόδητος
903 928 988 999 εἶναι
1014 934 1068 997 καὶ

59 1033 189 1122 γυμνός
205 1039 350 1122 βαδίζειν
373 1036 426 1100 καί
448 1030 592 1117 πάχωυα
615 1032 670 1097 καὶ
692 1030 801 1116 κόμην
820 1036 906 1116 ἔχειν
927 1028 1069 1115 ἤρεσκεν

58 1132 170 1223 αύτῷ,
189 1136 242 1201 καί
254 1132 316 1201 ούκ
328 1136 443 1222 ἐκείνῳ
454 1131 564 1221 μόνῳ,
580 1128 663 1198 άλλά
675 1133 730 1198 καὶ
745 1137 826 1198 πᾶσι
841 1145 908 1210 τοῖς
918 1138 1069 1206 παλαιοῖς

57 1232 215 1317 ἤρεσκεν·
238 1229 394 1317 άμείνους
407 1229 471 1317 γάρ
488 1222 575 1315 ἦσαν
590 1226 703 1315 ὑμῶν,
722 1231 777 1297 καὶ
793 1226 856 1296 ούκ
872 1225 915 1296 άν
932 1225 1068 1312 ύπέμει-
1086 1236 1136 1291 547

58 1357 127 1397 ναν
140 1328 217 1397 ούδδ
234 1324 279 1408 είς
293 1327 405 1396 αὐτῶν
420 1326 520 1396 οὐδὲν
531 1326 690 1414 μάλλονίχ
706 1335 774 1393 τῶν
789 1327 935 1395 λεόντων
947 1353 996 1405 τις
1011 1329 1069 1405 ξυ-

59 1429 227 1513 ράμενος·
257 1424 422 1513 ὑγρότητα
445 1422 510 1511 γάρ
536 1426 591 1493 καὶ
614 1426 765 1511 λειότητα
793 1423 915 1508 σαρκός
938 1427 1069 1511 γυναιξὶ

58 1526 201 1608 πρέπειν
220 1522 382 1609 ἡγοῦντο,
404 1520 498 1591 αὐτοὶ
515 1520 545 1590 δ’
564 1521 675 1608 ὥσπερ
690 1516 793 1609 ἦσαν,
817 1526 872 1592 καὶ
888 1532 1070 1609 φαίνεσθαι

58 1622 183 1705 άνδρες
196 1620 323 1708 ἤθελον
337 1624 392 1689 καί
405 1619 466 1688 τόν
480 1620 626 1708 πάχωνα
638 1624 765 1709 κόσμον
779 1620 902 1706 ἀνδρός
917 1621 1070 1707 ἐνόμιζον

60 1719 174 1802 ὥσπερ
193 1730 247 1787 καὶ
262 1722 374 1789 ἵππων
387 1728 502 1807 χαίτην
517 1722 571 1789 καλ
585 1722 733 1789 λεόντων
748 1725 874 1807 γένεια,
893 1716 942 1799 οἷς
959 1718 1070 1797 ὁθεός

59 1819 200 1902 άχλαΐας
219 1819 273 1884 καὶ
289 1816 417 1904 κόσμου
439 1820 536 1903 χάριν
558 1822 749 1904 προσέθηκέ
766 1845 857 1886 τινα·
890 1817 1011 1886 οὑτωσὶ
1033 1820 1069 1885 δὲ

59 1917 117 1984 καὶ
132 1929 199 1994 τοῖς
214 1912 355 1997 άνδράσι
367 1913 428 1983 τόν
444 1916 588 2001 πώγωνα
603 1921 823 2003 προσέθηκεν.
846 1920 994 1994 ἐκείνους
1006 1910 1069 1982 οὖν

62 2010 129 2100 ἐμοὶ
144 2020 228 2099 ζηλῶ
243 2009 322 2091 τούς
342 2012 504 2093 παλαιούς
521 2016 576 2083 καί
595 2017 742 2094 ἐκείνους
756 2025 930 2102 μιμεῖσθαι
946 2013 1070 2100 βούλο-

60 2139 140 2199 μαι,
156 2110 235 2190 τούς
249 2112 285 2179 δὲ
300 2119 365 2179 νῦν
378 2110 419 2180 ού
436 2116 519 2198 ζηλῶ
535 2120 593 2199 τῆς
608 2122 805 2200 θαυμαστῆς
818 2114 940 2198 ταύτης
956 2108 1070 2180 εύδαι-

60 2217 181 2296 μονίας
194 2201 234 2295 ἧς
249 2215 359 2294 ἔχουσι
372 2214 446 2293 περὶ
462 2213 619 2292 τραπέζας
631 2212 686 2279 καὶ
696 2215 838 2297 ἐσθῆτας
851 2212 905 2277 καὶ
917 2214 1069 2277 λεαίνον-

59 2336 116 2387 τες
127 2310 182 2377 καί
196 2310 394 2396 φιλούμενοι
411 2318 480 2377 πᾶν
494 2319 553 2377 τοῦ
570 2310 720 2396 σώματος
731 2314 829 2395 μέρος
840 2311 895 2377 καὶ
909 2309 991 2394 μηδὲ
1002 2314 1070 2373 τῶν

61 2407 264 2495 ἀπορρήτων
279 2414 399 2497 μηδέν,
421 2402 624 2499 ᾖπέφυκευ,
642 2416 728 2495 ἔχειν
744 2412 870 2488 ἐῶντες.
906 2414 954 2475 15.
975 2405 1071 2490 εύχο-

61 2536 124 2594 μαι
139 2512 178 2576 δέ
189 2535 245 2593 μοι
261 2510 339 2587 τοὺς
354 2511 416 2596 μὲν
430 2510 535 2586 πόδας
551 2506 666 2577 ὁπλῶν
681 2514 821 2576 ίππείων
836 2504 938 2575 οὐδέν
954 2506 1071 2590 διαφέ-

62 2633 154 2691 ρειν,
178 2606 288 2689 ὥσπερ
305 2612 386 2693 φασὶ
405 2606 484 2687 τούς
496 2614 682 2692 Χείρωνος,
705 2604 805 2684 αὐτός
826 2606 861 2672 δὲ
879 2605 923 2690 μὴ
940 2612 1071 2672 δεῖσθαι

62 2708 269 2792 στρωμάτων
286 2707 395 2790 ὥσπερ
412 2712 445 2777 οί
458 2710 604 2789 λέοντες,
626 2704 705 2773 οὐδὲ
719 2713 845 2790 τροφῆς
860 2710 992 2772 δεῖσθαι
1008 2726 1072 2768 πο-

63 2812 225 2882 λυτελοῦς
242 2801 402 2891 μᾶλλονῆ
418 2810 453 2873 ολ
464 2808 578 2884 κύνες·
602 2815 652 2889 είη
667 2806 707 2871 δέ
719 2830 775 2888 μοι
785 2812 850 2889 γῆν
865 2803 927 2888 μὲν
938 2800 1072 2868 ἅπασαν

63 2902 169 2991 εὐνὴν
180 2902 329 2991 αὐτάρκη
341 2912 443 2991 ἔχειν,
457 2902 550 2973 οἶκον
562 2904 598 2973 δέ
609 2901 670 2973 τόν
680 2904 808 2989 κόσμον
818 2907 978 2987 νομίζειν,
993 2926 1073 2982 τρο-

63 3002 136 3089 φὴν
153 3002 189 3071 δὲ
204 3008 370 3086 αἱρεῖσθαι
382 3002 443 3090 τὴν
455 3005 581 3092 ῥᾴστην
595 3011 810 3089 πορισθῆναι.
832 3009 959 3087 χρυσοῦ
971 3000 1072 3067 δὲκαὶ

64 3101 219 3189 άργύρου
234 3102 278 3188 μὴ
294 3108 451 3190 δεηθείην
467 3102 541 3189 μήτ’
559 3096 624 3169 οὖν
640 3103 704 3187 ἐγώ
722 3102 804 3187 μήτε
825 3108 894 3167 τῶν
910 3102 999 3184 ἐμῶν
1014 3106 1072 3183 φί-

66 3213 135 3271 λων
152 3205 280 3290 μηδείς·
307 3200 494 3287 πάνταγὰρ
516 3200 554 3268 τὰ
571 3200 656 3269 κακά
672 3216 739 3279 τοῖς
755 3196 949 3285 ἀνθρώποις
964 3200 1000 3265 ἐκ
1016 3206 1073 3283 τῆς

66 3303 195 3371 τούτων
209 3305 388 3386 ἐπιθυμίας
403 3300 563 3385 φύονται,
582 3301 636 3368 καὶ
650 3300 780 3377 στάσεις
794 3301 848 3366 καὶ
863 3298 1002 3383 πόλεμοι
1018 3300 1071 3364 καί

65 3402 239 3490 ἐπιβουλαὶ
253 3401 307 3468 καὶ
322 3405 457 3485 σφαγαί.
481 3401 574 3480 ταυτὶ
590 3398 698 3466 πάντα
714 3394 825 3484 πηγὴν
841 3402 905 3482 ἔχει
922 3394 984 3482 τὴν
1001 3398 1072 3463 ἐπι·

65 3504 196 3586 θυμίαν
209 3504 270 3566 τού
284 3504 450 3578 πλείονος·
474 3494 548 3565 ἀλλ’
565 3494 661 3584 ἡμῶν
676 3494 760 3582 αὕτη
773 3493 886 3583 άπείη,
903 3496 957 3562 καὶ
972 3503 1069 3562 πλεο-
1089 3503 1140 3558 548
