2625 4092
426 292 725 351 ΑΝΑΧΑΡΣΙΣ.
1042 286 1081 351 71

71 460 223 543 προτεθῇ
238 451 320 540 ὑμίν
337 457 464 531 έξοδος,
487 453 598 519 έκεϊνα
615 450 655 518 τά
677 452 784 537 κράνη
800 451 1027 537 περιθήσεσθε
1043 447 1082 517 τά

71 554 252 638 κεχηνότα,
273 549 317 629 ώς
338 550 564 638 φοβερώτεροι
583 560 669 636 είητε
688 565 755 628 τοῖς
770 552 933 627 ἐναντίοις
955 573 1084 635 μορμο-

70 652 268 735 λυττόμενοι
289 648 429 734 αὐτούς,
457 650 511 717 καί
537 647 751 735 ὑποδήσεσθε
772 646 812 714 τά
836 645 949 734 ὑψηλά
973 651 1082 714 ἐκεῖνα
1100 653 1152 707 913

70 751 215 834 δηλαδή·
247 747 415 834 φεύγουσί
427 774 461 813 τε
477 746 558 831 γάρ,
580 742 623 832 ἢν
646 750 721 834 δέη,
745 755 859 832 κοῦφα
874 748 930 814 καὶ
943 741 987 832 ἢν
1003 744 1083 813 διώ-

70 872 166 934 κητε,
190 845 323 933 άφυκτα
340 860 408 923 τοῖς
430 852 598 929 πολεμίοις
613 851 718 929 ἔσται,
741 843 837 931 ὑμῶν
853 842 941 912 οὕτω
956 843 1083 929 μεγάλα

71 947 320 1030 διαβαινόντων
338 942 390 1011 ἐπ’
407 940 539 1022 αὐτούς.
569 942 642 1011 ἀλλ’
661 942 724 1028 ὅρα
744 940 788 1029 μή
810 949 912 1009 ταῦτα
928 946 988 1027 μέν
1003 939 1084 1024 ὑμῖν

70 1044 111 1114 τά
134 1042 247 1131 κομψά
266 1052 365 1131 λῆρος
382 1036 405 1134 ᾖ
425 1045 480 1111 καὶ
501 1041 615 1110 παιδιά
631 1042 740 1123 άλλως
757 1047 812 1112 καί
834 1046 997 1130 διατριβαὶ
1021 1040 1082 1125 ἀρ-

68 1155 171 1233 γοῦσι
185 1146 240 1213 καὶ
254 1148 422 1234 βαθυμελν
435 1146 591 1212 ἐθέλουσι
602 1158 670 1222 τοῖς
684 1152 881 1221 νεανίσκοις.
907 1148 936 1209 εί
949 1141 985 1209 δὲ
998 1142 1083 1228 βού-

69 1252 175 1311 λεσθε
195 1241 329 1319 πάντως
350 1242 524 1323 ἐλεύθεροι
547 1242 602 1307 καὶ
626 1239 821 1325 εὐδαίμονες
846 1238 945 1323 εἶναι,
971 1238 1083 1306 άλλων

69 1340 156 1426 ὑμῖν
176 1346 373 1427 γυμνασίων
390 1341 499 1426 δεήσει
520 1343 574 1407 καὶ
594 1338 765 1426 ἀσκήσεως
784 1338 948 1426 ἀληθινῆς
968 1346 1025 1425 τής
1046 1342 1084 1407 ἐν

69 1454 141 1517 τοῖς
156 1436 287 1522 ὅπλοις,
309 1438 363 1505 καὶ
382 1436 403 1524 ἡ
422 1436 543 1524 άμιλλα
562 1436 603 1505 οό
623 1436 707 1522 πρὸς
722 1436 887 1524 ἀλλήλους
908 1436 988 1523 μετά
1005 1463 1082 1505 παι-

70 1545 163 1619 διάς,
182 1533 267 1604 ἀλλά
278 1534 362 1619 πρὸς
371 1532 451 1614 τούς
463 1543 635 1620 δυσμενεῖς
646 1541 737 1603 ἔσται
748 1534 829 1621 μετά
841 1538 1014 1605 κινδύνων
1024 1562 1083 1621 με-

70 1642 192 1704 λετῶσι
203 1632 265 1721 τήν
276 1632 407 1721 ἀρετήν.
428 1633 511 1704 ὥστε
522 1632 662 1720 ἀφέντες
671 1633 734 1721 τήν
746 1635 843 1702 κόνιν
855 1639 910 1703 καὶ
921 1633 957 1703 τό
971 1642 1084 1704 ἔλαιον

70 1734 246 1801 διδάσκετε
264 1730 387 1811 αὐτοὺς
403 1734 553 1813 τοξεύειν
569 1735 624 1801 καί
641 1730 825 1814 ἀκοντίζειν
842 1731 886 1819 μὴ
902 1743 1014 1819 κοῦφα
1030 1737 1084 1801 δι-

68 1832 190 1909 δόντες
200 1826 241 1897 τά
255 1828 393 1899 ἀκόντια
408 1832 463 1899 καὶ
474 1827 528 1899 οία
540 1834 763 1916 διαφέρεσθαι
777 1830 860 1915 πρός
871 1830 932 1901 τὸν
945 1832 1083 1920 ἄνεμον,

70 1925 148 1995 ἀλλ’
168 1933 252 1995 ἔστω
269 1928 370 2015 λόγχη
390 1937 507 2016 βαρεῖα
527 1928 609 2017 μετά
632 1937 799 2014 συρισμοῦ
819 1934 1008 2017 ἑλιττομένη
1028 1933 1084 1999 καὶ

69 2035 169 2104 λίθος
180 2026 404 2113 χειροπληθὴς
415 2030 469 2096 καὶ
481 2028 621 2114 σάγαρις
630 2029 685 2097 καὶ
696 2031 819 2114 γέρρον
828 2032 866 2097 ἐν
877 2038 916 2118 τῇ
927 2028 1084 2120 ἀριστερᾷ

69 2127 128 2194 καί
146 2124 261 2206 θώραξ
275 2126 330 2191 καὶ
344 2124 476 2209 κράνος.
499 2130 550 2193 33.
567 2122 611 2203 ὡς
626 2128 663 2193 δὲ
679 2134 745 2193 νῦν
759 2132 863 2213 ἔχετε,
884 2136 978 2195 θεῶν
993 2154 1084 2208 τινος

70 2222 229 2309 εὐμενείᾳ
251 2219 419 2302 σώζεσθαί
434 2248 491 2307 μοι
512 2227 652 2305 δοκεῖτε,
682 2230 717 2291 οἳ
734 2227 870 2310 μηδέπω
890 2224 1084 2293 ἀπολώλατε

67 2320 141 2390 ὑπό
162 2347 266 2388 τινων
282 2318 406 2408 ὀλίγων
422 2328 531 2403 ψιλῶν
546 2324 781 2391 ἐπιπεσόντων.
816 2327 891 2393 ίδού
910 2330 952 2413 γέ
968 2354 1018 2395 τοι
1039 2322 1083 2413 ἢν
1101 2335 1153 2391 91⁴

69 2421 287 2506 σπασάμενος
299 2417 336 2487 τό
357 2418 482 2507 μικρόν
500 2428 598 2489 τοῦτο
619 2425 765 2509 ξιφίδιον
785 2424 821 2491 τὸ
839 2424 929 2509 παρά
944 2425 1006 2513 τήν
1022 2426 1084 2508 ζώ-

68 2547 137 2606 νην
152 2518 255 2603 μόνος
270 2521 453 2588 ἐπεισπέσω
467 2533 535 2598 τοίς
550 2522 637 2599 νέοις
653 2517 750 2606 ὑμῶν
764 2520 905 2606 άπασιν,
930 2522 1084 2612 αὐτοβοεὶ

69 2616 115 2689 άν
133 2620 240 2703 ἕλοιμι
256 2614 293 2684 τό
315 2619 505 2703 γυμνάσιον
520 2619 703 2703 φυγόντων
717 2621 856 2689 ἐκείνων
869 2625 924 2688 καὶ
943 2620 1084 2701 οὐδενός

70 2714 286 2804 ἀντιβλέπειν
302 2725 346 2803 τῷ
362 2717 488 2805 σιδήρφ
502 2723 706 2801 τολμῶντος,
729 2714 813 2785 ἀλλά
833 2721 908 2802 περὶ
924 2718 1004 2798 τούς
1021 2717 1084 2788 άν-

70 2814 233 2898 δριάντας
249 2809 294 2881 άν
315 2815 564 2900 περιιστάμενοι
585 2817 639 2881 καί
660 2816 735 2895 περί
755 2812 833 2894 τούς
848 2822 964 2896 κίονας
981 2844 1083 2884 κατα-

71 2913 300 2998 κρυπτόμενοι
320 2915 448 2999 γέλωτα
470 2912 512 2979 άυ
530 2940 585 2998 μοι
605 2912 809 2998 παράσχοιεν
825 2915 1030 2997 δακρύοντες
1051 2920 1086 2982 οί

70 3013 191 3078 πολλοὶ
201 3011 257 3079 καὶ
267 3013 451 3098 τρέμοντες.
472 3012 526 3079 καί
537 3008 605 3078 τότ’
619 3006 664 3077 άν
676 3016 759 3089 ίδοις
771 3009 881 3080 οόκέτι
893 3015 1084 3095 ἐρυθριῶν-

69 3136 129 3188 τας
144 3105 269 3188 αὐτούς
283 3106 324 3176 τά
335 3110 470 3195 σώματα
487 3104 551 3177 οἷοι
565 3117 630 3175 νῦν
645 3114 745 3191 εἰσιν,
761 3106 845 3178 ἀλλά
863 3106 961 3195 ώχροὶ
973 3108 1084 3177 ἀπαν-

72 3232 124 3284 τες
139 3203 259 3273 αὐτίκα
270 3203 414 3291 γένοιντ’
428 3200 473 3273 ἀν
484 3203 550 3274 ὑπό
566 3212 626 3273 τοῦ
637 3211 733 3286 δέους
747 3212 1000 3294 μεταβαφέντες.
1022 3208 1084 3275 οὕ-

74 3330 135 3383 τως
150 3301 238 3391 ὑμάς
259 3301 281 3391 ἡ
303 3305 419 3391 εἰρήνη
442 3306 627 3373 διατέθεικε
649 3313 771 3392 βαθεῖα
788 3298 889 3383 οὖσα,
916 3303 960 3383 ώς
981 3301 1026 3392 μή
1040 3301 1085 3374 ἀν

70 3405 196 3491 ῥᾳδίως
206 3399 411 3487 ἀνασχέσθαι
424 3403 533 3488 λόφον
542 3404 602 3469 ἕνα
614 3404 761 3485 κράνους
770 3409 930 3487 πολεμίου
941 3403 1082 3480 ίδόντας.

158 3504 212 3571 34.
228 3506 329 3568 ΣΟΑ.
350 3499 403 3567 Οὐ
413 3509 516 3567 ταῦτα
528 3507 675 3584 ἔφασαν,
691 3491 719 3567 ώ
734 3497 922 3585 Ἀνάχαρσι,
940 3507 1084 3585 Θρακῶν
