2625 4092
481 268 677 328 ΙΠΠΙΑΣ.
1024 270 1084 331 123

68 429 197 497 ἀπαντι
212 437 257 519 τῷ
279 435 365 519 ἔργῳ
379 429 564 514 βαλόμενος
580 429 635 497 καὶ
649 435 817 514 θεμελίων
830 433 924 497 θέσει
941 430 1085 515 τὴντῶν

66 530 315 614 ἐπιτιθεμένων
326 526 516 611 ἀσφάλειαν
530 527 817 612 ἐμπεδωσάμενος,
832 526 933 604 ῦψεοι
945 529 981 595 δὲ
992 528 1085 595 πάνυ

67 624 254 715 ἀποτόμοις
281 628 336 695 καὶ
361 622 444 708 πρὸς
468 623 656 710 ἀσφάλειαν
682 630 916 712 συνεχομένοις
942 623 980 694 τό
1003 625 1085 694 ὅλον

68 725 341 810 κρατυνάμενος·
364 722 404 793 τὰ
421 725 457 792 δέ
472 727 777 811 ἐποικοδομηθέντα
792 733 837 814 τῷ
852 752 886 793 τε
901 734 963 793 τοῦ
978 725 1086 793 τόπου

68 830 209 911 μεγέθει
224 825 397 911 σύμμετρα
411 826 467 891 καὶ
481 831 526 913 τῷ
542 820 671 913 εῦλόγω
685 830 744 908 τῆς
757 832 964 910 κατασκευῆς
978 821 1085 911 ἁρμο-

69 923 217 991 διώτατα
232 926 287 992 καί
303 919 363 991 τόν
377 930 446 990 τῶν
460 924 583 1006 φαότων
601 921 706 1006 λόγον
722 923 943 1007 φυλάττοντα.
973 928 1003 989 5.
1018 947 1086 988 πυ-

69 1021 143 1089 λων
157 1024 219 1107 μὲν
235 1019 364 1107 ὑψηλὸς
380 1019 561 1108 ἀναβάσεις
575 1027 730 1098 πλατείας
745 1027 846 1106 ἔχων,
869 1018 986 1098 ὕπτιος
999 1026 1084 1106 μάλ-

68 1120 166 1212 λονῆ
178 1124 296 1208 ὄρθιος
305 1120 389 1207 πρός
398 1121 459 1209 τὴν
469 1130 537 1190 τν
545 1120 714 1190 ἀνιόντων
725 1120 923 1208 εὐμάρειαν·
939 1121 1084 1189 εἰσιόντα

69 1227 106 1293 δὲ
121 1233 244 1295 τοῦτον
256 1227 419 1309 ἐκδέχεται
431 1221 545 1302 κοινός
556 1220 647 1301 οἶκος
660 1221 852 1309 εὐμεγέθης.
868 1219 989 1307 ίκανὴν
1000 1228 1085 1306 ἐχων

70 1322 252 1409 ὑπηρέταις
264 1324 318 1389 καὶ
329 1319 533 1399 ἀκολούθοις
544 1322 733 1408 διατριβήν,
751 1324 787 1388 έν
800 1319 958 1408 ἀριστερᾷ
969 1321 1005 1387 δὲ
1016 1329 1085 1387 των

71 1426 117 1497 είς
131 1418 268 1505 τρυφὴν
287 1422 613 1505 παρεσκευασμένων
632 1420 840 1506 οἰκημάτων·
868 1426 1034 1507 βαλανείῳ
1050 1415 1082 1486 δ’

69 1511 136 1584 οῦν
150 1520 206 1585 καί
221 1526 324 1585 ταῦτα
338 1520 610 1600 πρεπωδέστατα,
626 1526 797 1604 χαρίεσσαι
808 1520 862 1585 καὶ
874 1519 958 1601 φωτὶ
971 1521 1083 1604 πολλῷ

71 1618 367 1703 καταλαμπόμεναι
384 1617 620 1704 ὑποχωρήσεις.
649 1615 706 1685 εἰτ’
725 1617 880 1703 ἐχόμενος
899 1612 1012 1682 αὐτῶν
1033 1613 1083 1682 οἰ-
1098 1624 1131 1680 71

71 1743 145 1801 κος,
161 1714 314 1801 περιττός
329 1718 392 1803 μὲν
407 1715 450 1795 ὡς
464 1713 549 1800 πρός
562 1714 599 1783 τό
615 1718 777 1798 λουτρόν,
795 1714 977 1801 ἀναγκαῖος
988 1714 1025 1780 δὲ
1039 1710 1084 1789 ὡς

71 1811 157 1894 πρός
172 1812 233 1901 τὴν
247 1822 315 1883 τῦυ
331 1812 636 1900 εὐδαιμονεστέρων
649 1810 829 1899 ὑποδοχήν.
854 1809 935 1898 μετά
951 1815 988 1879 δὲ
1002 1819 1083 1879 τοῦ-

70 1939 131 1980 τον
147 1915 357 1999 ἑκατέρωθεν
375 1918 520 1996 διαρκεῖς
537 1928 604 1991 τοῖς
626 1910 871 1996 ἀποδυομένοις
892 1908 1081 1990 ἀποθέσεις,

71 2013 126 2079 καὶ
141 2015 241 2097 μέσος
256 2010 346 2091 οἰκος
359 2011 438 2092 ῦψει
453 2037 488 2079 τε
503 2008 711 2097 ὑψηλότατος
728 2011 783 2077 καί
798 2010 883 2094 φωτὶ
898 2007 1083 2093 φαιδρότα-

70 2136 142 2194 τος,
164 2118 295 2195 ψνχροῦ
312 2108 433 2190 ῦδατος
450 2117 534 2196 ἔχων
550 2125 637 2192 τρεῖς
656 2110 911 2196 κολυμβήθρας,
931 2112 1082 2194 Λακαίνη

71 2214 158 2297 λίθῳ
176 2212 437 2295 κεκοσμημένος,
461 2212 514 2277 καὶ
530 2211 657 2286 εἰκόνες
676 2213 713 2276 ἐν
731 2205 822 2292 αὐτῷ
843 2212 945 2273 λίθου
959 2212 1083 2273 λευκοῦ

71 2314 128 2391 τῆς
145 2304 285 2391 ἀρχαίας
301 2311 470 2395 ἐργασίας,
492 2307 512 2395 ἡ
530 2312 591 2394 μὲν
605 2306 762 2394 Ὑγιείας,
783 2304 803 2392 ἡ
822 2306 857 2374 δὲ
871 2304 1081 2390 Ἀσκληπιοῦ.

71 2411 98 2471 6.
116 2405 331 2484 εἰσελθόντας
351 2408 387 2474 δὲ
409 2404 602 2493 ὑποδέχεται
618 2404 724 2494 ἠρέμα
741 2407 972 2492 χλιαινόμενος
992 2404 1082 2483 οἰκος

71 2501 132 2569 οῦκ
157 2500 282 2589 ἀπηνεῖ
302 2513 342 2593 τῇ
366 2507 477 2596 θέρμη
498 2514 740 2591 προαπαντῶν,
773 2505 949 2589 ἐπιμήκης,
974 2501 1081 2588 ἀμφι-

72 2602 294 2688 στρόγγυλος,
321 2603 399 2690 μεθ’
423 2603 464 2673 όν
485 2610 521 2674 ἐν
542 2610 632 2695 δεξιᾷ
653 2603 743 2682 οἰκος
760 2596 799 2670 εῦ
817 2604 905 2687 μάλα
926 2602 1079 2685 φαιδρός,

71 2698 275 2779 ἀλείψασθαι
297 2715 473 2791 προσηνῶς
495 2704 735 2789 παρεχόμενος,
761 2704 970 2783 ἑκατέρωθεν
992 2702 1082 2769 είσό-

40 2830 46 2843 ·
72 2804 152 2878 δους
165 2807 248 2885 ἔχων
261 2808 397 2893 Φρυγίῳ
409 2812 495 2893 λίθῳ
507 2805 833 2887 κεκαλλωπισμένας,
848 2798 928 2879 τοῦς
938 2797 1003 2867 ἀπό
1016 2825 1082 2866 πα-

71 2906 226 2982 λαίστρας
238 2902 401 2982 εἰσιόντας
413 2905 599 2988 δεχόμενος.
624 2900 682 2970 εἶτ’
696 2901 748 2969 ε’πί
760 2899 867 2989 τούτῳ
877 2899 978 2978 ἀλλος
992 2897 1082 2978 οἰκος

72 3009 177 3067 οίκων
197 2998 356 3069 ἁπάντων
371 3005 560 3086 κάλλιστος,
584 3007 705 3088 στῆναί
715 3026 751 3068 τε
773 3001 828 3067 καί
845 3002 1080 3084 ἐγκαθίζεσθαι
1096 3011 1131 3067 w

71 3102 336 3182 προσηνέστατος
356 3105 410 3170 καί
428 3105 634 3188 ἐμβραδῦναι
651 3097 895 3185 ἀβλαβέστατος
912 3103 966 3168 καὶ
982 3102 1083 3185 ἐγκυ-

72 3204 230 3265 λίσασθαι
250 3197 520 3287 ὠφελιμώτατος,
539 3204 692 3282 Φρυγίου
706 3198 761 3265 καί
775 3193 876 3275 αῦτός
891 3204 937 3277 εἰς
950 3194 1082 3284 ὀροφὴν

71 3295 179 3377 ἀκραν
195 3295 414 3386 ἀποστίλβων.
440 3300 511 3383 ἑξῆς
523 3300 559 3366 δέ
570 3295 587 3365 ὁ
600 3292 727 3381 θερμός
739 3294 933 3380 ὑποδέχεται
944 3297 1078 3381 διάδρο-

73 3422 132 3478 μος
143 3396 277 3482 Νομάδι
288 3404 374 3485 λίθω
386 3398 692 3482 διακεκολλημένος.
709 3390 727 3461 ό
739 3395 775 3462 δὲ
787 3398 886 3461 έυδου
898 3393 988 3472 οἶκος
999 3396 1080 3462 κάλ-

73 3502 191 3578 λιστος,
202 3496 312 3580 φωτός
322 3521 356 3562 τε
366 3504 493 3563 πολλοῦ
503 3492 686 3579 ἀνάμεστος
697 3495 751 3560 καὶ
762 3490 805 3569 ὡς
815 3491 975 3582 πορφύρᾳ
985 3497 1079 3575 διην-
