2625 4092
437 282 738 342 ΑΝΑΧΑΡΣΙΣ.
1049 280 1091 346 67

80 461 181 523 σταῖς.
206 450 254 513 25.
268 449 393 522 ἐννοεῖς
404 445 485 529 γάρ,
501 440 607 528 οἶμαι,
623 441 660 509 τὸ
672 440 754 528 μετά
766 450 883 527 τοῦτο,
901 446 993 522 οἴους
1004 443 1092 523 είκός

80 543 147 612 σὺν
169 541 285 621 όπλοις
310 548 446 609 ἔσεσθαι
471 538 550 618 τοὺς
574 544 628 608 καὶ
649 538 801 627 γυμνοὺς
825 536 868 608 ἀν
895 543 1004 629 φόβον
1024 558 1092 621 τοῖς

79 644 282 733 δυσμενέσιν
303 644 561 729 ἐμποιήσαντας,
587 641 629 710 οὑ
654 649 886 726 πολυσαρκίαν
907 640 1015 729 ἀργόν
1036 648 1090 712 καὶ

80 742 207 829 λευκὴν
223 738 244 828 ἦ
259 740 422 823 ἀσαρκίαν
438 736 518 825 μετά
534 736 719 825 ῶχρότητος
734 743 1027 826 ἐπιδεικνυμένους
1038 736 1091 809 οἷα

80 847 254 927 γυναικῶν
281 838 414 924 σῶματα
442 835 506 904 ὑπὸ
536 845 614 926 σκιᾷ
637 841 895 923 μεμαρασμένα,
927 839 1089 925 τρέμοντα
1108 851 1159 908 907

80 943 199 1021 ίδρῶτί
212 964 246 1004 τε
269 942 381 1024 πολλῶ
404 931 509 1012 εάθὺς
530 933 674 1019 ῥεόμενα
691 939 747 1002 καί
770 932 1001 1021 ἀσθμαίνοντα
1023 935 1089 1004 ὑπό

82 1045 127 1127 τῷ
148 1038 282 1118 κράνει,
309 1036 363 1100 καί
386 1034 527 1117 μάλιστα
543 1028 587 1117 ἢν
602 1034 658 1100 καὶ
679 1030 697 1099 ὑ
721 1032 815 1119 ἥλιος
833 1032 945 1118 ῶσπερ
966 1043 1032 1101 νῦν
1053 1034 1089 1102 τό

80 1132 311 1224 μεσημβρινὸν
324 1136 493 1220 ἐπιφλέγῃ.
515 1126 563 1209 οἷς
575 1140 609 1199 τί
617 1132 662 1198 ἀν
674 1161 723 1210 τις
733 1133 890 1218 χρήσαιτο
903 1139 1025 1213 διψῶσι
1037 1140 1090 1202 καλ

80 1236 142 1305 τόν
157 1234 334 1317 κονιορτόν
346 1232 407 1301 οὑκ
424 1231 637 1319 ἀνεχομένοις
648 1236 703 1301 καί
720 1241 749 1301 εί
762 1228 841 1319 αἷμα
854 1238 969 1319 ίδοιεν,
986 1232 1092 1313 εὑθὺς

80 1338 335 1418 ταραττομένοις
357 1335 411 1399 καὶ
430 1332 752 1418 προαποθνήσκουσι
768 1337 847 1417 πρὶν
864 1332 958 1413 ἐντός
973 1338 1093 1420 βέλους

81 1434 319 1521 γενέσθαικαὶ
343 1438 390 1511 είς
414 1446 524 1516 χεῖρας
550 1434 664 1499 ἐλθεῖν
686 1446 754 1511 τοῖς
779 1440 966 1517 πολεμίοις;
999 1424 1092 1499 οὑτοι

81 1537 118 1601 δὲ
143 1530 220 1619 ἡμῖν
236 1530 425 1615 ὑπέρυθροι
441 1532 473 1606 ἐς
489 1527 525 1595 τό
544 1531 749 1613 μελάντερον
764 1528 829 1598 ὑπό
845 1536 907 1597 τοῦ
921 1526 1018 1614 ἡλίου
1035 1554 1092 1597 κε-

79 1634 267 1717 χρωσμένοι
283 1630 338 1696 καὶ
352 1624 557 1709 ἀρρενωποί,
575 1624 662 1692 πολὺ
675 1625 711 1691 τό
725 1633 874 1711 ἔμψυχον
889 1630 944 1693 καὶ
958 1623 1091 1712 θερμόν

80 1732 135 1797 καὶ
148 1728 318 1810 ἀνδρῶδες
329 1730 570 1807 ἐπιφαίνοντες,
587 1726 750 1810 τοσαύτης
760 1723 887 1804 εὐεξίας
897 1724 1092 1793 ἀπολαύον-

79 1855 150 1909 τες,
176 1825 253 1893 οὑτε
267 1825 374 1910 ῥικνοὶ
391 1825 443 1890 καί
459 1822 716 1907 κατεσκληκότες
733 1822 810 1890 οὔτε
824 1834 1042 1911 περιπληθεῖς
1059 1829 1092 1904 ἐς

81 1926 202 2014 βάρος,
223 1921 307 1991 ἀλλά
324 1926 356 2000 ές
371 1919 407 1988 τό
427 1923 619 2007 σύμμετρον
633 1926 950 2009 περιγεγραμμένοι,
977 1921 1014 1990 τό
1029 1923 1090 2010 μὲν

80 2023 217 2109 ἀχρεῖον
237 2028 305 2089 τῶν
324 2026 460 2104 σαρκῶν
482 2020 536 2085 καὶ
556 2016 713 2101 περιττὸν
731 2034 799 2097 τοῖς
814 2025 953 2104 ίδρῶσιν
973 2023 1092 2100 έξανα-

82 2122 236 2203 λοικότες,
252 2115 319 2187 δδὲ
333 2118 432 2205 ίσχὺν
443 2122 496 2186 καὶ
507 2119 607 2185 τόνον
618 2136 784 2206 παρεῖχεν,
801 2119 917 2208 ἀμιγὲς
927 2130 988 2189 τοῦ
1001 2122 1093 2207 φαὺ-

80 2228 145 2287 λου
160 2222 451 2304 περιλελειμμένον
461 2219 655 2301 ἐρρωμένως
669 2218 909 2302 φυλάττοντες·
932 2219 1016 2304 ὅπερ
1026 2217 1091 2305 γάρ

81 2316 123 2404 δὴ
142 2322 177 2385 οί
197 2324 377 2401 λικμῶντες
390 2315 450 2384 τόν
467 2315 595 2400 πυρόν,
619 2324 717 2383 τοῦτο
733 2314 814 2402 ἡμῖν
829 2320 885 2385 καὶ
901 2318 941 2385 τά
961 2319 1093 2405 γυμνά-

80 2440 137 2484 σια
162 2414 328 2501 ἐργάζεται
352 2420 389 2484 ἐν
412 2431 480 2494 τοῖς
497 2416 626 2499 σῶμασι
646 2413 710 2501 τὴν
730 2415 792 2501 μέν
809 2415 916 2503 ἀχνην
936 2420 992 2486 καὶ
1012 2416 1092 2495 τοὺς

81 2516 209 2597 ἀθέρας
224 2512 467 2600 ἀποφυσῶντα,
490 2513 644 2595 καθαρόν
660 2516 697 2580 δέ
718 2511 778 2581 τόν
793 2512 924 2599 καρπόν
941 2520 1090 2599 διενκρι·
1109 2533 1162 2588 908

83 2622 209 2681 νοῦντα
225 2616 279 2682 καὶ
292 2615 580 2699 προσσωρεὺοντα.
605 2619 655 2679 26.
671 2615 725 2681 καὶ
740 2610 794 2679 διά
812 2621 910 2681 τοῦτο
926 2614 1090 2700 ὑγιαίνειν

82 2738 117 2779 τε
134 2710 333 2797 ἀνάγκηκαὶ
350 2714 402 2780 ἐπὶ
421 2713 582 2799 μήκιστον
603 2714 753 2792 διαρκεῖν
773 2712 810 2776 ἐν
830 2726 897 2789 τοῖς
916 2714 1090 2799 καμάτοις·

83 2810 148 2891 ὀψέ
156 2837 191 2878 τε
202 2806 246 2877 ἀν
257 2817 354 2880 ίδίειν
366 2809 384 2879 ὁ
400 2819 549 2888 τοιοῦτος
561 2808 695 2890 άρξαιτο
707 2808 762 2874 καὶ
773 2805 921 2895 ὀλιγάκις
932 2808 977 2878 ἀν
987 2810 1092 2879 ἀσθε-

82 2918 154 2978 νῶν
166 2917 303 2996 φανείη·
326 2908 437 2994 ῶσπερ
453 2906 498 2977 ἀν
510 2915 539 2978 εί
548 2915 617 2990 πῦρ
633 2933 682 2984 τις
698 2910 812 2991 φέρων
827 2907 893 2993 ἅμα
909 2913 1047 2998 ἐμβάλοι
1059 2919 1092 2990 ἐς

82 3009 194 3093 πυρόν
224 3008 328 3078 αὐτόν
355 3012 409 3077 καὶ
438 3012 469 3086 ἐς
496 3006 558 3093 τὴν
583 3006 736 3091 καλάμην
762 3004 866 3073 αὑτοῦ
890 3011 944 3077 καὶ
972 3014 1004 3088 ἐς
1028 3010 1091 3097 την

82 3111 189 3197 ἀχνην
205 3151 242 3161 -
257 3103 359 3188 αὖθις
371 3109 437 3195 γάρ
452 3110 505 3176 ἐπὶ
519 3106 578 3174 τόν
594 3115 762 3191 λικμῶντα
778 3107 930 3193 ἐπάνειμι
948 3151 989 3161 -
1004 3117 1092 3177 θᾶτ-

81 3236 142 3276 τον
157 3206 217 3291 ἀν,
240 3205 347 3292 οἶμαι,
369 3209 458 3293 παρά
476 3203 562 3274 πολὺ
584 3203 604 3291 ἡ
621 3206 752 3289 καλάμη
773 3202 991 3292 ἀναφλεγείη,
1017 3204 1091 3275 ὑδέ

82 3306 190 3392 πυρὸς
214 3304 287 3373 κατ’
311 3305 425 3391 ὀλίγον
447 3304 523 3371 οὔτε
550 3303 674 3390 φλογός
701 3305 845 3390 μεγάλης
871 3301 1091 3392 ἀνισταμένης

81 3407 160 3477 οὔτε
174 3402 241 3474 ὑπό
254 3415 313 3494 μιᾷ
327 3413 367 3494 τῇ
383 3402 486 3491 ὁρμῇ,
503 3401 586 3470 άλλά
598 3405 681 3471 κατὰ
697 3401 820 3488 μικρόν
834 3401 1090 3490 ὑποτυφόμενος

81 3508 192 3598 χρόνῳ
217 3503 360 3589 ὕστερον
381 3508 434 3571 καὶ
457 3500 556 3580 αὑτός
578 3499 621 3569 ἀν
641 3509 877 3587 κατακαυθείη.
904 3500 951 3652 ἐπὶ
974 3510 1091 3570 τοίνυν
