2625 4092
410 289 614 348 ΠΛΟΙΟΝ
631 293 661 344 Η
680 289 845 346 EYXAL
1071 289 1129 352 221

119 477 179 535 μαι
189 457 248 535 τῆς
260 449 360 533 νεώς,
375 444 451 515 ἀλλ’
463 451 596 530 ἐπείπερ
609 451 750 531 ἔξεστιν,
768 449 974 533 ἐπιμετρήσω
985 457 1023 538 τῇ
1036 447 1129 536 εὐχή·
1148 519 1149 522 ,

118 545 136 613 ὁ
154 547 190 615 δὲ
202 545 320 634 Ἑρμῆς
335 543 353 613 ὁ
366 549 512 636 κερδῷος
532 545 737 614 ἐπινευσάτω
753 545 886 614 ἅπασιν.
911 552 994 615 ἔστω
1008 546 1072 635 γάρ
1094 546 1131 617 τὸ

118 652 240 711 πλοῖον
254 646 310 711 καὶ
324 641 363 711 τά
379 646 416 711 ἐν
431 642 522 732 αὐτῷ
536 644 646 711 πάντα
661 645 723 730 ἐμά
739 647 794 713 καὶ
810 643 827 712 ὁ
843 646 967 732 φόρτος
981 652 1015 715 οί
1028 654 1133 733 ἔμπο-

121 767 176 825 ροι
193 746 229 809 αί
239 757 396 827 γυναῖκες
409 747 444 810 οί
455 750 576 809 ναῦται
591 744 646 810 καὶ
662 741 742 811 ἀλλο
761 753 794 811 εί
803 770 835 811 τι
851 741 988 830 ἥδιστον
1006 747 1132 833 κτημά-

120 866 190 906 των
208 837 376 908 ἁπάντων.

207 946 319 1006 ΣΛΜ.
343 942 498 1025 Λέληθας
513 939 655 1007 σεαυτὸν
672 945 755 1025 ἔχων
773 943 810 1007 ἐν
827 949 866 1030 τῇ
881 948 944 1028 νηΐ.

208 1044 371 1106 ΛΔΕΙΜ.
398 1035 467 1106 Τδν
483 1041 586 1104 παῖδα
606 1038 688 1123 φής,
713 1030 926 1124 οδΣάμιππε,
951 1038 1010 1106 τὸν
1026 1042 1133 1126 κομή-

118 1164 192 1224 την.
216 1134 369 1214 κάκεῖνος
387 1131 451 1204 οὖν
465 1143 548 1205 ἔστω
569 1138 655 1224 ἐμάς.
686 1135 810 1216 ὁπόσος
824 1139 859 1207 δὲ
876 1137 893 1207 ὁ
910 1139 1017 1223 πυρὸς
1032 1143 1132 1208 ἔνδον

118 1241 225 1318 ἐστίν,
243 1228 370 1314 οὗτοςδ
386 1235 529 1321 ἀριθμὸς
543 1234 629 1314 ἅπας
642 1243 782 1322 χρυσίον
796 1239 958 1326 ἐπίσημον
968 1243 1130 1326 γενέσθω,

119 1344 275 1404 τοσοῦτοι
290 1341 446 1420 δαρεικοί.

206 1440 255 1501 19.
283 1442 382 1503 ΛΤΚ.
415 1441 458 1503 Τί
479 1442 597 1517 τοῦτο,
627 1427 654 1500 οἷ
679 1431 884 1518 ’Λδείμαντες
912 1436 1135 1504 καταδύσεταί

118 1552 173 1600 σοι
186 1529 221 1598 τὸ
239 1541 372 1616 πλοῖον,
395 1531 437 1600 οὐ
456 1532 521 1619 γάρ
537 1543 613 1600 ίσον
628 1532 732 1618 βάρος
748 1538 861 1614 πυροῦ
877 1535 931 1600 καλ
947 1540 1129 1620 ἰσαρίθμου
1148 1549 1196 1602 261

161 1651 256 1696 υσου.

118 1655 160 1716 χρ
206 1735 369 1797 ΛΔΕΙΜ.
395 1727 454 1814 Μή
470 1730 612 1815 φθόνει,
632 1721 814 1812 οἶΛυκῖνε,
837 1727 911 1796 ἀλλ’
931 1726 1067 1796 ἐπειδάν
1085 1736 1131 1808 είς

120 1826 158 1894 σὲ
178 1831 331 1914 παρέλθῃ
351 1824 372 1914 ή
394 1825 489 1914 εὐχή,
515 1827 577 1913 τήν
595 1825 766 1910 Πάρνηθα
787 1829 935 1912 ἐκείνην,
962 1833 992 1894 εί
1010 1830 1130 1911 θέλεις,

118 1922 204 2009 ὅλην
217 1934 346 2011 χρυσῆν
360 1927 500 2012 ποιήσας
515 1932 583 2011 ἔχε,
599 1921 692 2010 κάμω
707 1925 921 2010 σιωπήσομαί
935 1945 996 1992 σοι.
1089 2003 1091 2008 ,

205 2029 305 2090 ΛΤΚ.
324 2020 413 2091 Ἀλλ’
438 2022 522 2106 ὑπὲρ
543 2021 726 2109 ἀσφαλείας
748 2029 847 2090 τοῦτο
870 2029 972 2110 ἔγωγε
993 2029 1050 2110 τῆς
1071 2032 1131 2109 σης

120 2120 346 2208 ἐποιησάμην,
369 2119 413 2200 ὡς
432 2120 476 2207 μή
497 2121 683 2190 ἀπολέσθαι
704 2119 852 2201 ἅπαντας
873 2121 954 2208 μετά
968 2129 1029 2190 τοῦ
1048 2149 1131 2210 χρυ-

121 2226 213 2286 σίου·
242 2221 296 2287 καὶ
321 2218 362 2287 τά
383 2218 445 2306 μὲν
466 2218 606 2306 ἡμέτερα
627 2223 760 2307 μέτριοι,
786 2218 823 2288 τδ
842 2221 1015 2308 μειράκιον
1037 2222 1072 2289 δὲ
1093 2219 1129 2288 ιδ

122 2315 247 2402 ὡραῖον
262 2315 524 2403 ἀποπνιγήσεται
540 2320 665 2386 ἄθλιον
679 2336 751 2388 νεῖν
766 2320 828 2388 οὐκ
845 2321 1074 2406 ἐπιστάμενον.

210 2423 304 2484 ΤΙΜ.
337 2418 477 2503 Θάρρει,
503 2410 529 2484 ὦ
552 2423 695 2486 Λυκῖνε·
731 2425 765 2487 οῖ
785 2424 938 2505 δελφῖνες
959 2417 1024 2504 γάρ
1049 2416 1130 2485 αὐτὸ

121 2514 308 2595 ὑποδύντες
318 2519 504 2596 ἐξοίσουσιν
515 2519 568 2586 ἐπὶ
579 2517 641 2604 τήν
653 2527 728 2605 μήν.
752 2514 774 2606 ή
786 2525 927 2604 νομίζεις
936 2516 1132 2608 κιθαρῳδὸν

120 2617 183 2702 μέν
197 2641 271 2682 τινα
283 2622 437 2700 σωθῆναι
451 2614 531 2702 παρ’
545 2614 658 2685 αὐτῶν
669 2621 724 2686 καὶ
736 2615 917 2703 ἀπολαβεῖν
931 2615 992 2684 τόυ
1002 2615 1131 2703 μισθὸν

119 2711 195 2782 ἀντὶ
210 2722 267 2801 τῆς
283 2713 370 2804 ῴδής
380 2716 436 2783 καλ
449 2718 573 2798 νεκρόν
583 2743 614 2783 τι
629 2717 711 2786 ἀλλο
726 2722 860 2785 παιδίον
875 2720 908 2795 ἐς
921 2714 980 2783 τὸν
994 2714 1130 2802 Ἰσθμὸν

122 2815 175 2882 ε’πὶ
190 2819 345 2900 δελφῖνος
356 2811 477 2898 ὁμοίως
489 2825 775 2902 προκομισθῆναι,
792 2815 851 2883 τὸν
866 2817 902 2882 δὲ
915 2813 1130 2902 Ἀδειμάντου

121 2919 253 2999 οίκέτην
267 2911 328 2979 τδν
342 2915 506 3001 νεώνητοι
526 2912 712 3001 ἀπορήσειν
726 2921 881 3002 δελφῖνος
895 2919 1072 3000 ἐρωτικούς

206 3019 366 3081 ΛΔΕΙΜ.
392 3017 456 3085 Καὶ
472 3010 516 3081 οδ
531 3015 614 3099 γάρ,
635 3014 796 3102 Τιμόλαε,
811 3025 893 3104 μιμῇ
906 3024 1057 3084 Λυκῖνον
1075 3017 1129 3083 καὶ

121 3116 302 3198 ἐπιμετρεῖς
316 3121 385 3181 τῶν
403 3113 629 3200 σκωμμάτων,
650 3116 824 3185 καὶταῦτα
841 3114 1014 3204 είσημητής
1028 3113 1129 3194 αὐτὸς

118 3211 317 3302 γενόμενοςς

205 3320 255 3381 20.
276 3321 370 3383 ΤΙΜ.
382 3313 540 3400 ’Ἄμεινον
551 3308 596 3401 ήν
610 3315 843 3399 πιθανώτερον
858 3313 939 3382 αὐτὸ
952 3329 1060 3382 ποιεῖν
1074 3320 1133 3381 καί

119 3440 195 3482 τινα
211 3413 390 3499 θησαυρὸν
405 3409 470 3480 ὑπδ
486 3419 525 3501 τῇ
540 3421 637 3502 κλίνη
648 3411 821 3498 ἀνευρεῖν,
838 3411 882 3492 ὡς
895 3410 939 3501 μή
951 3413 1128 3499 πράγματα

119 3519 204 3600 ἔχοις
218 3514 254 3581 ἐκ
268 3520 329 3580 τοῦ
343 3519 462 3581 πλοίου
478 3515 665 3598 μετατιθεὶς
679 3518 817 3600 χρυσίον
834 3514 865 3590 ἐς
879 3510 916 3579 τδ
934 3509 1027 3579 ἄστυ.
