2625 4092
222 281 286 346 334
574 287 880 350 ΛΟΤΚΙΛ-’ΝΟΤ

223 471 317 531 φημα
336 447 445 514 πάντα
463 443 555 515 καὶ
538 455 635 536 εορτή
655 450 832 533 πρέποντα.
865 456 917 519 31.
931 451 986 538 Νή
1003 449 1081 535 Δί’,
1105 448 1230 520 εἷτενό

223 542 389 631 ἨΕρμων
370 554 705 651 υπερκατακείμενος
728 544 864 633 ήκηκόει
878 551 955 637 γάρ,
972 504 1123 637 οἴμωζ’
1097 577 1144 616 υν
1158 575 1230 616 τινα

224 645 447 714 ἐσκευάσθαι’
442 644 698 739 Αρισταινέτφ’
681 675 714 726 ες
726 645 762 715 τό
783 648 983 735 δείπνον,”
955 672 1037 717 ωστε
1055 647 1120 718 ούκ
1135 648 1231 716 ἀκαι-

224 767 285 824 ρον
302 744 407 810 ἐδόκει
424 751 614 832 μεμνῆσθαι
635 773 696 812 του
682 740 942 818 Καλυδωνίου.
973 746 1058 815 ἀλλά
1076 745 1163 831 πρός
1175 754 1231 831 τῆς

217 838 358 923 Ἑστίας,
375 834 403 907 ἀ
416 839 648 929 Ἀρισταίνετε,
664 839 771 930 πέμπε
784 843 1048 931 ὡςτάχιστατῦν
1059 843 1230 931 ἀπαρχων,

223 934 267 1026 μή
278 941 332 1007 καί
343 939 462 1028 φθάση
473 938 492 1008 ό
502 943 690 1029 πρεσβύτης
699 939 765 1009 ἀπό
777 952 877 1028 λιμοῦ
886 941 1025 1026 ὥσπερό
1036 945 1233 1028 Μελέαγρος

222 1037 482 1125 ἀπομαρανθείς.
506 1046 611 1108 καίτοι
622 1040 723 1109 ούδέν
737 1037 782 1107 ἀν
795 1043 901 1109 πόθοι
912 1042 1042 1109 δεινόν·
1059 1039 1231 1124 ἀδιάφορα

152 1155 206 1211 440
225 1137 288 1224 γάρ
303 1137 321 1205 ό
336 1140 533 1221 Χρύσιππος
547 1138 587 1206 τά
599 1147 734 1208 τοιαῦτα
745 1137 864 1226 ἡγεῖτο.
884 1143 935 1208 32.
953 1147 1156 1222 Χρυσίππου
1167 1139 1233 1222 γὰρ

223 1240 395 1322 μέμνησθε
413 1235 522 1322 ὑμεῖς,
540 1244 604 1324 ἔφη
621 1237 840 1324 όΖηνόθεμις
856 1242 1025 1323 ἐπεγείρας
1041 1232 1164 1304 έαντόν
1178 1237 1233 1300 καὶ
1298 1306 1299 1333 ¹

224 1340 454 1422 φθεγξάμενος
469 1341 696 1423 παμμέγεθες,
715 1334 736 1423 ή
751 1334 811 1423 ἀφ’
828 1335 901 1416 ἑνός
916 1332 1039 1419 ἀνδρὸς
1050 1330 1118 1401 υάκ
1132 1333 1232 1399 ἐννό·

223 1461 292 1519 μως
312 1443 580 1520 φιλοσοφοῦντος
596 1432 845 1520 Ἑτοιμοκλέους
862 1440 923 1500 τοῦ
943 1432 1063 1518 γόητος
1084 1442 1232 1514 μετρεῖτε

224 1530 484 1617 τόνΚλεύυθην
506 1533 560 1600 καί
575 1532 718 1618 Ζήνωνα
735 1530 864 1616 σοφούς
884 1531 1026 1615 ἀνδραςς
1053 1532 1177 1605 οἵτινες
1197 1528 1232 1593 δὲ

224 1632 277 1696 καί
298 1629 392 1708 ὄντες
411 1627 504 1750 ὑμεῖς
521 1633 621 1711 ε’ρείτε
641 1637 762 1711 ταῦτας
784 1628 825 1697 ού
840 1629 883 1697 σύ
900 1630 962 1716 μὲν
976 1635 1044 1696 τῶν
1058 1625 1231 1695 Διοσκού-
1298 1634 1299 1657 ¹

224 1753 294 1809 ρων
308 1725 387 1813 ήδη
404 1754 429 1793 ω
419 1720 585 1812 ῗἝρμων,
600 1753 681 1806 τους
694 1729 886 1814 πλοκαμους
895 1730 1136 1809 περικεκαρκας
1146 1748 1233 1808 χρυ-
1298 1782 1299 1797 ,

223 1833 303 1903 σοῦς
318 1825 433 1906 όυτας;
456 1828 509 1893 καί
525 1827 641 1904 διόσεις
657 1831 754 1910 δίκην
768 1828 973 1907 παραδοθεὶς
985 1851 1030 1912 τῳ
1017 1828 1164 1911 δημίῳ.
1189 1819 1234 1887 σύ

223 1927 258 1991 δὲ
281 1921 341 2009 τήν
356 1925 559 2006 Σωστράτου
579 1938 722 2010 γυναῖκα
744 1932 804 1991 τοῦ
824 1930 978 2009 μαθητοῦ
994 1893 1234 2006 ἐμοίχευες,’
1208 1946 1235 1984 ω

227 2022 412 2105 Κλεόδημε,
425 2048 479 2089 και
468 2022 761 2108 καταληφθείς
726 2050 764 2089 τα
777 2032 925 2108 αίσχιστα
940 2026 1070 2095 ἔπαθες.
1094 2014 1137 2084 ού
1148 2037 1234 2083 σιω-

223 2118 370 2204 πήσεσθε
385 2111 449 2185 ούν
469 2127 604 2187 τοιαῦτα
619 2122 895 2205 συνεπιστάμενοι
913 2121 1057 2195 ἑαυτοῖςς
1081 2113 1172 2182 ”Αλλ
1192 2112 1235 2179 ού

222 2213 412 2301 μαστροπὸς
428 2215 492 2302 ἐγω
504 2226 563 2303 τῆς
573 2221 720 2303 ἐμαυτοῦ
731 2220 904 2304 γυναικός,
921 2211 942 2303 ή
955 2215 985 2283 δ’
1000 2213 1035 2293 ὃς
1048 2215 1065 2283 ὁ
1077 2213 1233 2297 Κλεόδη-

222 2341 299 2400 μος,
316 2313 426 2397 ύσπερ
445 2318 504 2395 σύ,
518 2315 601 2385 ὀύδέ
617 2324 679 2385 τοῦ
694 2323 791 2396 ξένου
806 2324 961 2403 μαθητοῦ
975 2312 1088 2401 λαβών
1100 2313 1234 2397 τούφό-

224 2421 298 2482 διου
318 2416 599 2501 παρακαταθήκας
617 2423 728 2484 ἔπειτα
750 2415 863 2502 ὤμοσα
887 2412 969 2483 κατά
990 2420 1047 2499 τῆς
1060 2412 1234 2490 Πολιάδος

222 2510 266 2599 μή
285 2512 561 2598 εἰληφέναι,ὀύδ’
579 2518 631 2583 ἐπὶ
646 2519 795 2598 τέτταρσι
807 2520 965 2600 δραχμαῖς
977 2518 1131 2592 δανείζω,
1149 2508 1233 2576 ούδέ
1297 2564 1298 2579 .

223 2610 312 2698 ἀγχω
327 2611 406 2689 ἴτυός
423 2615 591 2698 μαθητύς,
615 2607 659 2700 ήν
679 2612 722 2700 μή
742 2612 825 2680 κατά
848 2609 967 2696 καιρόν
984 2608 1134 2676 ἀποδῶσι
1150 2607 1234 2685 τούς
1297 2608 1298 2623 ’

222 2710 375 2794 μισθούς.
397 2708 482 2777 Ἀλλ’
497 2714 620 2795 ἐκεῖνο,
637 2719 700 2797 ἔφη
713 2712 731 2778 ό
742 2713 946 2799 Ζηνόθεμις,
962 2709 1024 2777 ούκ
1035 2703 1079 2776 ἀν
1090 2715 1233 2794 ἔξαρνος

212 2813 332 2895 Ιγένοιο
355 2808 399 2895 μή
423 2809 495 2895 οὐχὶ
513 2814 692 2898 φάρμακον
713 2809 903 2880 ἀποδόσθαι
923 2814 1069 2890 Κρίτωνι
1091 2807 1146 2873 ἐπὶ
1169 2804 1233 2872 τόν

222 2913 354 2991 πατέρα.
377 2915 427 2976 33.
444 2914 497 2977 καὶ
512 2910 596 2996 ἅμα,
615 2919 708 2997 ἔτυχε
723 2910 787 2995 γάρ
803 2916 928 2991 πίνων,
952 2905 1079 3001 ὁπόσον
1093 2910 1141 2972 έτι
1158 2913 1231 2973 λοι·

221 3007 288 3075 πόν
302 3011 339 3074 ἐν
353 3015 392 3096 τή
406 3010 532 3076 κύλικι.
550 3012 624 3092 περὶ
639 3009 744 3096 ἥμισυ
758 3009 892 3092 σχεδόν,
909 3007 1151 3075 κατεσκέδασεν
1167 3001 1231 3070 αύ-

221 3121 301 3174 τοίν.
325 3105 489 3176 ἀπέλαυσε
506 3109 542 3177 δὲ
558 3111 611 3177 καὶ
627 3107 731 3178 ὁἼων
742 3115 799 3193 της
814 3105 1049 3192 γειτονήσεως,
1067 3100 1130 3169 ούκ
1141 3101 1231 3168 ἀνά-
1296 3194 1297 3201 ¹

154 3222 201 3275 441
223 3212 289 3284 ξιος
308 3203 363 3272 ἀν.
375 3223 377 3228 “
389 3203 407 3271 ό
418 3207 479 3290 μὲν
496 3200 559 3273 ούν
567 3207 699 3293 Ἕρμων
713 3206 873 3286 ἀπεξύετο
887 3208 923 3273 έκ
937 3211 993 3288 τής
1008 3209 1156 3287 κεφαλῆς
1169 3198 1231 3267 τόν
1296 3204 1297 3207 ’

221 3302 366 3387 ἀκρατον
376 3305 609 3385 προνενευκὼς
620 3309 676 3373 καί
686 3305 764 3386 τούς
772 3305 940 3389 παρόντας
950 3301 1164 3388 ἐμαρτύρετο,
1176 3297 1230 3367 οἱα

222 3402 410 3468 ἐπεπόνθει.
434 3399 451 3466 ὁ
464 3404 655 3489 Κλεόδημος
665 3406 702 3473 δὲ
714 3446 749 3456 -
766 3402 808 3472 ού
816 3400 883 3489 γὰρ
895 3399 958 3486 εἶχε
968 3399 1087 3466 κύλικα
1099 3437 1140 3448 -
1154 3401 1229 3466 έπε-

222 3500 377 3582 στραφεὶς
391 3504 599 3582 προσέπτυσέ
612 3527 646 3568 τε
666 3501 726 3570 τόν
739 3502 933 3589 Ζηνόθεμιν
948 3501 1002 3566 καὶ
1016 3504 1055 3585 τῇ
1068 3495 1230 3582 ἀριστερᾷ
1295 3574 1296 3591 ¹
