2625 4092
210 282 253 345 42
566 287 872 347 AOYKIANOY

211 441 334 512 ὁταντί
348 447 456 530 λέγων
467 446 504 512 ἐν
514 457 586 522 ταῖς
597 446 784 529 ἐκκλησίαις
796 454 943 531 συνεχως
956 454 1146 532 ,Φίλιππος
1155 477 1224 535 γαρ

212 539 230 610 ὁ
247 541 418 610 Μακεδών
434 539 592 627 ὄλεθρός,
608 539 694 609 ὅθεν
708 539 787 608 οὐδὲ
801 541 1016 629 ἀνδράποδον
1030 547 1163 629 πρίιιιτό
1174 555 1225 626 τίς

211 649 331 725 ποτε,“
346 641 512 728 τολμήσας
523 648 705 724 προελθεῖν
715 643 748 718 ἐς
761 639 824 726 τήν
832 648 999 738 Βοιφτίαν
1010 641 1122 730 πρὶνή
1133 666 1225 730 συμ-Ι
1306 652 1307 729 j

211 746 302 827 μῖξαι
314 740 355 808 τά
368 740 574 824 στρατόπεδα
591 741 646 804 καὶ
661 746 845 825 συμβαλεῖν
859 742 893 817 ἐς
905 755 1031 826 χεῖρας,
1046 745 1145 826 ῥίψας
1159 741 1226 828 τήν

211 835 335 905 ἀσπίδα
362 843 496 924 ἔφυγεν.
527 831 548 923 ή
570 833 702 902 οὐδέπω
728 843 831 902 ταῦτα
852 837 1018 921 πρότερον
1041 838 1226 924 διήκουσας

212 932 351 1015 οὐδενός
369 937 462 1003 πάνυ
475 935 627 1022 γνώριμα
641 932 722 1001 ὅντα
737 932 797 1019 οὐχ
810 932 902 1013 ὅπως
912 933 1119 1022 Ἀθηναίοις,
1135 933 1225 1004 ἀλλὰ

211 1037 313 1124 Θρᾳξί
328 1038 383 1103 καὶ
394 1035 566 1118 Σκύθαις,
585 1029 671 1100 ὅθεν
684 1036 792 1100 ἐκεῖνο
806 1031 844 1100 τό
861 1035 1021 1120 κάθαρμα
1034 1027 1096 1122 ήν;

295 1168 346 1230 43.
367 1167 464 1230 ΤΓΧ.
485 1157 676 1245 Ἐπίσταμαι
691 1165 811 1226 ταῦτα·
841 1157 915 1227 ἀλλ’
933 1154 1027 1228 οὗτοι
1042 1161 1105 1247 μὲν
1121 1160 1225 1247 ρ’ήτο-
1307 1170 1308 1189 ’

211 1285 266 1344 ρες
283 1261 338 1327 καί
357 1259 480 1344 λόγους
496 1260 606 1342 λέγειν
626 1255 826 1343 ήσκημίνοι,
849 1254 970 1342 ἀρετήν
991 1260 1027 1326 δὲ
1048 1258 1097 1327 οὔ,
1133 1265 1168 1325 τί
1187 1257 1226 1325 δὲ

140 1375 192 1434 867
212 1360 372 1442 περὶτῶν
394 1353 592 1441 φιλοσόφων
612 1357 737 1440 λέγεις;
768 1351 809 1421 οὐ
831 1352 896 1440 γάρ
918 1354 960 1442 δή
981 1358 1128 1436 τούτους·
1139 1363 1226 1442 ἔχεις

211 1454 322 1537 ὥσπερ
338 1456 486 1533 ἐκείνους
500 1459 679 1522 αἰτιᾶσθαι.

294 1585 395 1649 ΠΛΡ.
418 1572 523 1648 Οὗτοι
541 1580 659 1664 πάλιν,
683 1572 711 1646 ά
736 1579 900 1665 Τυχιάδη,
923 1585 957 1649 οί
973 1581 1048 1664 περὶ
1065 1576 1226 1667 ἀνδρείας

211 1675 372 1764 ὁσημέραι
390 1678 620 1764 διαλεγόμενοι
642 1680 697 1745 καὶ
712 1685 965 1766 κατατρίβοντες
979 1674 1016 1746 τό
1031 1685 1089 1764 τῆς
1102 1675 1227 1766 ἀρετῆς

210 1776 317 1863 ὄνομα
330 1784 444 1866 πολλῷ
454 1783 582 1863 μᾶλλον
593 1782 662 1842 των
675 1775 828 1863 ρητόρων
838 1782 1026 1862 φανοῦνται
1038 1775 1226 1864 δειλότεροι

211 1878 266 1942 καὶ
278 1874 516 1960 μαλακώτεροι.
531 1874 647 1941 σκόπει
657 1876 694 1943 δὲ
705 1872 822 1953 οὕτως.
838 1883 973 1957 πρῶτον
983 1876 1046 1962 μὲν
1055 1871 1118 1942 οὐκ
1129 1880 1224 1942 ἔστιν

210 1971 300 2050 ὅστις
316 1979 419 2042 εἰπεῖν
440 1980 507 2060 ἔχοι
528 1974 719 2060 φιλόσοφον
734 1977 773 2042 ἑν
794 1977 928 2064 πολέμῳ
948 1971 1223 2068 τετελευτηκότα·
1304 2050 1308 2060 ¹

210 2071 282 2158 ἤτοι
300 2070 364 2158 γάρ
385 2069 464 2140 οὐδὲ
485 2070 570 2150 ὅλως
588 2073 867 2157 ἐστρατεύσαντο,
890 2068 1023 2158 ήεῖπερ
1041 2071 1223 2154 ἑστρατεά-
1303 2064 1308 2078 ’

211 2190 330 2254 σαντο,
347 2167 468 2248 πάντες
482 2175 620 2257 ἔφυγον.
642 2168 855 2257 Ἀντισθένης
870 2173 933 2257 μὲν
949 2162 1014 2238 οὖν
1027 2173 1081 2238 καί
1095 2169 1225 2257 Διογέ-

210 2294 270 2353 νης
287 2269 341 2336 καὶ
354 2266 488 2353 Κράτης
503 2271 558 2336 καί
571 2269 692 2354 Ζήνων
706 2272 761 2337 καὶ
770 2270 916 2338 Πλάτων
931 2272 986 2339 καί
996 2275 1154 2356 Αἰσχίνης
1164 2271 1226 2337 καὶ

206 2364 430 2452 Ἀριστοτέλης
445 2370 499 2436 καὶ
513 2375 578 2446 πᾶς
593 2360 692 2445 οὗτος
706 2365 723 2436 ὁ
739 2366 853 2454 ὅμιλος
871 2365 949 2436 οὐδὲ
965 2366 1055 2436 εἶδον
1069 2367 1225 2452 παράτα-

210 2472 277 2546 ξιν·
299 2465 403 2552 μόνος
415 2466 451 2534 δὲ
461 2467 627 2554 τολμήσας
641 2469 790 2546 ἐξελθεῖν
804 2468 837 2544 ἐς
849 2465 909 2552 τήν
921 2469 973 2533 ἐπὶ
983 2474 1099 2558 Δηλίφ
1110 2465 1225 2554 μάχην

138 2586 192 2643 868
210 2564 228 2634 ὁ
244 2563 349 2651 σοφός
360 2563 473 2634 αὐτων
483 2565 667 2651 Σωκράτης
683 2563 820 2651 φεύγων
831 2568 963 2633 ἐκεῖθεν
977 2563 1043 2633 ἀπὸ
1055 2567 1224 2652 τήςΠάρ-

209 2676 316 2753 νηθος
329 2669 362 2745 ἐς
376 2665 438 2753 τήν
455 2670 608 2752 Ταυρίου
624 2669 832 2745 παλαίστραν
845 2667 1028 2752 κατέφυγε·
1050 2661 1137 2732 πολύ
1151 2665 1223 2750 γάρ

209 2763 301 2855 αὐτῷ
315 2761 526 2852 ἀστειότερον
542 2765 650 2832 ἐδόκει
667 2760 831 2850 μετὰτῶν
846 2770 1093 2848 μειρακυλλίων
1111 2774 1224 2832 καθε-

210 2865 349 2949 ζόμενον
372 2860 516 2946 ὀαρίζειν
536 2867 591 2932 καὶ
614 2861 817 2949 σοφισμάτια
842 2863 1046 2949 προβάλλειν
1072 2877 1139 2942 τοῖς
1161 2866 1221 2931 εὐ-

208 2961 434 3048 τνγχάνουσιν
447 2959 469 3048 ή
484 2960 582 3048 ἀνδρί
596 2961 793 3050 Σπαρτιάτῃ
806 2963 980 3049 μάχεσθαι.

297 3093 392 3158 m.
418 3081 458 3156 Ὦ
476 3106 626 3175 γενναῖε,
650 3096 754 3158 ταῦτα
775 3088 837 3174 μὲν
856 3086 921 3174 ήδη
937 3092 993 3158 καί
1008 3088 1089 3173 παρ’
1105 3089 1222 3158 ἀλλων

209 3186 404 3272 ἐπυθόμην,
427 3184 469 3255 οὐ
488 3187 534 3273 μά
550 3197 618 3257 Δία
639 3188 805 3256 σκάπτειν
826 3185 950 3266 αὐτους
970 3191 1024 3256 καί
1044 3188 1222 3270 ὀνειδίζειν

144 3300 153 3312 ·“
208 3287 441 3374 βουλομένων·
471 3285 555 3357 άστε
570 3286 672 3357 οὐδέν
690 3294 725 3357 τί
741 3311 798 3372 μοι
819 3290 926 3364 δοκεῖς
941 3290 1155 3375 χαριζόμενος
1178 3298 1222 3378 τῇ

208 3392 352 3454 σεαυτοῦ
367 3388 462 3475 τέχνη
477 3386 749 3470 καταψεύδεσθαι
763 3393 831 3453 τῶν
848 3383 994 3472 ἀνδρῶν.
1025 3394 1076 3458 44.
1095 3387 1169 3457 ἀλλ’
1190 3397 1224 3460 εί

208 3489 302 3556 δοκεῖ
311 3481 392 3573 ήδη,
418 3489 499 3572 φέρε
519 3489 574 3556 καί
589 3482 632 3553 σύ
647 3482 708 3551 τόν
728 3485 913 3572 παράσιτον
933 3484 1048 3567 ὁποῖός
1060 3495 1111 3568 τίς
1125 3490 1223 3556 ἐστιν
