2625 4092
153 306 221 347 xvim
578 289 815 344 PRAEFATIO.

224 431 309 495 cyna.
327 447 349 480 c.
370 431 383 480 1
403 426 594 496 γυμνοδερκῇ]
614 442 722 495 γυμνος
741 421 808 495 ἔργη
826 429 961 479 Burmeist.
978 444 1006 494 p.
1023 427 1068 480 40.
1087 430 1170 494 magis
1188 427 1243 494 pla

153 508 193 551 cet
220 501 290 564 quod
314 500 425 554 Lobeck.
464 515 493 550 ro
514 501 580 549 osuit
601 488 709 564 γυμνὸς
731 494 806 564 θέρη
848 497 907 548 ibid.
930 488 1119 563 εὐναζόμενον
1140 506 1244 548 auctora

151 570 253 620 Halmio
269 569 330 620 dedi
344 584 390 652 pro
407 515 666 648 καάεάναζόμενος.
681 561 832 648 υΙλίιιιίκκαλ
851 557 952 634 εάνάζη
967 559 1056 659 μόνης
1073 567 1244 648 lfritaschiuup

153 638 384 776 pgppppppmilbpd
400 634 725 774 ίάίάυάιοοζεῖαάἀτξάἀῗο
738 652 794 758 dud
806 637 906 772 ἓάἀία]
923 632 1244 772 μειαάίαδετεεῖλτιάβεωωὸθ

152 766 321 895 αὐταρκεῖν]
341 764 468 842 αάτάρκη
490 778 527 828 id.
570 776 630 829 ibid.
653 773 851 842 παραγίνεται]
874 774 1077 841 παραγίγνεται
1099 777 1136 829 id.
1178 790 1203 824 c.
1225 773 1245 824 9

153 843 271 913 γίνεται]
289 859 414 912 γγνεται
432 847 468 899 id.
496 861 518 896 o.
535 846 570 898 10
587 837 740 911 πράγματα
755 847 830 896 eiecit
847 845 882 898 id
899 854 1003 896 auctore
1019 846 1143 895 lucobsic.
1173 858 1197 894 ο.
1208 843 1241 895 11

151 908 204 967 Md
217 913 278 965 Δία
295 930 353 966 cum
371 917 429 968 eod.
453 916 546 981 scripsi
570 915 601 965 de
623 913 710 965 Sclaui
730 917 797 966 conl.
816 930 864 980 pro
880 905 929 978 Νη
946 911 1004 963 Δία
1038 930 1059 964 ο.
1079 913 1113 966 13
1130 900 1169 964 ἀν
1183 921 1245 964 anie

152 977 302 1051 ὁρμήσειεν
322 985 354 1036 da
372 1000 428 1035 meo
446 985 543 1035 addidi.
581 1001 603 1034 ο.
622 985 656 1035 16
675 975 707 1034 δὲ
726 974 854 1050 ἀγαθοῦ]
871 973 901 1031 δ’
918 973 1034 1048 ἀγαθοῦ
1047 983 1126 1038 Diod.
1162 997 1187 1034 e.
1211 983 1243 1034 17

152 1045 661 1190 poppipggpjgd·m2bgpJccgpiogggc
681 1044 1244 1190 liauffll⁰dhddddd⁹⁰fflss

152 1192 231 1260 βουλ.
248 1193 332 1244 Halm.
349 1158 476 1259 l’iirsahig.
497 1208 523 1258 p.
538 1192 585 1244 66:
606 1159 735 1254 ἀξίοῦτε,
754 1183 851 1249 ἀλλοις
869 1180 1051 1257 ἐπιτιμῶντες
1059 1157 1158 1248 ’καλοῖς
1194 1203 1245 1240 ου·

151 1257 313 1327 λευομένοις
331 1253 467 1319 πολλάκις
482 1257 547 1327 περὶ
563 1247 603 1311 τάν
619 1253 775 1326 πράττουσι
788 1252 872 1310 αάτολ
891 1249 947 1310 κτὲ.
976 1278 999 1315 c.
1011 1260 1044 1312 19
1059 1260 1148 1310 καλου
1202 1275 1244 1309 ων

152 1322 344 1399 εὐδαιμόνων]
362 1332 398 1382 ita
416 1332 449 1382 dc
460 1331 598 1381 Wetsteuii
609 1333 678 1382 coni.
692 1346 739 1396 pro
753 1323 936 1396 καλουμένων
954 1321 1131 1396 ἀνθρώπων.
1148 1329 1243 1380 Diod:

152 1392 332 1465 εὐδαιμόνων
348 1394 531 1466 καλουμένων
549 1391 717 1466 ἀνθρώπων
745 1416 768 1451 ο.
784 1400 819 1451 20
834 1388 917 1449 αὐτοὶ
932 1400 1009 1451 iliud.
1025 1401 1099 1450 uncis
1115 1399 1244 1450 liberauit.
1309 1382 1310 1437 ἶ

223 1470 354 1522 Solcecisi.
368 1487 390 1520 c.
406 1470 420 1520 1
438 1461 560 1535 λέγωμεν
576 1478 680 1520 auctore
695 1468 794 1519 Halmio
810 1470 871 1520 dedi
885 1483 932 1534 pro
946 1461 1061 1534 λέγομεν
1089 1484 1112 1519 c.
1127 1471 1144 1520 2
1157 1481 1245 1517 κατα·

153 1553 176 1590 π
194 1537 273 1608 ἆξαι]
289 1535 469 1603 καταπρᾶξαι
483 1529 521 1590 ἄν
536 1539 618 1592 Halm.
645 1556 667 1590 c.
683 1540 701 1588 4
716 1535 830 1605 τίτθας]
848 1529 951 1595 τιτθάς
967 1538 1042 1590 Dina.
1068 1554 1091 1590 c.
1108 1539 1125 1590 5
1140 1524 1232 1594 οὕτως

152 1625 226 1660 ουτω
242 1610 277 1661 id.
316 1626 340 1660 c.
361 1609 392 1660 10
409 1605 494 1659 τοῦτο
509 1597 541 1658 cd
558 1598 640 1675 ἀττα]
657 1598 689 1658 τὸ
709 1607 781 1659 deest
795 1609 865 1674 apud
883 1609 960 1658 eund.
992 1608 1053 1659 idid.
1068 1597 1185 1676 ὑβρίσαι
1201 1620 1232 1656 σε
1309 1610 1310 1667 l

152 1695 211 1729 cum
236 1680 293 1730 eod.
314 1687 417 1729 auctore
435 1676 546 1728 Gesnero
569 1678 658 1728 addidi
679 1690 709 1727 σε
743 1677 805 1728 ibid.
826 1668 906 1737 δόξει
926 1671 1015 1741 λέγειν
1032 1693 1089 1727 cum
1112 1677 1171 1728 eod.
1190 1693 1241 1728 rec.

151 1765 198 1814 pro
217 1741 328 1809 δόξειεν
346 1740 436 1812 λέγειν
468 1763 488 1798 ο.
506 1748 537 1797 11
555 1739 729 1808 καθίζεσθαι
740 1746 783 1797 hie
801 1756 827 1797 el
842 1746 909 1797 inira
926 1757 950 1795 et
969 1739 1125 1811 καθέζομαι
1139 1755 1245 1797 auctore
1309 1734 1311 1815 l

151 1819 289 1868 Fritasohio
303 1817 337 1866 ad
350 1815 480 1882 Aristoph.
492 1830 547 1869 ran.
564 1831 591 1883 p.
601 1816 652 1869 303
666 1817 784 1867 revocavi
799 1831 846 1881 prc
861 1811 1033 1876 καθίζεσθαι
1049 1826 1074 1865 et
1088 1812 1244 1878 καθίζομαι

152 1887 213 1942 ibid.
225 1879 257 1936 τὸ
268 1879 453 1953 καθέζεσθαι]
463 1886 511 1935 hoo
526 1886 583 1936 loco
599 1886 667 1936 idem
685 1887 724 1935 vir
738 1886 828 1936 doctus
838 1884 967 1936 excidisse
979 1894 1052 1950 palat
1065 1884 1142 1936 haee:
1160 1879 1210 1933 καλ
1219 1879 1246 1933 εί

152 1947 184 2006 τὰ
197 1949 249 2019 μὲν
264 1948 437 2014 καθέζεσθαι
454 1951 518 2004 λ’σον
532 1944 590 2003 ἐστὶ
599 1951 639 2020 τῷ
647 1952 809 2020 καθῆσθαι,
825 1950 936 2014 καθίζει
947 1946 979 2003 δὲ
991 1945 1006 2004 ὁ
1018 1943 1113 2011 ἕστοίς.
1132 1970 1155 2004 c.
1169 1955 1202 2003 12
1211 1943 1245 2002 τό

154 2035 212 2076 autc
223 2016 252 2074 δ’
265 2013 355 2092 ἑαυτῷ
365 2040 424 2075 cum
434 2024 511 2075 Diud.
522 2025 633 2085 inserui,
651 2024 864 2088 quemadmodum
875 2025 925 2073 ium
939 2023 1243 2074 voluitHemsterhusius.
1307 2012 1310 2059 l

222 2095 367 2158 Ρλὶλομολν.
389 2109 412 2145 c.
427 2093 441 2143 1
459 2081 555 2159 ἕκτης
572 2085 679 2160 χειρὸς]
695 2083 725 2142 ἐκ
740 2102 842 2144 auclore
857 2092 956 2158 (λοιμοῖο
974 2093 1072 2144 addidi.
1098 2093 1159 2144 scia
1172 2083 1246 2144 κατὰ

153 2159 288 2228 κρημνῶν
302 2172 403 2213 auctore
414 2163 513 2214 Halmio
531 2165 624 2227 scripsi
641 2179 689 2228 pro
705 2154 776 2211 κατὰ
795 2157 925 2227 κρημνὸν
959 2152 1156 2229 idid-adamo
1167 2161 1246 2211 Diod.

155 2251 178 2289 c.
193 2236 210 2284 2
226 2222 414 2301 ὑποβλέπειν,
450 2232 649 2283 uemadmodum
663 2231 743 2282 voluit
757 2231 946 2297 Wplteubaoh..
965 2233 1056 2296 scripsi
1071 2246 1118 2298 pro
1137 2219 1247 2298 ίπιβλέ·

154 2316 219 2353 πειν
252 2302 313 2354 ibid.
332 2293 366 2351 το’
383 2315 412 2352 τε
428 2249 490 2352 dvo
508 2311 612 2352 auctore
626 2303 725 2351 Halmio
741 2317 787 2366 pro
805 2292 837 2351 ad
856 2289 918 2351 ἀνω
931 2313 962 2350 τε
996 2318 1019 2350 c.
1035 2300 1053 2353 3
1067 2295 1174 2368 Βαβαῖ]
1190 2298 1248 2349 Βα-

154 2368 202 2441 βαλ
220 2372 297 2422 Illud.
337 2371 400 2422 ibid.
422 2362 600 2452 οἰχήσονται]
619 2363 815 2436 διοιγήσονται
833 2370 916 2424 Halm.
934 2371 1026 2420 meiius
1044 2369 1110 2421 mihi
1131 2385 1190 2420 esse
1209 2372 1246 2419 vi·
1308 2370 1309 2377 ’

154 2445 239 2500 delur,
258 2442 281 2491 si
296 2429 324 2498 is
338 2449 398 2525 posi
413 2432 532 2498 ὁλκαὸες
549 2441 665 2491 addatur.
700 2441 762 2492 ibid.
777 2428 810 2498 ὅς
828 2454 859 2504 γε
875 2430 961 2507 κατὰ]
983 2441 1020 2490 ita
1037 2439 1135 2490 monitu
1152 2437 1247 2490 Halmii
1308 2464 1309 2471 ι

154 2512 246 2576 scripsi
265 2525 310 2574 pro
327 2525 365 2567 ως
383 2508 447 2574 καί,
466 2500 539 2560 κατά
575 2527 598 2560 c.
614 2499 737 2560 4ἔκεῖνο
752 2525 811 2560 eum
824 2510 902 2561 Diod.
918 2523 969 2559 rec.
986 2523 1033 2575 pro
1047 2498 1156 2565 ἐκεῖνος
1187 2508 1247 2561 c.(i
1308 2522 1309 2569 l

100 2640 102 2645 Ι
154 2577 278 2646 κρατῶν]
293 2575 458 2645 κραδαίνων
472 2579 556 2633 Halm.
583 2579 644 2631 ibid.
659 2572 846 2629 ἔκλαυσεοιιω
859 2579 935 2629 Diod.
949 2593 1001 2628 rec.
1015 2570 1171 2643 proditiosa
1195 2576 1249 2630 cs

155 2639 192 2700 ἀν
210 2641 318 2716 ἤγαγον
337 2657 440 2700 auctore
456 2649 538 2699 Halm.
558 2665 604 2714 pro
622 2639 768 2714 ἀνήγαγον
804 2663 826 2698 ο.
848 2648 880 2700 10
901 2637 1062 2714 ἐγίνωσκες]
1080 2636 1249 2712 ἐγίγνωσκες

154 2721 230 2772 Diud.
267 2735 290 2772 c.
307 2720 341 2770 12
357 2715 407 2769 καλ
425 2708 456 2768 ἐκ
472 2715 543 2785 τάν]
568 2708 598 2767 ἐκ
616 2719 689 2770 deest
702 2718 772 2783 apud
793 2717 870 2767 eund.
904 2733 929 2767 c.
944 2716 979 2767 14
995 2713 1141 2784 γίνεσθαι]
1156 2713 1250 2781 γίγνε-

156 2788 227 2839 σθαι
242 2789 278 2840 id.
310 2806 332 2839 c.
349 2788 382 2841 ia
396 2778 510 2839 οάδέκέ
522 2777 563 2854 τ’]
581 2780 614 2836 κε’
626 2803 686 2837 cum
700 2787 759 2837 eod.
779 2787 866 2837 addidi
878 2793 1019 2867 praeeunte
1033 2785 1154 2836 Gesnero.
1181 2785 1249 2837 eiss

155 2847 283 2922 ἑτεροῖόν
307 2859 340 2908 de
356 2857 448 2926 Guycti
469 2859 536 2908 coni.
559 2871 616 2907 cum
636 2856 695 2906 cod.
733 2871 762 2906 ro
779 2844 903 2919 descetus
938 2872 961 2908 c.
980 2855 1014 2907 20
1032 2843 1249 2922 ἕλλειπασμοάς]

155 2917 331 2991 λοιτασμοιὶς
347 2927 383 2976 id.
420 2943 443 2978 e.
461 2928 494 2977 22
511 2871 732 2990 maylvmoaoad
751 2920 975 2988 κατεγίγνωσκον
990 2925 1027 2976 id.
1063 2923 1125 2975 ibid.
1148 2922 1250 2989 Τελμι-

157 2987 206 3046 oie
224 3011 283 3046 cum
299 2996 357 3048 eod.
374 2996 492 3046 revocavi
510 3009 557 3061 pro
575 2985 730 3056 Τελμισσέα
764 3054 766 3059 Ι

226 3065 366 3116 oduaridem.
387 3081 408 3119 c.
424 3065 438 3115 1
451 3061 583 3129 γίνεσθαι
612 3059 763 3126 γίγνεσθαι
777 3063 815 3118 ld.
845 3062 906 3118 idid,
920 3049 965 3113 ὅτι
980 3053 1017 3127 δὴ
1033 3063 1092 3116 eod.
1108 3071 1250 3127 praeeunte

156 3149 203 3199 pro
219 3123 265 3184 ὅτι
280 3126 312 3183 ci
350 3151 373 3184 c.
395 3125 582 3199 2γινομένου
617 3123 786 3196 γιγνομένου
800 3133 838 3184 id.
875 3149 900 3186 c.
918 3131 935 3184 3
951 3129 1091 3181 καταθεῖο
1111 3146 1170 3180 cum
1190 3131 1249 3180 eod.

156 3206 241 3269 recepi
261 3204 293 3254 de
314 3203 445 3254 Fritaschii
465 3203 565 3253 emend.
585 3216 632 3266 pro
654 3200 798 3252 καταθοῖο
843 3217 865 3252 c.
885 3203 901 3253 5
925 3190 1044 3267 ἐγίνετο]
1069 3188 1195 3265 ἐγίγνετο
1214 3197 1250 3248 id.

157 3288 179 3325 c.
194 3272 211 3324 6
226 3260 300 3341 deod
318 3263 422 3338 πάντα]
437 3267 477 3321 cai
495 3286 552 3320 cum
569 3272 626 3322 eod.
643 3271 675 3321 dc
691 3269 798 3323 Gesneri
812 3273 881 3322 coni.
896 3270 1002 3325 inserui.
1035 3270 1096 3320 ibid.
1113 3258 1251 3329 ἀνδρείας

157 3319 725 3477 loduico{liumus
740 3329 1249 3476 ειιλιαλκλ

158 3481 205 3530 τεῖ
219 3470 311 3548 ἑτέρα]
330 3481 366 3530 iia
387 3496 444 3532 curu
461 3479 518 3530 eod.
539 3481 571 3530 de
589 3495 645 3530 mea
664 3481 732 3529 coni.
753 3479 814 3530 dedi
832 3493 879 3544 pro
898 3467 971 3544 ἕτερ’
989 3468 1173 3546 ἀμφισβητεῖ.
1191 3477 1249 3529 Hal-

158 3550 229 3601 mins
245 3529 325 3618 ἓτίρηι
343 3539 519 3618 ἀμφισβητεῖ
550 3566 573 3599 o.
595 3549 626 3601 13
645 3545 733 3597 πλείω
749 3536 787 3598 ἀν
805 3563 864 3598 cum
881 3548 939 3603 eod.
955 3548 1019 3599 duce
1035 3548 1184 3599 Lehmauno
1202 3561 1251 3612 pra
