2625 4092
279 336 412 392 ΠΡΟΣ
433 334 531 392 ΤΟΝ
550 335 894 392 ΑΠΑΙΔΕΤΤΟΝ.
1030 331 1091 392 143

82 497 276 579 κοσμημένα
289 504 339 579 είη
351 493 442 581 αύτῷ
452 493 492 561 τά
504 493 602 578 ξύλα,
621 498 655 562 οί
667 493 767 572 πόδες
782 494 832 577 δή.
856 491 898 559 ού
912 492 1015 559 ταύτά
1027 487 1091 561 οὖν

81 594 137 659 καλ
153 591 197 659 σύ
212 608 316 670 ποιεῖς
336 591 447 679 χωλὴν
462 591 524 674 μέν
537 598 622 676 ἔχων
636 594 691 659 καὶ
709 596 851 676 συκίνην
865 589 927 677 την
942 592 1090 677 γνώμην,

81 688 276 774 ώνούμενος
291 693 327 758 δὲ
341 698 486 775 χρυσοῦς
503 689 660 775 ἐμβάτας,
678 684 727 766 οἷς
742 689 836 772 μόλις
848 686 891 754 ἀν
903 717 952 766 τις
964 691 1018 755 καὶ
1029 687 1090 772 ἀρ-

80 795 201 865 τίπους
223 787 532 872 έμπεριπατήσειεν;
565 792 593 853 7.
616 787 686 854 ἐπεὶ
706 787 742 854 δὲ
767 789 803 851 έν
819 799 887 862 τοῖς
906 784 1018 864 ἀλλοις
1035 790 1090 853 καί
1113 796 1160 852 106

85 883 144 951 τόν
159 883 307 971 ’Όμηρον
324 890 425 967 ε’πρίω
446 885 622 965 πολλάκις,
650 883 833 969 ἀναγνώτω
852 893 907 950 σοί
921 911 970 962 τις
986 882 1090 950 αὐτοῦ

82 979 199 1069 λαβών
216 981 277 1068 τὴν
294 987 454 1064 δευτέραν
470 990 527 1066 τῆς
540 981 675 1059 Ἰλιάδος
692 985 883 1068 ῥαψῳδίαν,
906 973 945 1065 ἧς
967 979 1006 1047 τά
1029 983 1090 1067 μὲν

80 1079 169 1147 ἀλλα
183 1079 227 1166 μὴ
242 1082 417 1161 ἐξετάζειν·
441 1078 620 1165 οὐδὲνγὰρ
641 1079 754 1148 αὐτῶν
769 1081 851 1161 πρὸς
869 1083 921 1146 σε’·
951 1088 1090 1166 πεποίη-

80 1207 138 1244 ται
155 1183 193 1244 δέ
204 1207 253 1256 τις
268 1177 359 1269 αύτῷ
373 1184 573 1266 δημηγορῶν
589 1181 786 1264 παγγέλοιος
801 1177 1001 1263 ἀνθρωπος,
1017 1180 1092 1245 aad·

80 1297 230 1359 στροφος
240 1275 277 1343 τό
289 1284 383 1360 σῶμα
396 1280 449 1344 καὶ
459 1282 695 1362 λελωβημένος.
712 1279 836 1354 ἐκεῖνος
846 1283 963 1344 τοίνυν
975 1274 991 1343 ὁ
1005 1284 1090 1357 Θερ-

80 1379 176 1459 σίτης
190 1369 212 1439 ὅ
226 1380 375 1451 τοιοῦτος
393 1380 423 1441 εἰ
436 1376 533 1461 λάβοι
549 1373 612 1458 τὴν
622 1371 791 1458 Ἀχιλλέως
807 1380 1010 1445 πανοπλίαν,
1029 1382 1091 1439 οῖει

80 1469 135 1537 ότι
150 1467 268 1538 αὐτίκα
288 1470 342 1538 διά
360 1480 458 1538 τούτο
481 1474 536 1538 καὶ
551 1471 650 1548 καλός
666 1469 733 1556 άμα
754 1474 808 1538 καὶ
825 1473 959 1557 ἰσχυρός
974 1468 1017 1536 ἀν
1034 1473 1090 1555 γε’-

83 1595 191 1649 υοιτο,
207 1572 261 1636 καὶ
277 1567 543 1655 ὑπερπηδήσεται
557 1570 619 1654 μὲν
631 1567 692 1636 τόν
709 1572 874 1655 ποταμόν,
892 1570 1090 1638 ἐπιθολώσει

82 1671 119 1736 δὲ
137 1667 243 1736 αὐτοῦ
258 1669 295 1738 τό
317 1674 457 1756 ῥεῖθρον
472 1676 517 1759 τῷ
535 1670 630 1757 φόνφ
646 1677 714 1734 τῶν
729 1675 892 1753 Φρυγῶν,
917 1666 1094 1735 ἀποκτενεῖ

81 1770 118 1835 δὲ
130 1766 192 1835 τδν
198 1767 338 1849 Ἕκτορα
350 1772 404 1836 καὶ
413 1764 478 1850 πρδ
490 1766 596 1835 αὐτοῦ
606 1764 666 1832 τόν
674 1768 833 1833 Λυκάονα
845 1769 899 1833 καλ
909 1763 969 1832 τόν
980 1763 1090 1831 Ἀστε-

81 1881 227 1948 ροπαῖον
243 1869 325 1953 μηδὲ
343 1871 458 1952 φέρειν
474 1868 525 1932 ἐπὶ
539 1873 606 1930 τῶν
621 1864 721 1949 ῶμων
736 1862 797 1948 τὴν
811 1872 928 1949 μελίαν
943 1865 1090 1948 δυνάμε-

80 1993 159 2045 νος;
179 1963 241 2033 ούκ
253 1961 296 2032 ἀν
312 1976 430 2044 εἴποις·
453 1964 537 2034 ἀλλά
553 1969 607 2032 καί
618 1970 745 2051 γέλωτα
757 1962 800 2031 ἀν
812 1963 1010 2049 ὀφλισκάνοι
1022 1991 1089 2050 χω-

81 2063 194 2131 λεύων
209 2058 274 2128 ὑπό
289 2071 329 2149 τῇ
343 2061 456 2132 ἀσπίδι
473 2066 527 2131 καί
539 2065 590 2131 ἐπὶ
604 2065 708 2148 στόμα
723 2070 936 2130 καταπίπτων
947 2062 1012 2130 ὑπὸ
1027 2069 1088 2129 τοῦ

80 2161 211 2248 βάρους
229 2163 283 2227 καλ
301 2158 365 2229 ύπό
380 2170 427 2249 τῷ
447 2161 579 2242 κράνει,
602 2159 702 2227 ὁπότε
722 2159 934 2246 ἀνανεύσειε,
956 2157 1089 2236 δεικνύς

80 2257 163 2336 τούς
183 2265 407 2344 παραβλῶπας
433 2262 581 2336 ἐκείνους
603 2256 709 2324 αὑτοῦ
730 2255 929 2343 ὀφθαλμούς
952 2263 1006 2326 καὶ
1030 2256 1089 2324 τδν

80 2355 225 2441 θώρακα
240 2359 385 2437 ἐπαίρων
399 2363 444 2447 τῷ
458 2361 519 2423 τοῦ
532 2363 744 2442 μεταφρένου
758 2361 948 2444 κυρτώματι
963 2364 1016 2427 καὶ
1032 2357 1089 2436 τάς

81 2459 246 2541 κνημῖδας
265 2456 505 2541 ἐπισυρόμενος
519 2459 573 2522 καί
594 2455 679 2534 ὅλως
696 2458 863 2543 αἰσχύνων
880 2455 1089 2543 ἀμφοτέρους

81 2558 137 2622 καί
150 2553 209 2621 τόν
220 2552 426 2641 δημιουργόν
440 2551 552 2621 αὐτῶν
563 2559 615 2622 καλ
631 2557 691 2623 τὸν
705 2557 879 2638 δεσπότην.
900 2554 935 2623 τό
953 2555 1032 2622 αὐτὸ
1047 2555 1087 2642 δὴ
1109 2566 1157 2624 107

82 2657 140 2723 καὶ
155 2651 199 2721 σύ
215 2655 351 2739 πάσχων
367 2654 427 2740 ούχ
443 2652 542 2741 ὁρᾷς,
564 2651 691 2720 ὁπόταν
709 2653 745 2720 τό
762 2656 823 2739 μὲν
844 2662 976 2741 βιβλιόν
993 2659 1030 2721 ἐν
1049 2664 1089 2742 τῇ

81 2756 165 2839 χειρὶ
181 2759 254 2840 έχης
268 2754 456 2838 πάγκαλον,
474 2760 657 2838 πορφυρᾶν
672 2754 734 2838 μὲν
748 2758 823 2839 ἕχον
834 2752 896 2839 τὴν
910 2756 1089 2838 διφθέραν,

82 2860 234 2939 χρυσοῦν
252 2854 287 2918 δὲ
302 2851 362 2919 τόν
373 2851 542 2939 ὀμφαλόν,
561 2850 794 2940 ἀναγινώσκης
813 2854 849 2919 δὲ
863 2851 944 2919 αύτό
960 2860 1089 2939 βαρβα-

82 2959 185 3034 ριῗων
201 2954 256 3020 καὶ
277 2954 509 3039 καταισχύνων
528 2956 582 3021 καί
600 2952 828 3034 διαστρέφων,
855 2949 921 3020 ύπδ
939 2952 1001 3037 μὲν
1022 2959 1090 3018 τῶν

82 3055 359 3136 πεπαιδευμένων
376 3052 660 3136 καταγελώμενος,
687 3047 753 3116 ὑπὸ
778 3051 813 3117 δὲ
830 3056 898 3116 τῶν
918 3051 1089 3128 ξυνόντων

82 3172 137 3216 σοι
153 3149 305 3217 κολάκων
319 3150 573 3234 ἐπαινούμενος,
598 3157 632 3215 οἳ
643 3152 699 3216 καὶ
715 3147 809 3217 αύτοὶ
826 3150 909 3232 πρὸς
924 3149 1089 3234 ἀλλήλους

83 3249 358 3334 ἐπιστρεφόμενοι
371 3257 491 3334 γελῶσι
503 3247 544 3317 τά
559 3249 683 3326 πολλάς
705 3255 734 3316 8.
748 3252 838 3316 θέλω
852 3257 938 3334 γοῦν
950 3270 1002 3317 σοι
1016 3255 1090 3333 διη-

82 3347 255 3435 γήσασθαί
273 3375 304 3414 τι
317 3355 436 3415 Πυθοῖ
449 3349 649 3434 γενόμενον·
682 3354 884 3428 Ταραντῖνος
898 3347 1090 3434 Εὐάγγελος

83 3445 232 3532 τοῦνομα
246 3454 314 3512 τῶν
329 3444 391 3512 ούκ
407 3444 549 3531 ἀφανῶν
563 3451 601 3514 έν
611 3454 657 3535 τῷ
673 3447 818 3528 Τάραντι
835 3448 1024 3535 ἐπεθύμησε
1035 3475 1089 3513 νι-

83 3555 182 3624 κῆσαι
198 3544 330 3612 Πύθια
360 3544 399 3612 τά
417 3548 479 3630 μὲν
499 3540 563 3613 οὖν
579 3554 636 3633 τῆς
656 3554 785 3632 γυμνῆς
805 3545 951 3632 ἀγωνίας
972 3545 1089 3613 αὐτίκα
