2625 4092
279 336 397 394 ΠΕΡΙ
418 338 514 395 ΤΗΣ
531 338 718 395 ΣΥΡΙΗΣ
738 337 875 397 ΘΕΟΥ.
1018 337 1081 399 355

14 499 17 506 ’
77 494 139 562 οὐκ
155 495 305 579 ὁπωπεν,
321 494 433 562 ὄπωπε
450 495 485 561 δὲ
501 500 813 580 φοινικοβατέοντας
828 493 850 582 ἦ
866 499 902 563 έν
914 494 1049 587 Ἀραβίη
1059 497 1081 583 ὴ

14 618 18 653 ι
76 594 113 660 ἐν
124 594 283 683 Αἰγύπτῳ
296 587 318 679 ἦ
333 590 457 661 ἀλλοθί
468 618 546 676 κου,
562 590 629 659 οἶδε
645 592 681 658 τό
697 596 791 678 λέγω.
815 593 916 660 έπεάν
931 597 967 661 δὲ
981 599 1013 673 ές
1027 597 1082 664 τέ-

75 700 133 767 λος
149 694 257 775 ἵκηται
271 697 328 775 τῆς
345 686 443 772 ὁδοῦ,
461 686 576 772 σειρὴν
595 690 708 774 ἑτέρην
720 690 816 776 ἀφεὶς
829 689 890 777 τὴν
906 688 1006 770 αάτὸς
1016 698 1082 778 ἔχει

14 817 19 825 ·
75 788 209 873 μακρὴν
223 788 365 873 ταύτην,
382 783 511 852 ἀνέλκει
526 793 592 851 τῶν
608 792 642 853 οί
655 788 781 873 θυμός,
800 790 881 868 ξύλα
897 791 951 858 καὶ
966 791 1082 875 εἵματα

15 921 16 931 ¹
75 887 131 952 καὶ
145 885 282 969 σκεύεα,
299 882 363 951 ἀπὸ
381 890 449 949 τῶν
462 884 563 967 ἕδρην
579 887 731 950 συνδέων
746 883 863 971 ὁκοίην
877 886 996 970 καλιὴν
1010 887 1083 966 ίζά-

15 1019 16 1023 ,
76 1009 146 1066 νει,
161 990 273 1067 μίμνει
284 1008 318 1048 τε
329 980 452 1066 χρόνον
462 988 529 1047 τῶν
541 978 634 1046 εἷπον
644 979 803 1065 ἡμερέων.
826 985 942 1051 πολλοὶ
954 983 990 1050 δὲ
1001 980 1080 1050 άπι-

74 1078 250 1163 κυεόμενοι
266 1079 393 1164 χρυσόν
407 1103 441 1144 τε
453 1079 507 1145 καὶ
518 1076 684 1163 ἀργυρον,
701 1084 734 1145 οί
744 1080 779 1145 δέ
790 1078 914 1164 χαλκόν
925 1087 1081 1166 κομίζου-

75 1198 141 1263 σιν,
160 1176 217 1244 εἴτ’
229 1174 368 1262 ἀφέντες
380 1180 509 1245 ἐκείνου
521 1176 650 1259 πρόσθε
662 1183 796 1262 κείμενα
808 1175 922 1245 ἀπίασι
931 1180 1082 1265 λέγοντες

15 1316 16 1321 1
73 1271 115 1340 τά
133 1272 301 1361 οὐνόματα
324 1277 470 1352 ἕκαστος.
505 1272 691 1355 παρεστεὼς
710 1274 745 1341 δὲ
763 1274 860 1354 ἀλλος
874 1274 946 1343 ἀνω
962 1276 1082 1363 ἀγγέλ-

15 1416 16 1421 1
74 1382 140 1455 λει,
157 1370 175 1440 ὁ
191 1370 226 1440 δέ
241 1373 418 1459 δεξάμενος
433 1372 580 1457 τοῦνομα
603 1370 752 1458 εάχωλὴν
768 1376 799 1451 ές
816 1376 955 1441 ἕκαστον
969 1377 1079 1443 ποιέε-
1099 1394 1152 1451 476

15 1510 21 1546 5
73 1496 145 1555 ται,
166 1470 234 1555 ἀμα
251 1470 285 1539 δὲ
303 1470 478 1557 εὐχόμενος
496 1477 620 1553 κροτέει
636 1480 761 1559 ποίημα
775 1473 932 1559 χάλκεον,
957 1471 993 1540 τὸ
1011 1471 1080 1541 ἀεί-

75 1571 127 1634 δει
147 1571 230 1653 μέγα
252 1571 306 1637 καλ
327 1568 429 1655 τρηχὺ
448 1570 659 1654 κινεόμενον·
692 1567 781 1635 εὕδει
803 1569 839 1637 δὲ
859 1568 1006 1656 οὐδαμά·
1037 1565 1081 1657 ὴν

14 1710 21 1724 ι
73 1665 140 1750 γάρ
151 1692 209 1751 μιν
221 1665 326 1744 ὕπνος
338 1669 395 1755 ἕλη
407 1668 500 1751 ποτέ,
517 1674 675 1749 σκορπίος
689 1664 795 1734 ἀνιῶν
806 1665 968 1753 ἀνεγείρει
980 1670 1079 1737 τεκαὶ

18 1810 21 1819 .
74 1762 188 1831 ἀεικέα
205 1766 387 1850 ἐργάζεται,
409 1773 466 1832 καί
478 1770 512 1832 oc
523 1764 582 1851 ἥδε
603 1763 623 1851 ὴ
641 1771 735 1851 ζημίη
750 1773 811 1833 τοῦ
828 1765 941 1834 ὁπνου
955 1768 1081 1835 έπικέε-

75 1888 139 1929 ται.
173 1860 212 1928 τά
231 1864 292 1947 μέν
308 1857 356 1930 τόν
377 1868 408 1941 ές
425 1862 484 1930 τὸν
503 1870 664 1946 σκορπίον
679 1864 879 1949 μυθέονται,
906 1864 962 1946 ίρά
977 1888 1012 1932 τε
1027 1864 1081 1930 καὶ

76 1962 284 2046 θεοπρεπέα,
303 1969 332 2029 εί
345 1964 381 2029 δὲ
396 1961 532 2043 ἀτρεκέα
548 1964 652 2044 ἐστίν,
672 1958 734 2027 οὐκ
752 1967 813 2046 έχω
828 1965 940 2043 ἐρέειν.
973 1964 1080 2029 δοκέει

14 2110 18 2121 .
76 2062 119 2123 δέ
127 2084 199 2143 μοι,
215 2061 298 2144 μέγα
314 2062 345 2137 ές
356 2058 546 2146 ἀγρυπνίην
561 2060 783 2147 συμβάλλεται
800 2062 925 2147 καὶτῆς
940 2061 1082 2137 πτώσιος

15 2207 16 2241 3
72 2155 268 2243 ἡόρρωδίη.
303 2162 537 2245 φαλλοβατέων
553 2160 615 2243 μὲν
631 2156 672 2243 δὴ
692 2160 766 2240 πέρι
788 2160 907 2225 τοσάδε
921 2155 1080 2239 ἀρκέειὸ

15 2308 18 2338 ,
73 2254 113 2322 δέ
130 2252 211 2339 νηὸς
226 2252 313 2336 ὁρέει
327 2256 387 2340 μέν
400 2258 431 2334 ἐς
446 2254 558 2341 ὴέλιον
572 2254 720 2323 ἀνιόντα.
743 2262 794 2325 30.
812 2255 896 2335 εἶδος
908 2258 944 2323 δέ
956 2256 1010 2322 καλ
1026 2259 1080 2339 έρ-

15 2410 21 2440 ,
72 2358 196 2439 γασίην
221 2355 308 2420 ἐστὶν
333 2350 465 2432 ὁκοίους
482 2353 585 2441 νηοὸς
607 2358 643 2421 έν
663 2352 768 2442 Ἰωνίη
785 2355 965 2421 ποιέουσιν.
1000 2355 1079 2439 ἕδρη

15 2512 18 2539 ;
72 2451 202 2537 μεγάλη
224 2449 331 2538 ἀνέχει
349 2456 385 2521 έκ
401 2461 459 2540 γὴς
476 2457 622 2540 μέγαθος
642 2451 806 2539 ὀργυιέων
820 2457 933 2533 δυοῖν,
955 2453 1008 2520 έπλ
1022 2459 1080 2539 τῆς

15 2604 20 2639 ,
72 2547 190 2636 ὁνηὸς
205 2552 374 2619 ἐπικέεται.
403 2550 525 2631 ἀνοδος
540 2556 573 2631 ές
591 2550 696 2620 αὐτὸν
712 2562 813 2620 λίθου
827 2560 1016 2638 πεποίηται,
1038 2548 1080 2617 οά

73 2648 181 2730 κάρτα
202 2650 320 2736 μακρὴ.
350 2648 528 2719 ἀνελθόντι
545 2650 581 2720 δέ
599 2659 721 2737 θωῦμα
741 2653 803 2737 μέν
817 2654 872 2720 καλ
892 2648 910 2719 ὁ
933 2650 1079 2736 πρόνηος

15 2805 19 2837 r
72 2750 159 2833 μέγα
179 2749 350 2833 παρέχεται
367 2748 496 2839 θύρησί
510 2778 544 2817 τε
564 2750 703 2836 ἤσκηται
722 2754 914 2837 χρυσέῃσιν·
938 2755 1080 2817 ἔνδοθεν

73 2848 113 2913 δὲ
129 2842 147 2913 ὁ
163 2844 242 2932 νηὸς
263 2856 389 2932 χρυσοῦ
408 2875 443 2914 τε
464 2856 589 2917 πολλοῦ
607 2844 834 2932 ἀπολάμπεται
854 2851 909 2917 καὶ
930 2846 951 2935 ὴ
969 2844 1077 2933 ὀροφὴ
1097 2859 1149 2915 477

16 3029 19 3037 .
73 2953 165 3012 πάσα
179 2949 310 3031 χρυσέη.
334 2942 446 3025 ἀπόζει
462 2947 497 3013 δὲ
512 2945 616 3014 αὐτοῦ
632 2944 717 3033 όδμὴ
734 2944 898 3034 ἀμβροσίη
915 2944 1008 3031 ὁκοίη
1025 2948 1079 3013 λέ-

15 3106 17 3136 ,
73 3068 166 3128 γεται
182 3050 237 3128 τῆς
256 3043 365 3128 χώρης
385 3051 442 3127 τὴς
456 3041 623 3131 Ἀραβίης,
648 3052 706 3113 καί
719 3067 772 3113 σοι
790 3046 935 3131 τηλόθεν
950 3042 1080 3112 ἀνιόντι

15 3204 16 3212 ,
72 3142 276 3227 προσβάλλει
297 3140 418 3228 πνοιὴν
434 3145 537 3226 κάρτα
555 3142 706 3231 ἀγαθὴν,
726 3141 843 3231 καλὴν
864 3138 957 3223 αὖτις
972 3143 1079 3232 ἀπίης,

14 3286 20 3337 ,
73 3238 206 3327 οὐδαμὰ
222 3248 383 3326 λείπεται,
405 3240 488 3309 ἀλλά
504 3263 563 3309 σευ
576 3246 618 3311 τά
633 3272 667 3311 τε
689 3249 804 3331 εἵματα
825 3247 858 3323 ές
872 3242 998 3311 πολλόν
1015 3247 1080 3329 έχει

15 3398 19 3427 ,
71 3338 136 3425 τὴν
151 3337 271 3424 πνοιὴν
285 3343 339 3406 καὶ
354 3338 397 3405 σύ
413 3344 445 3418 ές
464 3342 602 3427 πάμπαν
619 3340 720 3429 αὐτῆς
735 3343 926 3429 μεμνήσεαι,
957 3348 1007 3410 31.
1025 3345 1080 3407 ἔν-

15 3501 18 3514 ,
73 3444 181 3507 δοθεν
195 3442 229 3505 δέ
246 3436 263 3507 ὁ
282 3438 363 3525 νηὸς
379 3438 441 3507 οὐκ
456 3437 580 3520 διπλόος
593 3444 698 3526 ἐστίν,
714 3437 796 3509 ἀλλά
813 3444 849 3508 ἐν
864 3439 954 3531 αὐτῷ
969 3440 1080 3507 θάλα-

15 3599 18 3632 Ι.
72 3564 137 3631 μος
146 3538 244 3617 ἀλλος
255 3546 437 3626 πεποίηται.
454 3539 575 3619 ἀνοδος
585 3544 638 3609 καὶ
651 3543 683 3618 ἐς
694 3548 813 3606 τοῦτον
825 3536 934 3692 ὀλίγη·
950 3538 1075 3625 θόρησι

929 3636 941 3663 ᾖ
