2625 4092
398 309 749 370 ΚΡΟΝΟΣΟΛΩΝ.
1012 310 1073 373 307

64 492 149 555 τησα
167 474 221 539 καὶ
237 467 280 538 σδ
296 469 379 554 πρὸς
398 477 502 537 ταῦτα
519 472 615 547 ἵλεως
636 467 805 554 ἀπεκρίνω
820 474 973 551 παρέξειν
991 469 1074 538 άνα-

62 576 194 651 γνῶναι
210 577 277 636 τάν
293 576 418 654 φίλων,
441 565 514 634 ὅσοι
528 564 562 651 γ’
585 570 767 635 ἐπακοῦσαι
786 575 854 635 τῶν
872 576 942 635 σῶν
963 568 1074 653 λόγων

62 674 160 748 ἄξιοι.

470 822 675 829 Μὰ*

309 1011 828 1080 ΚΡΟΝΟΣΟΛΩΝ
1090 1025 1143 1079 m

150 1178 199 1239 10.
231 1172 316 1240 Τάδε
339 1175 426 1256 λέγει
447 1173 673 1255 Κρονοσόλων
697 1171 806 1256 ἱερεύς
823 1175 878 1240 καὶ
901 1172 1074 1260 προφήτης

13 1273 14 1278 ’
62 1279 125 1338 τοῦ
139 1273 278 1356 Κρόνου
293 1275 347 1339 καὶ
363 1274 548 1357 νομοθέτης
563 1279 631 1337 τῶν
642 1269 728 1355 ἀμφὶ
741 1268 803 1357 τήν
820 1268 956 1356 ἑορτήν·
978 1267 1073 1355 ὃμὲν

61 1367 142 1447 τούς
163 1374 303 1456 πένητας
321 1368 381 1455 χρή
401 1385 526 1455 ποιεῖν,
548 1368 660 1446 αὐτοῖς
681 1372 819 1447 ἐκείνοις
839 1374 969 1453 ἔπεμψα
990 1366 1072 1436 άλλο

60 1476 212 1555 βιβλίον,
239 1468 424 1554 ἐγγράψας,
448 1469 502 1534 καὶ
519 1461 558 1534 εὖ
577 1464 640 1534 οἶδ’
661 1465 712 1533 ὅτι
727 1469 906 1551 ἐμμενούσι
923 1462 1072 1532 κάκεῖνοι

61 1582 131 1644 τοῖς
148 1565 280 1650 νόμοις,
302 1561 324 1651 ή
341 1563 457 1632 αὐτίκα
474 1571 582 1650 ἐνοχοι
604 1569 736 1630 ἔσονται
756 1578 824 1642 τοῖς
844 1567 1032 1648 ἐπιτιμίοις,
1050 1559 1073 1627 δι’
1160 1646 1163 1653 ¹

61 1664 147 1732 κατὰ
170 1673 237 1731 τῶν
258 1661 494 1730 ἀπειθούντων
514 1664 640 1748 μεγάλα
665 1660 810 1744 ὥρισται.
846 1660 940 1746 ὑμεῖς
962 1666 1014 1747 δέ,
1045 1654 1071 1726 ὦ

62 1763 234 1848 πλούσιοι,
251 1760 348 1846 ὁρᾶτε
363 1761 453 1840 ὅπως
469 1760 512 1848 μή
529 1761 785 1848 παρανομήσητε
799 1763 882 1848 μηδὲ
897 1761 1071 1844 παρακού-

62 1883 142 1948 σητε
156 1865 262 1928 τῶνδε
285 1867 352 1928 τῶν
374 1859 654 1946 προσταγμάτων·
689 1857 733 1936 ὡς
752 1858 842 1938 ὅστις
857 1854 900 1924 άν
917 1857 1005 1924 οὕτω
1025 1856 1070 1944 μή

61 1961 203 2047 ποιήση,
221 1968 301 2026 ἴστω
313 1951 409 2036 οὗτος
421 1958 483 2025 οὐκ
495 1962 576 2044 ἐμοῦ
588 1961 778 2042 νομοθέτου
788 1956 979 2043 άμελήσων,
993 1953 1067 2023 ἀλλ’

12 2061 13 2088 ³
62 2068 109 2137 είς
124 2060 183 2126 τὸν
197 2059 336 2140 Κρόνον
352 2055 472 2142 αὐτόν,
495 2057 532 2136 ὅς
552 2084 592 2144 με
606 2065 776 2142 προείλετο
793 2064 1018 2141 νομοθετῆσαι
1037 2056 1069 2131 ἐς

60 2156 124 2242 τήν
143 2154 261 2242 ἑορτήν
279 2153 341 2223 οὐκ
363 2154 448 2237 ὄναρ
465 2157 614 2241 ἐπιστάς,
635 2154 719 2223 ἀλλὰ
735 2157 854 2244 πρῴην
874 2153 1069 2239 ἐγρηγορότι

60 2252 204 2340 ἐναργής
224 2255 475 2340 συγγενόμενος.
489 2247 543 2340 ήν
563 2257 599 2322 δὲ
624 2252 666 2320 οὐ
686 2255 825 2339 πεδήτης
845 2251 923 2319 οὐδὲ
938 2250 1069 2337 αὐχμοῦ

60 2355 186 2435 πλέως,
209 2347 281 2419 οἷον
306 2346 410 2417 αύτόν
434 2355 469 2416 οί
488 2352 656 2436 ζωγράφοι
677 2348 766 2433 παρά
782 2356 850 2416 τῶν
866 2349 978 2434 λήρων
1001 2356 1068 2415 τῶν

59 2456 210 2536 ποιητῶν
222 2446 484 2533 παραδεξάμενοι
496 2453 751 2532 ἐπιδείκνυνται,
766 2446 850 2515 άλλά
861 2447 923 2533 τήν
934 2450 995 2532 μὲν
1007 2445 1070 2529 ἅρ-

60 2575 129 2633 πην
149 2545 212 2632 εἶχε
226 2547 318 2613 πάνυ
335 2550 562 2632 τεθηγμένην·
588 2546 627 2613 τά
647 2545 678 2613 δ’
703 2547 787 2614 άλλα
810 2546 951 2630 φαιδρός
972 2571 1007 2610 τε
1025 2537 1071 2629 ἦν

61 2647 118 2712 καὶ
134 2641 292 2726 καρτερὸς
314 2647 368 2711 καὶ
389 2652 568 2730 βασιλικῶς
590 2648 818 2712 ἐνεσκεύαστο.
850 2645 986 2730 μορφήν
1007 2644 1070 2726 μὲν

61 2743 194 2809 τοιόσδε
211 2739 312 2828 ὤφθη
326 2769 399 2828 μοι,
415 2740 436 2808 δι’
456 2744 492 2811 δὲ
509 2742 597 2827 εἷπε,
614 2744 705 2809 πάνυ
716 2747 878 2810 θεσπέσια
889 2745 1068 2823 καὶταῦτα,

61 2846 284 2924 προειρῆσθαι
296 2837 374 2926 ὑμῖν
387 2841 469 2921 ἄξια.
496 2847 543 2910 ll.
562 2839 644 2909 ίδάν
655 2842 720 2927 γάρ
732 2867 773 2927 με
784 2839 1002 2926 σκυθρωπόν,
1017 2841 1069 2904 ἐπὶ

60 2946 220 3016 συννοίας
234 2945 424 3025 βαδίζοντα,
443 2939 554 3024 ὥσπερ
572 2936 659 3017 είκδς
676 2933 719 3025 ήν
734 2939 835 3023 θεόν,
852 2944 939 3022 ἐγνω
951 2934 1068 3004 αὐτίκα

59 3038 124 3125 τήν
144 3043 252 3105 αἰτίαν
273 3045 330 3123 τής
346 3039 453 3124 λύπης
472 3047 520 3118 τίς
536 3044 606 3108 ἐστί
626 3066 698 3125 μοι,
724 3042 779 3106 καὶ
801 3037 845 3116 ὡς
868 3036 929 3123 τήν
949 3043 1067 3104 πενίαν
1085 3056 1137 3110 394

61 3141 310 3221 δυσχεραίνοιμι
331 3134 373 3202 οὐ
390 3134 473 3203 κατά
496 3135 557 3223 τήν
581 3137 673 3219 ὥραν
695 3144 897 3221 μονοχίτων·
929 3132 1069 3219 καὶγὰρ

60 3234 163 3318 κρύος
181 3236 234 3300 καὶ
253 3240 378 3318 βορρᾶς
395 3230 501 3312 πολύς
518 3237 572 3301 καὶ
589 3234 789 3316 κρύσταλλοι
806 3237 861 3301 καὶ
876 3234 974 3319 χιών·
1004 3230 1067 3318 ἐγώ

61 3337 98 3399 δὲ
113 3331 231 3418 ἥκιστα
246 3330 464 3416 ἐπεφράγμην
479 3331 561 3415 πρὸς
578 3329 673 3398 αὐτά.
696 3331 768 3401 ἀλλ’
785 3330 836 3400 ὅτι
850 3337 905 3399 καί
920 3340 977 3418 τῆς
993 3335 1069 3414 ἐορ-

60 3438 117 3516 τής
139 3430 229 3496 πάνυ
247 3429 489 3514 πλησιαζούσης
512 3430 625 3512 ἑώρων
641 3429 719 3507 τούς
740 3432 802 3517 μὲν
818 3431 939 3509 άλλους
960 3457 1069 3512 παρα-

61 3529 323 3612 σκευαζομένους
340 3525 429 3604 ὅπως
443 3529 576 3594 θύσωσι
591 3530 645 3596 καὶ
667 3526 915 3614 εὐωχήσωνται,
938 3532 1067 3617 ἐμαυτῷ

859 3634 928 3692 20*
