2625 4092
232 262 294 324 342
464 281 465 284 ’
586 264 891 325 AOYKIANOY

233 427 286 493 καλ
298 422 468 510 οὐνόματα
480 422 536 507 ίρά
549 430 700 510 ἔγνωσαν
712 426 766 493 καί
778 424 899 511 λόγους
909 423 1004 508 ίρούς
1019 431 1147 507 έλεξαν.
1164 422 1238 515 μετέ

233 523 268 591 δέ
287 520 328 589 ού
342 528 513 612 πολλοστῷ
532 521 640 611 χρόνῳ
656 518 737 607 παρ’
750 529 944 609 Αἰγυπτίων
959 525 1062 611 λόγον
1073 522 1240 609 Ἀσσύριοι

232 625 264 701 ἐς
289 619 390 698 θεούς
413 620 563 706 ἤκουσαν
580 623 634 688 καὶ
651 618 707 704 ίρά
728 625 782 690 καὶ
799 620 903 708 νηούς
923 622 1077 709 ἤγειραν,
1105 626 1145 691 ἐν
1162 638 1242 690 τοῖσι

232 722 286 789 καί
301 717 474 806 ἀγάλματα
490 724 608 786 έθεντο
623 720 677 787 καί
694 720 795 799 ξόανα
814 722 1002 806 ἐστήσαντο.
1024 727 1054 789 3.
1072 717 1111 788 τό
1128 720 1169 788 δέ
1183 747 1240 787 πα-

232 815 330 887 λαιόν
341 818 395 885 καὶ
407 816 482 901 παρ’
491 825 726 904 Αἰγυπτίοισιν
737 817 874 899 ἀξόανοι
885 823 959 905 νηοὶ
972 825 1060 887 ἔσαν.
1085 822 1143 888 καλ
1157 826 1244 888 ἐστιν

163 930 213 985 453
234 916 289 1002 ίρά
310 918 364 985 καὶ
385 918 422 983 ἐν
436 924 547 1004 Συρίη
567 914 608 983 ού
626 915 715 1000 παρὰ
735 913 822 983 πολύ
837 932 904 995 τοῖς
915 922 1154 1003 Αἰγυπτίοισιν
1178 925 1244 985 ίσο-

214 1033 216 1036 ’
233 1018 422 1103 χρονέοντα,
435 1022 503 1083 τῶν
515 1014 579 1101 ἐγιό
591 1023 725 1084 πλείστα
737 1016 872 1083 ὄπωπα·
895 1016 934 1084 τό
946 1042 984 1102 γε
994 1024 1054 1083 τοῦ
1064 1014 1245 1099 Ἡρακλέος

232 1113 268 1182 τό
286 1118 322 1183 ἐν
341 1114 450 1205 Τύρῳ,
468 1112 510 1181 ού
524 1115 648 1181 τούτου
660 1122 721 1181 τοῦ
730 1111 919 1200 Ἡρακλέος,
934 1112 1165 1200 τόνἝλληνες
1178 1112 1246 1181 ἀεί-

233 1221 368 1289 θουσιν,
394 1212 477 1283 ἀλλά
493 1211 553 1280 τόν
574 1208 638 1298 ἐγώ
660 1215 762 1299 λέγω,
787 1210 913 1281 πολλόν
931 1210 1167 1300 ἀρχαιότερος,
1195 1212 1248 1278 καὶ

237 1317 359 1397 Τύριος
379 1311 468 1401 ἥρως
486 1316 583 1379 ἐστίν.
617 1316 646 1379 4.
663 1316 712 1379 ἔνι
729 1312 764 1379 δέ
781 1316 835 1380 καί
853 1310 935 1381 ἀλλο
952 1310 1028 1395 ίρόν
1048 1315 1084 1380 έν
1101 1317 1247 1396 Φοινίκη
1288 1341 1289 1344 ’

234 1415 335 1499 μέγα,
366 1411 403 1481 τό
429 1412 590 1480 Σιδώνιοι
620 1415 771 1496 ἔχουσιν,
805 1409 848 1490 ὡς
870 1412 931 1498 μὲν
956 1409 1050 1479 αὐτοὶ
1074 1412 1246 1495 λέγουσιν,

231 1508 408 1598 Ἀστάρτης
423 1514 526 1579 ἐστίν·
546 1507 727 1595 Ἀστάρτην
739 1508 769 1576 θ’
785 1507 847 1595 ἐγώ
864 1512 970 1578 δοκέω
981 1514 1181 1595 Σεληναίην
1193 1512 1248 1590 έμ-

234 1635 348 1697 μεναι·
373 1606 416 1688 ὡς
428 1612 467 1677 δέ
479 1616 537 1694 μοί
548 1636 596 1687 τις
608 1616 677 1675 τοῖν
692 1613 792 1693 ίρέων
802 1605 980 1695 ἀπηγέετο,
998 1607 1173 1693 Εὐρώπης
1185 1606 1247 1673 ἐστὶ

233 1716 290 1795 τῆς
305 1707 447 1793 Κάδμον
463 1705 634 1794 ἀδελφεῆς.
659 1708 784 1793 ταύτην
799 1705 831 1773 δ’
850 1711 974 1775 ἐοῦσαν
990 1704 1176 1793 Ἀγήνορος
1192 1711 1248 1771 τοῦ

235 1813 391 1893 βασιλῆος
402 1809 583 1893 θυγατέρα.
601 1806 714 1893 ἐπειδή
726 1832 760 1872 τε
772 1802 904 1893 ἀφανὴς
916 1805 1100 1891 ἐγεγόνεεν,
1118 1809 1159 1872 οί
1169 1810 1249 1872 Φοί-

233 1929 324 1980 νικες
339 1909 383 1992 τῷ
396 1910 465 1991 νηῷ
478 1902 673 1989 ἐτιμήσαντο
688 1904 743 1971 καὶ
756 1902 858 1987 λόγον
868 1900 945 1987 λρὸν
956 1900 1008 1970 ἐπ’
1021 1897 1105 1989 αὐτῇ
1120 1906 1249 1982 ἔλεξαν,

234 2000 285 2072 ὅτι
303 2004 425 2069 ἐοῦσαν
446 2000 553 2087 καλὴν
570 2001 654 2079 Ζεύς
675 2002 796 2069 ἐπόθεε
816 2004 869 2069 καὶ
890 2000 927 2070 τό
946 1998 1031 2077 εἶδος
1050 2004 1098 2077 είς
1118 2007 1249 2081 ταῦρον

233 2096 459 2185 ἀμειψάμενος
473 2099 619 2188 ἥρπασε,
635 2108 694 2167 καί
707 2128 766 2185 μιν
777 2103 810 2179 ἐς
820 2102 957 2188 Κρήτην
969 2104 1082 2184 φέρων
1096 2093 1250 2165 ἀπίκετο.
1288 2119 1289 2128 ’

234 2199 312 2266 τάδε
330 2200 392 2284 μὲν
411 2200 465 2265 καὶ
484 2206 552 2266 τῶν
567 2196 680 2265 ἀλλων
697 2206 866 2268 Φοινίκων
886 2198 1030 2286 ἤκουον,
1053 2199 1109 2264 καλ
1136 2193 1251 2263 τόνό·
1288 2235 1290 2294 η

234 2317 353 2382 μισμα,
370 2325 414 2387 τῳ
402 2299 588 2366 Σιδώνιοι
605 2302 774 2384 χρέονται,
789 2326 850 2385 την
861 2296 1031 2382 Ευρυπην
1042 2297 1251 2381 ἐφεζομένην
1288 2299 1289 2360 j

211 2404 346 2487 ἔχει
316 2406 361 2463 τῶ
380 2397 492 2489 ταύρῳ
511 2406 556 2487 τῷ
573 2406 646 2465 Διί
680 2397 740 2466 τόν
760 2398 796 2465 δέ
815 2395 900 2485 νηόν
920 2393 983 2464 οὐκ
1003 2391 1251 2480 ὁμολογέουσιν
1288 2459 1290 2467 ,

166 2512 218 2567 454
236 2494 433 2582 Εύρύπης”
415 2522 560 2583 εμμεναι.
594 2505 623 2565 5.
642 2504 754 2583 έχουσι
770 2498 806 2565 δὲ
820 2524 875 2565 και
865 2493 970 2562 ἀλλο
985 2499 1183 2572 Φοίνικες’
1167 2494 1250 2576 ιρόι,

235 2593 297 2662 οὐκ
317 2593 507 2682 Ἀσσύριον,
535 2595 608 2665 ἀλλ’
626 2596 829 2681 Αίγύπτιον,
856 2591 940 2673 τὸέξ
949 2591 1064 2661 Ηλίον
1081 2592 1251 2673 πόλιοςές

234 2693 296 2781 τὴν
308 2702 471 2781 Φοινίκην
488 2692 633 2765 ἀπίκετο.
656 2695 720 2783 ἐγώ
736 2696 799 2781 μέν
812 2720 872 2779 μιν
882 2690 944 2761 ούκ
959 2690 1095 2776 ὄπωπα,
1112 2694 1207 2778 μέγα
1220 2690 1251 2757 δὲ

235 2822 290 2863 και
280 2794 376 2862 τόδε
389 2793 473 2863 μαλ’
455 2798 593 2881 αρχαῑόν
604 2799 703 2864 ἐστιν.
726 2804 756 2864 6.
770 2793 861 2862 εἶδον
873 2794 909 2861 δε
920 2794 1001 2862 καλ’
984 2819 1021 2860 εν
1029 2793 1161 2883 Βύβλῳ
1139 2794 1250 2878 μέγα

236 2895 311 2975 ιρόν
328 2892 519 2979 Ἀφροδίτης
534 2903 699 2981 Βυβλίης,
715 2899 753 2963 έν
767 2902 814 2985 τῷ
829 2895 884 2961 καὶ
899 2891 940 2959 τά
954 2890 1050 2977 ὄργια
1062 2890 1120 2969 λς’
1112 2898 1250 2959 Αόωνιν

236 2996 475 3062 ἐπιτελέουσιν
500 2994 601 3079 ἐθάην
617 2994 652 3060 δὲ
664 3021 718 3062 και
729 3021 770 3060 τα
785 2991 892 3079 όργια.
915 2993 1050 3077 λέγουσι
1061 3017 1132 3075 γαρ
1151 2990 1194 3077 δη
1207 3016 1250 3057 ων

235 3120 272 3159 το
262 3091 433 3178 ἔργον
400 3118 437 3159 το
454 3097 486 3172 ἐς
493 3090 671 3160 Ἀιλιονιυθ
653 3090 719 3160 υπὸ
735 3100 796 3162 τοῦ
809 3089 890 3169 συός
904 3094 991 3158 έν
951 3118 992 3179 τη
1004 3090 1098 3177 χιόρη
1114 3098 1161 3179 τῇ
1173 3114 1251 3175 σφε·

235 3194 313 3279 τέρη
326 3194 485 3277 γενέσθαι
500 3196 554 3262 καὶ
565 3192 701 3281 μνήμην
715 3219 777 3261 του
762 3194 917 3313 πάθεος
930 3192 1119 3259 τύπτονταί
1127 3218 1167 3258 τε
1178 3190 1251 3259 ἑκό-

237 3311 318 3357 στου
332 3296 420 3370 ἔτεος
437 3319 492 3360 και
480 3293 690 3379 θρηνέουσι
706 3291 816 3362 καὶ
780 3320 820 3360 τα
836 3290 933 3377 ὄργια
950 3294 1187 3359 ἐπιτελέουσιν
1203 3291 1251 3357 καλ
1288 3313 1290 3408 η

121 3409 124 3416 ’
237 3395 331 3473 σφίσι
348 3391 475 3476 μεγάλα
493 3395 619 3460 πένθεα
636 3391 701 3460 ἀνά
718 3388 779 3478 τὴν
796 3392 909 3478 χιόρην
923 3393 1061 3458 ἵσταται.
1094 3389 1206 3459 ἐπεὰν
1220 3392 1251 3456 δὲ
1288 3421 1289 3472 η

235 3478 477 3565 ἀποτύψωνταί
487 3514 521 3554 τε
543 3493 596 3557 καί
616 3487 913 3577 ἀποκλαύσωνται,
936 3514 1051 3576 πρωτοι
1069 3516 1138 3575 μεν
1154 3517 1250 3559 κατα
