2625 4092
232 296 295 358 300
583 295 894 354 ΛΟΤΚΙΑΝΟΤ

233 484 313 544 νην,
339 454 383 534 ῶς
399 463 465 542 ἔχοι
486 453 503 522 δ
519 454 684 540 Ἡρακλῆς
701 445 801 532 οὗτος
821 445 924 531 αὖθις
941 454 1058 522 πόνου.
1093 453 1238 522 ἀλλὰκαὶ

234 561 406 641 προΐασιν,
425 551 509 621 ῶστε
523 551 624 621 οὐδὲν
642 559 695 619 δελ
705 551 842 619 κόπτειν
856 551 919 638 τήν
934 554 1059 635 θύραν.

318 661 453 721 ΔΕΣΠ.
474 650 559 737 ’Ἐχω
581 673 635 733 σε,
659 645 684 716 ῶ
706 651 879 734 Κάνθαρε.
913 658 979 718 νῦν
996 659 1147 740 σιωπᾷςς
1171 650 1238 737 φέρ’

233 759 357 838 λδωμευ
378 751 475 818 ἅτινά
498 772 550 818 σοι
573 749 593 836 η
616 751 706 836 πήρα
729 757 810 836 ἔχει,
836 752 985 836 θέρμους
1005 761 1086 829 ἴσως
1104 747 1126 836 ἦ
1146 751 1241 836 άρτοο

234 853 371 936 τρύφος.

164 967 216 1022 383
319 955 422 1017 EPM.
448 947 505 1016 ΟὐΙ
517 948 562 1035 μά
576 947 652 1033 Δί’,
672 946 755 1016 ἀλλά
773 954 881 1033 ζιυην
891 954 1040 1033 χρυσίου.

318 1053 450 1113 ΗΡΑΚ.
474 1043 534 1131 Μή
546 1046 741 1134 θαυμάσῃς·
765 1043 914 1123 Κυνικός
923 1043 989 1130 γάρ
1001 1051 1154 1130 ἔφασκεν
1166 1045 1242 1113 εἶναι

234 1144 270 1210 τό
289 1144 441 1227 πρόσθεν
461 1144 514 1210 ἐπὶ
527 1151 585 1229 τῆς
602 1142 773 1229 Ἑλλάδος,
795 1147 945 1211 ἐνταῦθα
962 1144 996 1210 δὲ
1017 1150 1243 1227 Χρυσίππειος

235 1242 381 1328 ἀκριβῶς
395 1244 471 1309 ἐστι.
496 1250 678 1325 τοιγαροῦν
694 1244 878 1328 Κλεάνθην
891 1239 954 1308 οὐκ
972 1247 1018 1319 είς
1032 1241 1174 1326 μακράν
1189 1241 1244 1308 αό-

235 1340 295 1408 τδυ
312 1339 402 1419 ὄφει·
431 1339 627 1423 κρεμήσεται
643 1337 708 1425 γάρ
724 1337 789 1406 ἀπό
804 1348 866 1406 τοῦ
882 1340 1044 1424 πώγωνος
1059 1339 1153 1406 οὕτω
1175 1368 1245 1426 μια-

236 1465 294 1523 ρος
312 1465 367 1504 ων.

319 1540 368 1602 32.
391 1542 526 1602 ΛΕΣΠ.
555 1533 609 1602 Σύ
632 1536 684 1611 δέ,
711 1527 853 1617 ῶκακέ,
878 1534 919 1602 οὐ
934 1543 1120 1621 Ληκυθίων
1147 1534 1246 1621 οὑμός
1283 1574 1288 1603 :

236 1635 399 1719 δραπέτης
413 1632 587 1718 τυγχάνεις
600 1631 665 1713 ῶυς
685 1630 728 1698 οά
737 1634 800 1718 μὲν
814 1626 879 1700 οὖν
895 1632 1002 1711 ἀλλος.
1025 1629 1051 1700 ῶ
1066 1641 1129 1700 τοῦ
1144 1637 1246 1718 γέλω-
1292 1650 1294 1727 η

236 1759 299 1810 τος.
321 1730 389 1798 εἶτα
406 1739 440 1799 τί
453 1729 516 1798 οὐκ
533 1728 577 1797 ἀν
591 1733 740 1816 γεύοιτο;
759 1734 814 1799 καὶ
828 1738 1014 1817 Ληκυθίων
1030 1739 1230 1816 φιλοσοφεῖ;
1293 1744 1295 1817 η

320 1836 424 1898 ΕΡΜ.
444 1827 478 1897 Ὁ
494 1836 601 1911 τρίτος
618 1830 654 1896 δὲ
672 1819 770 1907 οὗτος
784 1827 965 1906 ἀδέσποτος
979 1825 1058 1912 ὑμῖν
1075 1831 1190 1909 ἐστιν;
1294 1836 1296 1905 λ

322 1937 456 1996 ΔΕΣΠ.
474 1926 649 2013 Οὐδαμῶς,
663 1925 737 1995 ἀλλ’
749 1925 766 1995 ὁ
779 1929 940 2013 δεσπότης
951 1924 1015 2010 ε’γῶ
1027 1922 1115 1993 ε’κῶν
1125 1925 1248 2012 ἀφίημι
1295 1930 1297 2003 λ

238 2023 343 2091 αὐτόν
359 2024 575 2094 ἀπολωλέναι.
1296 2022 1298 2085 λ

323 2133 427 2193 ΕΡΜ.
444 2125 515 2193 ’Ότι
526 2133 560 2192 τί
565 2155 573 2205 ;

322 2231 458 2292 ΛΕΣΠ.
485 2223 556 2290 Ὅτι
584 2228 702 2301 δεινῶς
722 2231 789 2290 τῶν
812 2221 1019 2305 ὑποσάθρων
1039 2223 1116 2289 ἐστί.
1152 2221 1194 2289 τδ
1219 2218 1248 2286 δ’

239 2321 346 2408 όνομα
361 2323 577 2406 Μυρόπνουν
592 2319 698 2389 αὐτόν
710 2325 904 2406 ἐκαλοῦμεν.

324 2429 426 2490 ΕΡΜ.
451 2419 624 2502 Ἡράκλεις
644 2419 829 2504 ἀλεξίκακε,
853 2416 1002 2497 ἀκοάεις;
1023 2424 1134 2486 ἔπειτα
1159 2419 1251 2504 πήρα

239 2523 294 2590 καὶ
308 2521 464 2609 βάκτρου.
479 2553 522 2574 ⁴-
539 2521 594 2588 καλ
609 2517 710 2596 αὐτὸς
723 2517 872 2606 ἀπόλαβε
886 2516 948 2603 τήν
966 2533 1109 2603 γυναῖκα
1124 2517 1182 2584 σύ.

326 2629 458 2689 ΤΠΟΔ.
483 2623 673 2704 Μηδαμῶς,
692 2615 754 2684 οὐκ
769 2612 813 2684 ἀν
829 2615 1031 2704 ἀπολάβοιμι
1043 2623 1181 2704 βιβλίον
1196 2645 1251 2703 μοι

240 2725 306 2784 τῶν
321 2724 473 2784 παλαιῶν
490 2724 649 2782 κυοῦσαν.

323 2820 426 2882 ΕΡΜ.
450 2821 527 2890 Πῶς
541 2819 691 2899 βιβλίους

327 2919 459 2980 ΤΠΟΔ.
474 2911 564 2978 ’Ἐστι
581 2939 628 2994 τι,
647 2903 776 2995 ῶγαθέ,
798 2913 1004 2995 Τρικάρανος
1021 2918 1162 2999 βιβλίου.

323 3017 427 3078 ΕΡΜ.
447 3009 559 3077 Οὐδὲν
571 3007 711 3093 ἀτοπου,
728 3013 797 3076 ἐπεὶ
814 3012 867 3077 καὶ
883 3012 1053 3096 Τριφάλης
1066 3008 1167 3078 ὁτῶν
1183 3039 1253 3079 κω-

239 3116 347 3193 μικῶν
366 3104 420 3176 εἷ.

171 3226 222 3281 384
325 3212 376 3274 33.
393 3214 527 3276 ΛΕΣΠ.
552 3207 641 3292 Σόν,
658 3201 812 3291 ῶἘρμή,
830 3208 975 3286 δικάζειν
991 3203 1028 3272 τό
1043 3203 1124 3290 μετά
1138 3213 1253 3274 τοῦτο.

326 3311 428 3372 ΕΡΜ.
454 3304 553 3373 Οὕτω
569 3331 625 3390 μοι
642 3310 748 3389 δοκεῖ,
764 3305 890 3391 ταύτην
904 3310 984 3392 με’ν,
1003 3308 1061 3372 ίυα
1074 3305 1182 3390 μηδὲν
1199 3310 1255 3372 τέ-

242 3427 302 3484 ρας
316 3403 398 3487 μηδὲ
421 3407 657 3488 πολυκέφαλον
672 3408 766 3491 τίκη,
788 3413 939 3490 οἴχεσθαι
954 3401 1044 3489 παρά
1060 3401 1120 3470 τόν
1140 3403 1255 3486 ἀνδρα

241 3495 346 3565 ὀπίσω
372 3501 404 3576 ἐς
427 3498 488 3584 τήν
507 3496 664 3587 Ἑλλάδα,
696 3500 742 3568 τῶ
766 3503 828 3568 δάο
851 3502 887 3572 δὲ
911 3504 1020 3570 τούτω
1041 3507 1254 3588 δραπετίσκω
