2625 4092
420 309 618 375 ΦΙΛΟΠΑ
628 312 743 369 ΤΡΙΣ.
1019 311 1082 378 413

75 466 228 553 ἀπίωμεν
241 473 326 539 ἔνθα
337 472 374 537 αἱ
382 469 543 541 πλάτανοι
558 468 617 537 τὸν
630 468 728 555 ἥλιον
739 480 926 557 εἴργουσιν,
941 472 1083 560 ἀηδόνες

76 570 113 636 δέ
135 569 188 634 καὶ
203 566 370 652 χελιδόνες
386 563 487 651 εὕηχα
503 571 719 652 κελαδοῦσιν,
743 568 790 635 λα’
812 567 834 655 ἡ
849 576 993 661 μελῳδία
1013 579 1082 658 τῶν

75 663 206 751 ὀρνέων
220 661 279 743 τάς
295 660 397 743 ἀκοάς
415 664 625 749 έυηδύνουσα
641 662 681 733 τό
700 692 735 735 τε
752 665 844 750 ύδωρ
859 667 964 754 ἠρέμα
981 678 1080 739 κελα-
1098 687 1150 743 589

76 765 179 851 ρύζον
193 761 251 843 τάς
266 760 374 849 ψυχάς
387 766 606 843 καταθέλξειε.

162 869 191 931 4.
213 870 354 938 ΤΡΙΕΦ.
376 862 506 948 Ἴωμεν,
531 855 711 947 ἀΚριτία·
738 859 823 950 ἀλλά
840 866 931 931 δέδια
952 866 997 952 μή
1015 891 1082 938 που

76 962 186 1053 ἐπῳδὴ
202 960 239 1034 τδ
257 960 468 1048 ἠκουσμένον
485 963 550 1033 ἐστὶ
568 968 625 1030 καί
640 987 682 1047 με
696 959 824 1046 ὕπερον
841 958 862 1047 ἢ
877 959 1081 1050 θύρετρονῆ

76 1061 159 1135 ἀλλο
175 1088 205 1129 τι
220 1068 289 1130 τῶν
302 1058 441 1146 ἀψύχων
459 1058 680 1145 ἀπεργάσεται
694 1057 716 1145 ἡ
731 1066 903 1145 θαυμασία
918 1081 982 1127 σου
997 1058 1081 1146 αὕτη

76 1161 284 1246 κατάπληξις.

163 1264 242 1325 KPI
243 1264 277 1323 T.
300 1254 354 1343 Νὴ
372 1255 432 1323 τδν
446 1262 512 1328 Δία
526 1253 587 1327 τδν
601 1257 755 1339 αἰθέριον
769 1255 811 1324 ού
831 1265 930 1336 τούτο
943 1259 1082 1343 γενήσε-

74 1383 131 1425 ται
146 1356 197 1423 έπί
212 1361 273 1423 σοι’.
742 1411 744 1415 .

166 1459 307 1524 ΤΡΙΕΦ.
322 1451 390 1521 Ἔτι
406 1479 445 1538 με
460 1454 662 1539 έξειγόβησας
673 1451 732 1521 τὸν
743 1459 810 1524 Δία
824 1453 1079 1539 ἐπομοσάμενος.

76 1560 112 1621 τί
124 1550 187 1639 γάρ
209 1548 253 1619 ἀν
273 1552 450 1638 δονήσεται
470 1548 677 1635 ἀμονέμεναί
695 1571 749 1629 σε,
774 1557 803 1620 εἰ
820 1558 1006 1637 παραβαίης
1021 1549 1082 1620 τὸν

78 1646 200 1732 ὅρκους
215 1647 289 1717 οἰδα
299 1647 364 1735 γὰρ
375 1651 430 1721 καὶ
440 1647 476 1717 σὲ
488 1645 532 1733 μὴ
545 1644 680 1733 ἀγνοεῖν
689 1650 763 1733 περὶ
774 1654 835 1715 τοῦ
845 1648 928 1725 Διός
942 1666 1015 1724 σου.

162 1752 277 1815 ΚΡΙΤ.
314 1752 356 1812 Τί
375 1747 499 1831 λέγειςς
527 1743 568 1821 ού
589 1746 767 1830 δυνήσεται
787 1743 805 1813 ὁ
829 1746 913 1825 Ζεὺς
934 1749 967 1823 ές
992 1744 1080 1833 Τάρ-

78 1868 181 1926 ταρον
207 1842 416 1929 ἀποπέμψαις
444 1839 466 1929 ἢ
492 1843 623 1929 ἀγνοεῖς
649 1842 694 1924 ,ιδς
722 1841 799 1921 τούς
826 1841 930 1923 θεοὺς
954 1846 1104 1924 πάντας

79 1940 263 2025 ἀπέρριψεν
276 1938 342 2013 ἀπὸ
357 1948 417 2009 τοῦ
431 1948 614 2011 θεσπεσίου
630 1936 738 2028 βηλοῦ
751 1942 805 2012 καὶ
821 1939 881 2009 τδυ
895 1947 1079 2029 Σαλμωνέα

78 2036 346 2128 ἀντιβροντωντα
362 2039 481 2129 πρςύην
496 2039 767 2123 κατεκεριιύνωσε
786 2043 840 2108 καὶ
854 2039 932 2118 τούς
946 2039 1082 2127 ἀσελγε·

77 2137 217 2219 στάτους
228 2142 274 2208 έτι
286 2138 340 2204 καί
351 2142 427 2222 νῦν,
442 2135 531 2219 παρὰ
543 2138 579 2205 δὲ
590 2144 659 2211 τῶν
670 2144 817 2224 ποιητῶν
829 2140 1081 2222 Τιτανοκράτωρ

79 2234 133 2303 καί
146 2233 384 2323 Γιγαντολέτης
401 2231 593 2318 ἀνυμνελται
612 2231 655 2311 ἀς
670 2236 725 2304 καί
739 2232 818 2317 παρ’
831 2232 979 2325 ’ομίοφὶ
1099 2247 1151 2301 590

165 2337 307 2409 ΤΡΙΕΦ.
330 2329 384 2400 Σύ
401 2334 478 2417 μέν,
497 2324 672 2421 ιδΚριτία,
693 2333 801 2405 πάντα
817 2338 1025 2421 παρέδραμες
1040 2332 1080 2401 τά

78 2437 139 2497 τοῦ
153 2429 252 2513 Διός,
268 2427 359 2513 ἀλλ’,
376 2439 409 2497 εἰ
419 2452 472 2496 σοι
489 2436 606 2514 φίλον,
623 2428 733 2497 ἀκουε.
757 2428 828 2517 οὐχί
845 2432 968 2511 κύκνος
983 2422 1080 2511 οὗτος

79 2531 208 2614 ἐγένετο
220 2530 275 2595 καὶ
286 2528 429 2612 σάτυρος
439 2524 484 2595 δι’
500 2527 691 2615 ἀσέλγειαν,
706 2526 790 2597 ἀλλὰ
802 2532 856 2597 καὶ
867 2538 1005 2613 ταύροςς
1027 2531 1080 2595 καὶ

79 2633 110 2695 εί
122 2624 166 2712 μὴ
183 2624 219 2694 τὰ
235 2632 411 2711 πορνίδιον
422 2630 528 2698 έκεῖνο
542 2630 663 2713 ταχέως
676 2630 861 2711 ἐπωμίσατο
876 2629 931 2695 καί
944 2630 1080 2711 διέφυγε

80 2721 134 2791 διὰ
151 2732 211 2791 τοῦ
229 2725 410 2815 πελάγους,
428 2724 499 2812 τάχ’
518 2723 562 2794 ἀν
575 2723 713 2813 ἠροτρία
731 2722 878 2810 ίντυχιδν
893 2720 1079 2813 γεηπύνῳὸ

79 2820 297 2910 βροντοποιδς
322 2825 377 2893 καὶ
399 2824 644 2911 κεραυνοβόλος
666 2842 728 2889 σου
749 2822 833 2900 Ζεύς
855 2825 908 2894 καὶ
928 2820 1001 2889 ἀντὶ
1020 2832 1080 2888 του

78 2928 337 3011 κεραυνοβολεῖν
357 2930 397 3011 τῇ
414 2928 579 3009 βουπλῆγι
594 2922 887 2989 κατεκεντάννυτο.
921 2918 957 2990 τδ
975 2920 1011 2988 δὲ
1026 2922 1080 2987 καὶ

78 3026 219 3100 Αἰθίοψι
246 3030 508 3106 συνευωχεῖσθαι
538 3020 680 3107 ἀνδράσι
705 3026 915 3105 μελαντέροις
941 3020 994 3089 καί
1019 3020 1080 3105 τὴν

78 3116 159 3195 ὄψιν
176 3119 393 3201 έζοφωμένοις
413 3120 466 3185 καὶ
488 3120 520 3199 ές
540 3114 657 3204 δώδεχ’
673 3116 788 3203 ἡλίους
805 3115 849 3204 μὴ
865 3114 1078 3202 ἀφίστασθαι,

78 3212 152 3283 ἀλλ’
169 3211 454 3305 ὑποβεβρεγμένος
475 3221 692 3283 καθεδεῖσθαι
710 3212 791 3297 παρ’
808 3212 920 3293 αὐτοῖς
934 3215 1078 3300 πώγωνα
1097 3227 1145 3285 591

77 3319 274 3399 τηλικοῦτον
290 3317 389 3399 ἔχων,
414 3310 476 3379 οὐκ
497 3312 653 3399 αἰσχύνης
673 3311 764 3393 ἀξιας
785 3309 825 3378 τά
848 3313 883 3379 δὲ
905 3319 965 3378 τοῦ
981 3309 1079 3379 ἀετοῦ

76 3416 130 3507 καί
147 3419 204 3499 τῆς
212 3410 301 3497 Ἴδης
320 3410 374 3479 καὶ
394 3408 431 3479 τὸ
451 3424 633 3497 κυοφορεῑν
648 3406 731 3493 καθ’
754 3408 835 3477 ὅλου
856 3416 917 3475 τοῦ
931 3409 1080 3495 σώματος

77 3510 275 3595 αἰσχύνομαι
291 3510 345 3577 καί
362 3513 479 3594 λέγειν.
