2625 4092
220 276 263 339 92
574 273 881 333 ΛΟΤΚΙΑΝΟΤ
1007 270 1009 275 ’

192 442 194 481 ῑ
219 435 392 502 τεκαίδεκά
408 458 476 502 που
496 429 517 518 ἢ
536 430 577 499 οὐ
599 439 701 501 πλείω
715 458 754 519 γε
773 439 841 499 τῶν
858 441 985 499 εἴκοσιν
1003 430 1132 499 Ἀττικά
1151 428 1236 498 ὀνό-

220 556 306 618 ματα
327 534 459 612 ἐκλέξας
486 534 610 614 ποθέν,
634 533 817 599 καὶταῦτα
837 527 984 616 ἀκριβιός
1003 528 1237 615 ἐκμελετήσας,
1309 538 1310 549 ’

220 633 378 717 πρόχειρα
400 630 450 699 ἐπ’
469 630 573 715 ἀκρας
590 640 647 718 τῆς
661 632 808 717 γλώττης
827 637 894 717 ἔχε,
922 630 958 697 τό
975 630 1055 697 ἄττα
1075 637 1129 699 καλ
1147 624 1238 719 κᾷτα

218 732 273 797 καὶ
295 737 368 815 μων
385 731 438 797 καὶ
454 726 606 816 ἀμηγέπη
622 732 677 797 καὶ
700 736 805 817 λῷστε
824 731 878 795 καί
898 723 1096 796 τὰτοιαῦτα
1117 731 1175 796 καὶ
1194 732 1239 796 έυ

219 827 439 919 ἅπαντι-λόγῳ
451 829 606 908 καθάπερ
616 855 647 896 τι
656 827 791 914 ἥδυσμα
800 831 953 896 ἐπίπαττε
963 824 1091 895 αάτων·
1106 830 1239 913 μελέτω

219 928 255 992 δέ
266 927 376 1011 ’μηδὲν
392 934 461 994 των
474 928 607 1011 ἀλλων,
629 932 661 994 εί
673 923 815 1011 ἀνόμοια
830 927 963 1003 τούτοις
979 927 1034 993 καὶ
1049 922 1239 1010 ἀσύμφυλα

169 1038 202 1093 18
220 1025 275 1090 καὶ
295 1021 428 1113 ἀπῳδά·
456 1051 477 1110 η
492 1026 654 1109 ’πορφύρα
675 1024 782 1110 μόνον
796 1030 879 1091 ἔστω
901 1020 985 1109 καλὴ
998 1024 1054 1090 καί
1072 1020 1239 1106 εὐανθής,

219 1116 285 1187 κάν
296 1123 418 1202 σισόρα
429 1130 497 1188 τῶν
508 1130 655 1207 παχειῶν
666 1120 703 1189 τό
719 1114 1238 1209 λμάτιονῆ17.μετι“ιδδιίιιόρ·

221 1236 303 1306 ρητα
320 1221 375 1287 καὶ
393 1224 468 1299 ξένα
483 1220 613 1306 βήματα
634 1223 689 1287 καὶ
704 1221 881 1297 σπανιάκις
897 1223 1052 1305 εἰρημένα
1075 1216 1140 1285 ὑπό
1163 1224 1240 1283 τῶν

220 1320 347 1404 πάλαι,
364 1323 536 1411 καὶταῦτα
556 1320 774 1406 ξυμφορὴσας
788 1318 968 1398 ἀποτόξευε
983 1319 1239 1404 προχειριζόμε-

220 1438 278 1496 νος
294 1414 378 1501 πρὸς
392 1414 701 1503 τοδςόμιλοῦυτας·
726 1415 814 1483 οὕτω
829 1418 895 1501 γάρ
911 1436 948 1483 σε
964 1414 981 1483 ὁ
995 1413 1078 1493 λεός
1091 1412 1110 1483 ὁ
1125 1413 1239 1493 πολὺς

219 1514 535 1601 ἀποβλέψονταιίιαλ
550 1512 751 1599 θαυμαστόν
765 1512 994 1599 ὑπολήψονται
1010 1512 1139 1597 κοίτην
1152 1538 1239 1579 παι,

219 1618 313 1683 δείαν
326 1611 411 1694 ὑπὲρ
427 1611 567 1695 αὐτούς,
585 1618 615 1679 εί
629 1610 953 1697 ἀποστλεγγίσασθαι
968 1614 1031 1697 μὲν
1045 1610 1082 1680 τό
1103 1608 1236 1689 ἀποξύ-

168 1734 170 1737 ·
219 1720 344 1778 σασθαι
362 1714 537 1795 λέγοιττις,
561 1708 597 1777 τὸ
620 1713 657 1777 δὲ
679 1708 762 1798 ἡλίῳ
783 1715 946 1791 θέρεσθαι
969 1716 1238 1796 είληδερελσθαι,

219 1808 279 1877 τόν
290 1807 472 1896 ἀρραβῶνα
484 1808 520 1877 δέ
531 1811 731 1895 προνόμιον,
750 1811 809 1875 τὸν
819 1808 952 1892 ὄρθρον
963 1812 999 1878 δὲ
1013 1809 1234 1894 ἀκροκνεφές.

220 1912 324 1977 ένίοτε
348 1910 384 1975 δὲ
401 1910 455 1975 καὶ
472 1904 572 1985 αὐτός
593 1915 680 1974 ποίει
702 1906 801 1973 καινὰ
823 1908 877 1974 καλ
897 1904 1062 1974 ἀλλόκοτα
1082 1904 1238 1993 ὀνόματα

220 2010 274 2074 καὶ
288 2008 469 2090 νομοθέτει
478 2003 538 2072 τὸν
550 2005 612 2090 μὲν
623 2008 824 2089 ἑρμηνεῦσαι
839 2001 954 2071 δεινόν
965 2003 1093 2085 εὔλεξιν
1104 2012 1237 2088 καλεῖν,

220 2102 279 2171 τὸν
294 2102 437 2193 συνετὸν
453 2104 636 2189 σοφόνουν,
655 2101 715 2169 τόν
729 2101 895 2189 όρχηστην
905 2104 942 2173 δὲ
955 2103 1166 2189 χειρόσοφον.
1189 2099 1238 2168 ἀν

220 2208 406 2289 σολοικίσῃς
422 2204 457 2267 δὲ
473 2196 495 2287 ἦ
510 2207 731 2290 βαρβαρίσῃς,
752 2205 789 2269 δν
805 2208 888 2269 έστω
902 2201 1083 2286 φάρμακον
1096 2197 1116 2286 ἡ
1131 2198 1235 2266 ἀναι-

174 2316 205 2371 19
220 2304 373 2385 σχνντία,
398 2300 452 2365 καὶ
474 2301 653 2385 πρόχειρον
675 2298 781 2377 εὐθυς
802 2298 910 2385 ὄνομα
929 2298 1005 2365 οὕτε
1023 2299 1120 2377 ὄντος
1140 2299 1238 2378 τινός

219 2395 297 2464 οὔτε
315 2400 500 2483 γενομένου
522 2400 600 2465 ποτε
621 2406 763 2483 ποιητοῦ
782 2396 804 2485 ἢ
825 2396 1123 2484 σνγγραφέως.“δς
1141 2398 1238 2465 οὕτω

220 2498 329 2580 λέγειν
346 2496 515 2581 ἐδοκίμαζε
532 2492 637 2580 σοφός
648 2493 734 2580 ἀνὴρ
750 2498 806 2564 καὶ
820 2493 883 2583 τὴν
896 2494 1018 2583 φωνην
1030 2499 1062 2574 ές
1076 2496 1112 2563 τὸ
1125 2494 1235 2579 ἀκρό-

218 2619 319 2661 τατον
335 2591 618 2680 ἀπηκριβωμένος.
643 2592 728 2662 ἀλλὰ
739 2597 793 2661 καὶ
808 2592 1038 2680 ἀναγίγνωσκε
1048 2596 1088 2663 τά
1104 2596 1234 2665 παλαιά

220 2694 281 2775 μὲν
297 2690 342 2775 μὴ
358 2690 402 2756 σό
413 2715 468 2775 γε,
485 2691 567 2777 μηδὲ
580 2699 614 2758 εί
621 2690 683 2759 τιό
700 2699 801 2776 λῆρος
815 2689 1001 2778 Ἰσοκράτης
1014 2689 1036 2777 ἢ
1051 2691 1069 2759 ὁ
1085 2699 1236 2777 χαρίτων

219 2786 358 2869 ἀμοιρος
379 2792 604 2875 Δημοσθένης
624 2784 646 2875 ἢ
670 2788 687 2856 ὁ
711 2788 839 2876 ψυχρός
856 2792 1016 2875 Πλάτων,
1044 2787 1127 2857 ἀλλά
1152 2792 1236 2867 τοὺς

220 2895 287 2951 των
303 2882 417 2968 ὀλίγον
431 2883 496 2967 πρό
513 2884 608 2971 ἡμῶν
627 2888 749 2973 λόγους
769 2892 824 2955 καί
839 2888 879 2967 ἀς
897 2910 982 2973 φασι
997 2889 1119 2965 ταύτας
1133 2893 1233 2973 μελέ-

221 3007 295 3064 τας,
312 2982 357 3058 δς
372 2987 446 3069 έχης
459 2980 519 3047 ἀπ’
534 2990 672 3051 ἐκείνων
680 2985 946 3070 ἐπισιτισάμενος
956 2990 993 3053 έν
1007 2993 1113 3075 καιρῷ
1128 3012 1235 3053 κατα-

220 3080 407 3164 χρήσασθαι
425 3082 580 3162 καθάπερ
601 3086 637 3149 ἐκ
650 3090 801 3167 ταμιείου
816 3091 998 3167 προαιρῶν.
1028 3090 1076 3152 18.
1093 3081 1235 3152 ἐπειδᾶν

221 3176 257 3243 δὲ
274 3179 327 3242 καὶ
340 3178 398 3264 δέη
412 3182 521 3262 λέγειν
537 3184 636 3247 καλοί
647 3181 812 3264 παρόντες
826 3180 1024 3269 ὑποβάλωσί
1035 3208 1129 3260 τινας
1144 3179 1233 3252 απο-

220 3278 331 3351 θέσεις
349 3278 403 3341 καὶ
419 3274 575 3361 ἀφορμάς
592 3286 660 3345 τῶν
676 3278 804 3364 λόγων,
827 3278 958 3346 ἀπάντα
979 3280 1041 3364 μέν
1056 3278 1165 3347 ὁπόσα
1186 3275 1232 3347 ἀν

220 3366 242 3463 ᾖ
259 3378 417 3458 δυσχερῆ,
439 3372 557 3460 εὐχερῆ
571 3380 721 3459 λεγέσθω
739 3380 794 3445 καὶ
808 3381 1058 3463 ἐκφαυλιζέσθω
1072 3404 1116 3456 ις
1128 3375 1232 3444 οὐδὲν

172 3485 208 3537 20
223 3468 309 3548 ὅλως
324 3469 492 3553 ἀνδρῶδες
507 3472 619 3539 αὐτων
630 3476 813 3557 ἑλομένων·
836 3477 1003 3559 ἑλομένων
1019 3476 1055 3543 δέ
1068 3476 1172 3559 μηδὲν
1184 3480 1230 3543 ἔτι
