2625 4092
436 256 735 319 ΑΝΑΧΑΡΣΙΣ.
1050 253 1091 315 65

79 441 271 502 τρεποιντο,
293 415 345 486 ἐπ’
365 420 475 486 ἐκεῖνα
493 418 528 485 δὲ
548 416 737 487 σπεύδοιεν.
765 434 837 509 ,τοῖς
859 422 898 488 δέ
916 444 954 506 γε
973 441 1092 506 κωμῳ-

78 520 149 591 δοῖς
166 528 221 582 καί
242 512 476 584 ἀποσκώπτειν
497 518 552 583 καλ
567 520 796 598 λοιδορεῖσθαι
809 519 946 603 ἐφίεμεν
961 517 994 592 ἐς
1014 510 1092 591 τοὺς

78 621 216 691 πολίτας
225 610 284 692 οὑς
294 610 338 681 άν
348 613 465 701 αίσχρά
477 616 530 682 καὶ
543 613 661 693 ἀνάξια
672 620 729 699 τῆς
739 614 867 694 πόλεως
877 611 1092 699 ἐπιτηδεύον-

79 739 139 791 τας
154 721 357 797 αἴσθωνται,
382 712 494 781 αὑτῶν
510 740 545 779 τε
562 715 701 780 ἐκείνων
717 714 832 799 χάριν,
855 710 1012 798 ἀμείνους
1028 705 1092 793 γὰρ

79 808 171 877 οὑτω
188 817 360 896 γίγνονται
374 809 621 898 ὀνειδιζόμενοι,
638 813 693 879 καὶ
708 819 776 879 τῶν
787 818 932 896 πολλῶν,
949 807 993 886 ῶς
1007 833 1091 893 φευ-

80 934 176 995 γοιεν
190 905 251 974 τὸν
267 911 319 975 ἐπὶ
333 924 401 987 τοῖς
416 907 543 995 ὁμοίοις
561 914 703 993 ἔλεγχον.

166 1012 216 1073 23.
236 1014 371 1075 ANAX.
393 1004 514 1090 Εἶδον,
531 1000 708 1091 ῶΣόλων,
725 1004 784 1085 οὑς
800 1001 1093 1094 φὴςτούςτραγμ-
1130 1061 1133 1065 .

80 1104 165 1185 δούς
181 1108 236 1173 καί
250 1109 449 1196 κωμῳδούς,
466 1117 500 1175 εί
510 1133 548 1191 γε
560 1110 685 1174 ἐκεῖνοί
695 1113 795 1189 εἰσιν,
818 1104 1015 1193 ὑποδήματα
1031 1105 1095 1191 μὲν

80 1208 187 1293 βαρέα
201 1208 257 1272 καὶ
272 1202 385 1291 ὑψηλά
401 1203 656 1289 ὑποδεδεμένοι,
678 1218 815 1289 χρυσαῖς
830 1205 866 1271 δὲ
880 1210 1021 1282 ταινίαις
1031 1201 1093 1289 τὴν

78 1309 210 1391 ἐσθῆτα
226 1305 494 1388 πεποικιλμένοι,
519 1303 626 1389 κράνη
643 1303 679 1370 δέ
695 1305 897 1388 ἐπικείμενοι
912 1306 1093 1389 παγγέλοια

81 1402 244 1489 κεχηνότα
259 1406 487 1489 παμμέγεθες,
505 1397 599 1467 αὐτοὶ
617 1401 653 1467 δέ
671 1406 814 1468 ἔνδοθεν
829 1401 956 1487 μεγάλα
974 1426 1008 1468 τε
1020 1401 1094 1467 ἐκε-

79 1501 252 1585 κράγεσαν
266 1503 320 1569 καὶ
343 1503 513 1587 διέβαινον
529 1495 591 1565 οὐκ
608 1496 660 1564 οἶδ
665 1496 672 1519 ’
692 1497 782 1576 ὅπως
801 1497 960 1585 ἀσφαλῶς
974 1503 1011 1566 ἐν
1026 1512 1094 1576 τοῖς

80 1597 284 1684 ὑποδήμασι.
318 1601 478 1688 Διονύσῳ
497 1598 532 1666 δὲ
557 1596 646 1683 οἶμαι
668 1598 742 1665 τότε
766 1596 900 1681 ἡπόλις
921 1600 1091 1681 ε’ῶρταζεν.

79 1703 118 1764 οἱ
133 1696 169 1764 δὲ
184 1700 337 1787 κωμῳδοὶ
353 1699 552 1784 βραχύτεροι
567 1697 630 1782 μέν
641 1698 780 1764 ἐκείνων
793 1700 847 1764 καὶ
863 1701 952 1779 πεζοὶ
963 1700 1018 1765 καὶ
1030 1694 1093 1764 άν-

81 1798 339 1881 θρωπινῶτεροι
355 1799 409 1865 καὶ
424 1788 524 1883 ἦττον
539 1794 665 1881 ἐβόων,
683 1796 791 1880 κράνη
808 1794 842 1861 δέ
860 1794 947 1863 πολὺ
961 1795 1093 1882 γελοιό-

80 1922 179 1980 τερα,
197 1898 252 1962 καί
266 1892 302 1962 τό
318 1900 463 1979 θέατρον
477 1902 562 1982 γοῦν
575 1892 666 1961 άπαν
680 1898 774 1979 ἐγέλα
786 1893 839 1961 ἐπ’
857 1893 983 1973 αὑτοῖς·
1008 1897 1092 1962 ἐκεί-

80 2022 154 2063 νων
167 1994 202 2061 δέ
218 2001 285 2061 τῶν
297 1991 437 2081 ὑψηλῶν
448 1997 645 2077 σκυθρωποὶ
658 1992 801 2071 άπαντες
815 1992 957 2079 ἤκουον,
974 1998 1093 2061 οίκτεί-

78 2118 217 2177 ροντες,
236 2090 341 2177 οἶμαι,
360 2091 483 2172 αὑτούς
493 2096 594 2169 πέδας
605 2091 803 2175 τηλικαύτας
818 2093 1090 2177 ἐπισυρομένους.

167 2196 270 2258 ΣΟΛ.
295 2188 368 2257 Οὑκ
385 2194 543 2275 ἐκείνους,
562 2184 687 2275 ῶγαθέ,
706 2189 877 2279 ᾤκτειρον,
892 2186 976 2257 ἀλλά
994 2214 1093 2275 ποιη-

78 2288 139 2375 τὴς
156 2298 236 2365 ίσως
252 2286 392 2374 ἀρχαίαν
406 2288 482 2357 τινά
499 2287 680 2375 συμφοράν
698 2293 909 2356 ἐπεδείκνυτο
925 2302 992 2365 τοῖς
1009 2298 1094 2356 θεα-

79 2404 154 2467 ταῑς
171 2390 226 2456 καί
240 2390 352 2475 ῥήσεις
365 2388 497 2473 οἰκτράς
512 2389 690 2479 ἐτραγῴδει
701 2389 785 2471 πρὸς
799 2385 836 2455 τό
851 2391 1014 2473 θέατρον,
1031 2384 1090 2472 ὑφ’

79 2481 133 2557 ῶν
147 2492 180 2566 ἐς
196 2484 326 2571 δάκρυαΙ
341 2498 552 2558 κατεσπῶντο
569 2492 604 2556 οί
616 2486 806 2565 ἀκούοντες.
831 2484 919 2564 είκδς
934 2489 973 2554 δέ
985 2508 1023 2553 σε
1039 2489 1093 2555 καὶ

78 2585 272 2667 αὐλοῦντας
284 2591 465 2673 ἑωρακέναι
480 2590 573 2666 τινάς
587 2588 663 2655 τότε
677 2590 731 2654 καί
746 2585 869 2664 ἀλλους
884 2587 1093 2676 συνᾴδοντας

81 2689 120 2754 έν
136 2686 250 2775 κύκλῳ
267 2698 483 2766 συνεστῶτας.
508 2684 582 2755 οὐδ’
600 2684 702 2769 αὑτά,
726 2678 956 2771 ῶἈνάχαρσι,
978 2683 1092 2771 ἀχρεῖα
1112 2703 1163 2757 9⁰⁶

77 2784 215 2875 Ιᾅσματα
236 2786 291 2853 καὶ
314 2783 497 2872 αὐλήματα.
530 2786 661 2863 τούτοις
683 2783 716 2850 δ’
739 2777 803 2851 οὑν
827 2783 929 2851 ἅπασι
952 2786 1095 2860 καὶτοῖς

82 2885 250 2964 τοιούτοις
282 2885 559 2972 παραθηγόμενοι
593 2882 651 2963 τάς
683 2882 791 2970 ψυχάς
823 2880 981 2968 ἀμείνους
1014 2879 1094 2969 ἡμῖν

81 2991 264 3071 γίγνονται.

170 3089 219 3151 ἳ4.
242 3081 288 3151 Τά
304 3086 340 3151 δὲ
355 3080 395 3169 δη
411 3082 563 3168 σῶματα,
579 3082 661 3165 ὅπερ
680 3085 822 3169 μάλιστα
841 3083 976 3161 ἐπόθεις
990 3080 1095 3149 ἀκοῦ-

80 3204 156 3268 σαι,
174 3174 239 3250 ῶδε
251 3182 561 3269 καταγυμνάζομεν·
584 3182 814 3260 ἀποδύσαντες
825 3180 927 3266 αὑτά,
941 3178 984 3257 ῶς
995 3186 1093 3266 ἐφην,

81 3279 196 3347 οὑκέτι
207 3278 316 3349 ἀπαλά
328 3284 383 3349 καλ
395 3283 507 3349 τέλεον
517 3279 697 3366 ἀσυμπαγῆ
710 3279 790 3347 ὅντα
803 3279 1010 3364 πρῶτονμὲν
1023 3281 1094 3347 ἐθί-

83 3384 152 3459 ζειν
167 3374 326 3462 ἀξιοῦμεν
346 3376 430 3462 πρὸς
451 3376 512 3446 τόν
532 3377 614 3461 ἀέρα
636 3386 903 3456 συνοικειοῦντες
920 3374 1005 3445 αὑτά
1025 3390 1095 3454 ταῖς

81 3475 187 3561 ῶραις
199 3479 366 3629 έκάστμᾶς,
384 3474 427 3556 ῶς
437 3478 519 3565 μήτε
530 3480 663 3557 θάλπος
677 3482 908 3563 δυσχεραίνειν
919 3476 1000 3626 μὸητε
1011 3501 1095 3560 προς

170 3588 276 3627 wem«.
337 3612 344 3626 .
