<?xml version="1.0" encoding="UTF-8"?>
<!DOCTYPE html PUBLIC "-//W3C//DTD XHTML 1.0 Transitional//EN"
    "http://www.w3.org/TR/xhtml1/DTD/xhtml1-transitional.dtd">
<html xmlns="http://www.w3.org/1999/xhtml" xml:lang="en" lang="en">
 <head>
  <title>
</title>
<meta http-equiv="Content-Type" content="text/html;charset=utf-8" />
  <meta name='ocr-system' content='tesseract 3.04.00' />
  <meta name='ocr-capabilities' content='ocr_page ocr_carea ocr_par ocr_line ocrx_word'/>
</head>
<body>
  <div class='ocr_page' id='page_1' title='image "./lucianisamosate04jacogoog/lucianisamosate04jacogoog_0404.png"; bbox 0 0 2625 4092; ppageno 0'>
   <div class='ocr_carea' id='block_1_1' title="bbox 237 284 896 351">
    <p class='ocr_par' dir='ltr' id='par_1_1' title="bbox 237 284 896 351">
     <span class='ocr_line' id='line_1_1' title="bbox 237 284 896 351; baseline -0.002 -1"><span class='ocrx_word' id='word_1_1' title='bbox 237 284 300 351; x_wconf 77' lang='lat'><strong><em>848</em></strong></span> <span class='ocrx_word' id='word_1_2' title='bbox 588 290 896 351; x_wconf 76' lang='lat' dir='ltr'><em>AOYKIANOT</em></span> 
     </span>
    </p>
   </div>
   <div class='ocr_carea' id='block_1_2' title="bbox 233 443 1294 1715">
    <p class='ocr_par' dir='ltr' id='par_1_2' title="bbox 233 443 1294 1715">
     <span class='ocr_line' id='line_1_2' title="bbox 238 443 1240 539; baseline 0.003 -23"><span class='ocrx_word' id='word_1_3' title='bbox 238 447 295 526; x_wconf 86' lang='grc' dir='ltr'><strong><em>κὸς</em></strong></span> <span class='ocrx_word' id='word_1_4' title='bbox 306 443 561 532; x_wconf 56' lang='grc' dir='ltr'><strong><em>ποῦ”Ασσυρίων</em></strong></span> <span class='ocrx_word' id='word_1_5' title='bbox 572 457 737 537; x_wconf 83' lang='grc' dir='ltr'><strong><em>βασιλῆος.</em></strong></span> <span class='ocrx_word' id='word_1_6' title='bbox 762 454 869 518; x_wconf 92' lang='grc' dir='ltr'><strong><em>δοκέει</em></strong></span> <span class='ocrx_word' id='word_1_7' title='bbox 884 454 923 519; x_wconf 89' lang='grc' dir='ltr'><strong><em>δέ</em></strong></span> <span class='ocrx_word' id='word_1_8' title='bbox 934 478 990 535; x_wconf 89' lang='grc' dir='ltr'><strong><em>μοι</em></strong></span> <span class='ocrx_word' id='word_1_9' title='bbox 1004 448 1024 537; x_wconf 87' lang='grc' dir='ltr'><strong><em>ὴ</em></strong></span> <span class='ocrx_word' id='word_1_10' title='bbox 1037 460 1240 539; x_wconf 74' lang='grc' dir='ltr'><strong><em>Στρατονίκη</em></strong></span> 
     </span>
     <span class='ocr_line' id='line_1_3' title="bbox 236 546 1241 637; baseline 0.002 -24"><span class='ocrx_word' id='word_1_11' title='bbox 236 551 345 630; x_wconf 78' lang='grc' dir='ltr'><strong><em>ἐκείνη</em></strong></span> <span class='ocrx_word' id='word_1_12' title='bbox 361 552 507 633; x_wconf 78' lang='grc' dir='ltr'><strong><em>ἔμμεναι,</em></strong></span> <span class='ocrx_word' id='word_1_13' title='bbox 526 554 582 633; x_wconf 87' lang='grc' dir='ltr'><strong><em>τὴς</em></strong></span> <span class='ocrx_word' id='word_1_14' title='bbox 596 546 614 614; x_wconf 92' lang='lat'><em>6</em></span> <span class='ocrx_word' id='word_1_15' title='bbox 631 548 798 633; x_wconf 89' lang='grc' dir='ltr'><strong><em>πρόγονος</em></strong></span> <span class='ocrx_word' id='word_1_16' title='bbox 814 547 968 636; x_wconf 79' lang='grc' dir='ltr'><strong><em>ἠρήσατο,</em></strong></span> <span class='ocrx_word' id='word_1_17' title='bbox 984 548 1045 616; x_wconf 86' lang='grc' dir='ltr'><strong><em>τόν</em></strong></span> <span class='ocrx_word' id='word_1_18' title='bbox 1059 549 1177 637; x_wconf 80' lang='grc' dir='ltr'><strong><em>ἤλεγξε</em></strong></span> <span class='ocrx_word' id='word_1_19' title='bbox 1188 558 1241 617; x_wconf 81' lang='grc' dir='ltr'><strong><em>τοῦ</em></strong></span> 
     </span>
     <span class='ocr_line' id='line_1_4' title="bbox 235 645 1241 737; baseline 0.007 -26"><span class='ocrx_word' id='word_1_20' title='bbox 235 651 350 730; x_wconf 81' lang='grc' dir='ltr'><strong><em>ἰητρού</em></strong></span> <span class='ocrx_word' id='word_1_21' title='bbox 365 651 509 732; x_wconf 84' lang='grc' dir='ltr'><strong><em>ἐπινοίη·</em></strong></span> <span class='ocrx_word' id='word_1_22' title='bbox 534 645 577 725; x_wconf 82' lang='grc' dir='ltr'><strong><em>ὡς</em></strong></span> <span class='ocrx_word' id='word_1_23' title='bbox 590 650 653 733; x_wconf 90' lang='grc' dir='ltr'><strong><em>γάρ</em></strong></span> <span class='ocrx_word' id='word_1_24' title='bbox 669 675 727 731; x_wconf 92' lang='grc' dir='ltr'><strong><em>μιν</em></strong></span> <span class='ocrx_word' id='word_1_25' title='bbox 742 646 931 733; x_wconf 88' lang='grc' dir='ltr'><strong><em>ὴσυμφυρὴ</em></strong></span> <span class='ocrx_word' id='word_1_26' title='bbox 944 654 1144 737; x_wconf 81' lang='grc' dir='ltr'><strong><em>κατέλαβεν,</em></strong></span> <span class='ocrx_word' id='word_1_27' title='bbox 1162 648 1241 736; x_wconf 89' lang='grc' dir='ltr'><strong><em>ἀμη-</em></strong></span> 
     </span>
     <span class='ocr_line' id='line_1_5' title="bbox 234 744 1241 835; baseline 0.005 -27"><span class='ocrx_word' id='word_1_28' title='bbox 234 746 363 828; x_wconf 90' lang='grc' dir='ltr'><strong><em>χανέων</em></strong></span> <span class='ocrx_word' id='word_1_29' title='bbox 378 771 423 833; x_wconf 82' lang='grc' dir='ltr'><strong><em>τφ</em></strong></span> <span class='ocrx_word' id='word_1_30' title='bbox 439 751 531 833; x_wconf 78' lang='grc' dir='ltr'><strong><em>κακῷ</em></strong></span> <span class='ocrx_word' id='word_1_31' title='bbox 546 752 669 834; x_wconf 78' lang='grc' dir='ltr'><strong><em>αἰσχρῷ</em></strong></span> <span class='ocrx_word' id='word_1_32' title='bbox 687 749 836 813; x_wconf 79' lang='grc' dir='ltr'><strong><em>δοκέοντι</em></strong></span> <span class='ocrx_word' id='word_1_33' title='bbox 852 746 926 813; x_wconf 86' lang='grc' dir='ltr'><strong><em>κατ’</em></strong></span> <span class='ocrx_word' id='word_1_34' title='bbox 944 744 1085 835; x_wconf 80' lang='grc' dir='ltr'><strong><em>ἡσυχίην</em></strong></span> <span class='ocrx_word' id='word_1_35' title='bbox 1100 748 1241 816; x_wconf 83' lang='grc' dir='ltr'><strong><em>ἐνόσεεν.</em></strong></span> 
     </span>
     <span class='ocr_line' id='line_1_6' title="bbox 235 842 1294 940; baseline 0.007 -32"><span class='ocrx_word' id='word_1_36' title='bbox 235 848 339 909; x_wconf 85' lang='grc' dir='ltr'><strong><em>έκειτυ</em></strong></span> <span class='ocrx_word' id='word_1_37' title='bbox 354 842 390 909; x_wconf 73' lang='grc' dir='ltr'><strong><em>δέ</em></strong></span> <span class='ocrx_word' id='word_1_38' title='bbox 405 842 532 929; x_wconf 90' lang='grc' dir='ltr'><strong><em>ἀλγέων</em></strong></span> <span class='ocrx_word' id='word_1_39' title='bbox 551 842 668 926; x_wconf 80' lang='grc' dir='ltr'><strong><em>οὐδέν,</em></strong></span> <span class='ocrx_word' id='word_1_40' title='bbox 685 852 743 912; x_wconf 93' lang='grc' dir='ltr'><strong><em>καί</em></strong></span> <span class='ocrx_word' id='word_1_41' title='bbox 755 843 822 929; x_wconf 83' lang='grc' dir='ltr'><strong><em>οίὴ</em></strong></span> <span class='ocrx_word' id='word_1_42' title='bbox 837 871 872 911; x_wconf 88' lang='grc' dir='ltr'><strong><em>τε</em></strong></span> <span class='ocrx_word' id='word_1_43' title='bbox 888 843 982 932; x_wconf 80' lang='grc' dir='ltr'><strong><em>χροιὴ</em></strong></span> <span class='ocrx_word' id='word_1_44' title='bbox 1001 846 1146 933; x_wconf 88' lang='grc' dir='ltr'><strong><em>πάμπαν</em></strong></span> <span class='ocrx_word' id='word_1_45' title='bbox 1159 848 1243 928; x_wconf 84' lang='grc' dir='ltr'><strong><em>ε’τρέ·</em></strong></span> <span class='ocrx_word' id='word_1_46' title='bbox 1293 879 1294 940; x_wconf 68' lang='grc' dir='ltr'><strong><em>ι</em></strong></span> 
     </span>
     <span class='ocr_line' id='line_1_7' title="bbox 235 939 1294 1032; baseline 0.006 -27"><span class='ocrx_word' id='word_1_47' title='bbox 235 966 314 1006; x_wconf 88' lang='grc' dir='ltr'><strong><em>πετο</em></strong></span> <span class='ocrx_word' id='word_1_48' title='bbox 333 942 385 1007; x_wconf 83' lang='grc' dir='ltr'><strong><em>καὶ</em></strong></span> <span class='ocrx_word' id='word_1_49' title='bbox 400 940 436 1007; x_wconf 87' lang='grc' dir='ltr'><strong><em>τό</em></strong></span> <span class='ocrx_word' id='word_1_50' title='bbox 449 948 542 1029; x_wconf 78' lang='grc' dir='ltr'><strong><em>σῶμα</em></strong></span> <span class='ocrx_word' id='word_1_51' title='bbox 560 939 604 1010; x_wconf 89' lang='grc' dir='ltr'><strong><em>δι’</em></strong></span> <span class='ocrx_word' id='word_1_52' title='bbox 622 941 746 1028; x_wconf 80' lang='grc' dir='ltr'><strong><em>ἡμέρης</em></strong></span> <span class='ocrx_word' id='word_1_53' title='bbox 761 945 964 1030; x_wconf 77' lang='grc' dir='ltr'><strong><em>ἐμαραίνετο.</em></strong></span> <span class='ocrx_word' id='word_1_54' title='bbox 988 942 1005 1010; x_wconf 96' lang='lat'><em>6</em></span> <span class='ocrx_word' id='word_1_55' title='bbox 1023 942 1058 1011; x_wconf 75' lang='grc' dir='ltr'><strong><em>δέ</em></strong></span> <span class='ocrx_word' id='word_1_56' title='bbox 1073 944 1190 1032; x_wconf 86' lang='grc' dir='ltr'><strong><em>ἰητρός</em></strong></span> <span class='ocrx_word' id='word_1_57' title='bbox 1204 941 1243 1022; x_wconf 82' lang='grc' dir='ltr'><strong><em>ός</em></strong></span> <span class='ocrx_word' id='word_1_58' title='bbox 1293 951 1294 996; x_wconf 60' lang='grc' dir='ltr'>ἒ</span> 
     </span>
     <span class='ocr_line' id='line_1_8' title="bbox 236 1037 1294 1129; baseline 0.005 -25"><span class='ocrx_word' id='word_1_59' title='bbox 236 1037 303 1105; x_wconf 83' lang='grc' dir='ltr'><strong><em>εἶδέ</em></strong></span> <span class='ocrx_word' id='word_1_60' title='bbox 316 1064 375 1124; x_wconf 89' lang='grc' dir='ltr'><strong><em>μιν</em></strong></span> <span class='ocrx_word' id='word_1_61' title='bbox 391 1041 422 1117; x_wconf 88' lang='grc' dir='ltr'><strong><em>ές</em></strong></span> <span class='ocrx_word' id='word_1_62' title='bbox 435 1038 534 1107; x_wconf 78' lang='grc' dir='ltr'><strong><em>οὐδὲν</em></strong></span> <span class='ocrx_word' id='word_1_63' title='bbox 553 1042 698 1125; x_wconf 77' lang='grc' dir='ltr'><strong><em>ἐμφανὲς</em></strong></span> <span class='ocrx_word' id='word_1_64' title='bbox 716 1039 962 1125; x_wconf 80' lang='grc' dir='ltr'><strong><em>ἀρρωστέοντα,</em></strong></span> <span class='ocrx_word' id='word_1_65' title='bbox 984 1048 1070 1128; x_wconf 84' lang='grc' dir='ltr'><strong><em>ἔγνω</em></strong></span> <span class='ocrx_word' id='word_1_66' title='bbox 1086 1041 1152 1129; x_wconf 90' lang='grc' dir='ltr'><strong><em>τὴν</em></strong></span> <span class='ocrx_word' id='word_1_67' title='bbox 1165 1051 1244 1111; x_wconf 81' lang='grc' dir='ltr'><strong><em>νου·</em></strong></span> <span class='ocrx_word' id='word_1_68' title='bbox 1293 1071 1294 1109; x_wconf 78' lang='grc'>;</span> 
     </span>
     <span class='ocr_line' id='line_1_9' title="bbox 235 1136 1244 1226; baseline 0.005 -23"><span class='ocrx_word' id='word_1_69' title='bbox 235 1158 296 1203; x_wconf 91' lang='grc' dir='ltr'><strong><em>σον</em></strong></span> <span class='ocrx_word' id='word_1_70' title='bbox 314 1142 418 1218; x_wconf 79' lang='grc' dir='ltr'><strong><em>ἔρωτα</em></strong></span> <span class='ocrx_word' id='word_1_71' title='bbox 441 1141 586 1223; x_wconf 84' lang='grc' dir='ltr'><strong><em>ἔμμεναι.</em></strong></span> <span class='ocrx_word' id='word_1_72' title='bbox 619 1142 740 1221; x_wconf 84' lang='grc' dir='ltr'><strong><em>ἔρωτος</em></strong></span> <span class='ocrx_word' id='word_1_73' title='bbox 757 1137 792 1206; x_wconf 71' lang='grc' dir='ltr'><strong><em>δὲ</em></strong></span> <span class='ocrx_word' id='word_1_74' title='bbox 813 1136 959 1223; x_wconf 81' lang='grc' dir='ltr'><strong><em>ἀφανέος</em></strong></span> <span class='ocrx_word' id='word_1_75' title='bbox 983 1138 1091 1209; x_wconf 87' lang='grc' dir='ltr'><strong><em>πολλά</em></strong></span> <span class='ocrx_word' id='word_1_76' title='bbox 1109 1140 1244 1226; x_wconf 83' lang='grc' dir='ltr'><strong><em>σημήια,</em></strong></span> 
     </span>
     <span class='ocr_line' id='line_1_10' title="bbox 235 1233 1294 1323; baseline 0.006 -22"><span class='ocrx_word' id='word_1_77' title='bbox 235 1233 410 1318; x_wconf 85' lang='grc' dir='ltr'><strong><em>ὀφθαλμοί</em></strong></span> <span class='ocrx_word' id='word_1_78' title='bbox 422 1260 456 1300; x_wconf 89' lang='grc' dir='ltr'><strong><em>τε</em></strong></span> <span class='ocrx_word' id='word_1_79' title='bbox 478 1233 637 1315; x_wconf 80' lang='grc' dir='ltr'><strong><em>ἀσθενέες</em></strong></span> <span class='ocrx_word' id='word_1_80' title='bbox 657 1239 712 1303; x_wconf 84' lang='grc' dir='ltr'><strong><em>καί</em></strong></span> <span class='ocrx_word' id='word_1_81' title='bbox 727 1235 823 1323; x_wconf 87' lang='grc' dir='ltr'><strong><em>φωνὴ</em></strong></span> <span class='ocrx_word' id='word_1_82' title='bbox 847 1240 900 1303; x_wconf 81' lang='grc' dir='ltr'><strong><em>καί</em></strong></span> <span class='ocrx_word' id='word_1_83' title='bbox 917 1234 1011 1323; x_wconf 87' lang='grc' dir='ltr'><strong><em>χροιὴ</em></strong></span> <span class='ocrx_word' id='word_1_84' title='bbox 1028 1240 1084 1306; x_wconf 85' lang='grc' dir='ltr'><strong><em>καὶ</em></strong></span> <span class='ocrx_word' id='word_1_85' title='bbox 1105 1242 1245 1319; x_wconf 79' lang='grc' dir='ltr'><strong><em>δάκρυα.</em></strong></span> <span class='ocrx_word' id='word_1_86' title='bbox 1293 1239 1294 1260; x_wconf 65' lang='grc'>’</span> 
     </span>
     <span class='ocr_line' id='line_1_11' title="bbox 234 1329 1244 1424; baseline 0.005 -26"><span class='ocrx_word' id='word_1_87' title='bbox 234 1329 355 1416; x_wconf 79' lang='grc' dir='ltr'><strong><em>μαθων</em></strong></span> <span class='ocrx_word' id='word_1_88' title='bbox 371 1335 406 1398; x_wconf 77' lang='grc' dir='ltr'><strong><em>δέ</em></strong></span> <span class='ocrx_word' id='word_1_89' title='bbox 420 1340 523 1399; x_wconf 83' lang='grc' dir='ltr'><strong><em>ταῦτα</em></strong></span> <span class='ocrx_word' id='word_1_90' title='bbox 540 1336 663 1401; x_wconf 83' lang='grc' dir='ltr'><strong><em>ἐποίεε·</em></strong></span> <span class='ocrx_word' id='word_1_91' title='bbox 685 1338 768 1420; x_wconf 81' lang='grc' dir='ltr'><strong><em>χειρί</em></strong></span> <span class='ocrx_word' id='word_1_92' title='bbox 782 1337 844 1420; x_wconf 81' lang='grc' dir='ltr'><strong><em>μὲν</em></strong></span> <span class='ocrx_word' id='word_1_93' title='bbox 858 1343 897 1424; x_wconf 80' lang='grc' dir='ltr'><strong><em>τὴ</em></strong></span> <span class='ocrx_word' id='word_1_94' title='bbox 912 1340 1003 1423; x_wconf 79' lang='grc' dir='ltr'><strong><em>δεξιὴ</em></strong></span> <span class='ocrx_word' id='word_1_95' title='bbox 1021 1342 1073 1421; x_wconf 79' lang='grc' dir='ltr'><strong><em>ἔχε</em></strong></span> <span class='ocrx_word' id='word_1_96' title='bbox 1087 1346 1154 1403; x_wconf 82' lang='grc' dir='ltr'><strong><em>τοῦ</em></strong></span> <span class='ocrx_word' id='word_1_97' title='bbox 1169 1363 1244 1421; x_wconf 85' lang='grc' dir='ltr'><strong><em>νεη-</em></strong></span> 
     </span>
     <span class='ocr_line' id='line_1_12' title="bbox 233 1426 1242 1519; baseline 0.004 -23"><span class='ocrx_word' id='word_1_98' title='bbox 233 1437 352 1497; x_wconf 87' lang='grc' dir='ltr'><strong><em>νίσκου</em></strong></span> <span class='ocrx_word' id='word_1_99' title='bbox 367 1426 428 1515; x_wconf 89' lang='grc' dir='ltr'><strong><em>τὴν</em></strong></span> <span class='ocrx_word' id='word_1_100' title='bbox 444 1436 600 1517; x_wconf 87' lang='grc' dir='ltr'><strong><em>καρδίην,</em></strong></span> <span class='ocrx_word' id='word_1_101' title='bbox 617 1434 729 1500; x_wconf 88' lang='grc' dir='ltr'><strong><em>ε’κάλεε</em></strong></span> <span class='ocrx_word' id='word_1_102' title='bbox 746 1433 781 1499; x_wconf 78' lang='grc' dir='ltr'><strong><em>δὲ</em></strong></span> <span class='ocrx_word' id='word_1_103' title='bbox 793 1433 871 1509; x_wconf 87' lang='grc' dir='ltr'><strong><em>τούς</em></strong></span> <span class='ocrx_word' id='word_1_104' title='bbox 882 1430 947 1498; x_wconf 87' lang='grc' dir='ltr'><strong><em>ἀνά</em></strong></span> <span class='ocrx_word' id='word_1_105' title='bbox 958 1431 1020 1518; x_wconf 87' lang='grc' dir='ltr'><strong><em>τὴν</em></strong></span> <span class='ocrx_word' id='word_1_106' title='bbox 1035 1439 1148 1519; x_wconf 87' lang='grc' dir='ltr'><strong><em>οἰκίην</em></strong></span> <span class='ocrx_word' id='word_1_107' title='bbox 1160 1434 1242 1500; x_wconf 82' lang='grc' dir='ltr'><strong><em>πάι·</em></strong></span> 
     </span>
     <span class='ocr_line' id='line_1_13' title="bbox 233 1525 1245 1617; baseline 0.003 -22"><span class='ocrx_word' id='word_1_108' title='bbox 233 1556 305 1605; x_wconf 84' lang='grc' dir='ltr'><strong><em>τας·</em></strong></span> <span class='ocrx_word' id='word_1_109' title='bbox 336 1525 352 1594; x_wconf 90' lang='grc' dir='ltr'>ὁ</span> <span class='ocrx_word' id='word_1_110' title='bbox 375 1532 410 1596; x_wconf 81' lang='grc' dir='ltr'><strong><em>δὲ</em></strong></span> <span class='ocrx_word' id='word_1_111' title='bbox 432 1537 499 1596; x_wconf 80' lang='grc' dir='ltr'><strong><em>τῶν</em></strong></span> <span class='ocrx_word' id='word_1_112' title='bbox 521 1534 582 1615; x_wconf 81' lang='grc' dir='ltr'><strong><em>μὲν</em></strong></span> <span class='ocrx_word' id='word_1_113' title='bbox 599 1530 711 1598; x_wconf 88' lang='grc' dir='ltr'><strong><em>ἀλλων</em></strong></span> <span class='ocrx_word' id='word_1_114' title='bbox 735 1530 896 1597; x_wconf 81' lang='grc' dir='ltr'><strong><em>ἐσιόντων</em></strong></span> <span class='ocrx_word' id='word_1_115' title='bbox 912 1527 1049 1597; x_wconf 82' lang='grc' dir='ltr'><strong><em>πάντων</em></strong></span> <span class='ocrx_word' id='word_1_116' title='bbox 1071 1534 1111 1597; x_wconf 86' lang='grc' dir='ltr'><strong><em>έν</em></strong></span> <span class='ocrx_word' id='word_1_117' title='bbox 1126 1530 1245 1617; x_wconf 88' lang='grc' dir='ltr'><strong><em>ὴρεμίη</em></strong></span> 
     </span>
     <span class='ocr_line' id='line_1_14' title="bbox 233 1618 1294 1715; baseline 0.003 -23"><span class='ocrx_word' id='word_1_118' title='bbox 233 1626 360 1714; x_wconf 85' lang='grc' dir='ltr'><strong><em>μεγάλη</em></strong></span> <span class='ocrx_word' id='word_1_119' title='bbox 374 1618 433 1712; x_wconf 88' lang='grc' dir='ltr'><strong><em>ὴν.</em></strong></span> <span class='ocrx_word' id='word_1_120' title='bbox 453 1624 496 1704; x_wconf 78' lang='grc' dir='ltr'><strong><em>ὡς</em></strong></span> <span class='ocrx_word' id='word_1_121' title='bbox 512 1624 547 1695; x_wconf 78' lang='grc' dir='ltr'><strong><em>δέ</em></strong></span> <span class='ocrx_word' id='word_1_122' title='bbox 562 1624 582 1713; x_wconf 88' lang='grc' dir='ltr'><strong><em>ὴ</em></strong></span> <span class='ocrx_word' id='word_1_123' title='bbox 597 1626 741 1714; x_wconf 75' lang='grc' dir='ltr'><strong><em>μητρυιὴ</em></strong></span> <span class='ocrx_word' id='word_1_124' title='bbox 754 1625 906 1710; x_wconf 85' lang='grc' dir='ltr'><strong><em>ἀπίκετο,</em></strong></span> <span class='ocrx_word' id='word_1_125' title='bbox 924 1629 986 1714; x_wconf 89' lang='grc' dir='ltr'><strong><em>τὴν</em></strong></span> <span class='ocrx_word' id='word_1_126' title='bbox 1004 1654 1039 1695; x_wconf 87' lang='grc' dir='ltr'><strong><em>τε</em></strong></span> <span class='ocrx_word' id='word_1_127' title='bbox 1053 1627 1177 1715; x_wconf 91' lang='grc' dir='ltr'><strong><em>χροιὴν</em></strong></span> <span class='ocrx_word' id='word_1_128' title='bbox 1189 1628 1245 1714; x_wconf 86' lang='grc' dir='ltr'><strong><em>ὴλ-</em></strong></span> <span class='ocrx_word' id='word_1_129' title='bbox 1293 1637 1294 1640; x_wconf 72' lang='grc'>’</span> 
     </span>
    </p>
   </div>
   <div class='ocr_carea' id='block_1_3' title="bbox 164 1723 1295 2018">
    <p class='ocr_par' dir='ltr' id='par_1_3' title="bbox 164 1723 1295 2018">
     <span class='ocr_line' id='line_1_15' title="bbox 234 1723 1245 1815; baseline 0.002 -25"><span class='ocrx_word' id='word_1_130' title='bbox 234 1723 352 1803; x_wconf 77' lang='grc' dir='ltr'><strong><em>λέξατο</em></strong></span> <span class='ocrx_word' id='word_1_131' title='bbox 369 1723 423 1791; x_wconf 84' lang='grc' dir='ltr'><strong><em>καί</em></strong></span> <span class='ocrx_word' id='word_1_132' title='bbox 435 1725 570 1807; x_wconf 75' lang='grc' dir='ltr'><strong><em>ἱδρώειν</em></strong></span> <span class='ocrx_word' id='word_1_133' title='bbox 584 1723 705 1808; x_wconf 81' lang='grc' dir='ltr'><strong><em>ἀρξατο</em></strong></span> <span class='ocrx_word' id='word_1_134' title='bbox 720 1727 774 1791; x_wconf 79' lang='grc' dir='ltr'><strong><em>καί</em></strong></span> <span class='ocrx_word' id='word_1_135' title='bbox 791 1726 902 1815; x_wconf 83' lang='grc' dir='ltr'><strong><em>τρόμφ</em></strong></span> <span class='ocrx_word' id='word_1_136' title='bbox 918 1731 1007 1810; x_wconf 80' lang='grc' dir='ltr'><strong><em>ἔχετο</em></strong></span> <span class='ocrx_word' id='word_1_137' title='bbox 1023 1723 1110 1811; x_wconf 80' lang='grc' dir='ltr'><strong><em>καλὴ</em></strong></span> <span class='ocrx_word' id='word_1_138' title='bbox 1124 1732 1245 1809; x_wconf 89' lang='grc' dir='ltr'><strong><em>καρδίη</em></strong></span> 
     </span>
     <span class='ocr_line' id='line_1_16' title="bbox 164 1818 1247 1914; baseline -0.002 -25"><span class='ocrx_word' id='word_1_139' title='bbox 164 1833 215 1889; x_wconf 76' lang='grc'><strong><em>465</em></strong></span> <span class='ocrx_word' id='word_1_140' title='bbox 235 1818 454 1888; x_wconf 74' lang='grc' dir='ltr'><strong><em>ἀνεπάλλετο·</em></strong></span> <span class='ocrx_word' id='word_1_141' title='bbox 487 1821 526 1889; x_wconf 90' lang='grc' dir='ltr'><strong><em>τά</em></strong></span> <span class='ocrx_word' id='word_1_142' title='bbox 550 1824 587 1891; x_wconf 73' lang='grc' dir='ltr'><strong><em>δὲ</em></strong></span> <span class='ocrx_word' id='word_1_143' title='bbox 611 1820 792 1908; x_wconf 87' lang='grc' dir='ltr'><strong><em>γιγνόμενα</em></strong></span> <span class='ocrx_word' id='word_1_144' title='bbox 815 1826 963 1909; x_wconf 77' lang='grc' dir='ltr'><strong><em>ἐμφανέα</em></strong></span> <span class='ocrx_word' id='word_1_145' title='bbox 986 1830 1031 1914; x_wconf 73' lang='grc' dir='ltr'><strong><em>τῷ</em></strong></span> <span class='ocrx_word' id='word_1_146' title='bbox 1058 1830 1165 1913; x_wconf 72' lang='grc' dir='ltr'><strong><em>ἰητρῷ</em></strong></span> <span class='ocrx_word' id='word_1_147' title='bbox 1189 1821 1247 1889; x_wconf 86' lang='grc' dir='ltr'><strong><em>τόν</em></strong></span> 
     </span>
     <span class='ocr_line' id='line_1_17' title="bbox 228 1912 1295 2018; baseline 0.003 -34"><span class='ocrx_word' id='word_1_148' title='bbox 228 1925 340 1998; x_wconf 57' lang='grc' dir='ltr'><strong><em>,ἔρωτα</em></strong></span> <span class='ocrx_word' id='word_1_149' title='bbox 360 1922 473 1987; x_wconf 83' lang='grc' dir='ltr'><strong><em>ἐποίεε.</em></strong></span> <span class='ocrx_word' id='word_1_150' title='bbox 499 1925 547 1989; x_wconf 84' lang='grc'><strong><em>18.</em></strong></span> <span class='ocrx_word' id='word_1_151' title='bbox 564 1928 622 1987; x_wconf 88' lang='grc' dir='ltr'><strong><em>καί</em></strong></span> <span class='ocrx_word' id='word_1_152' title='bbox 630 1946 689 2006; x_wconf 93' lang='grc' dir='ltr'><strong><em>μιν</em></strong></span> <span class='ocrx_word' id='word_1_153' title='bbox 704 1912 769 1987; x_wconf 77' lang='grc' dir='ltr'><strong><em>ὦδε</em></strong></span> <span class='ocrx_word' id='word_1_154' title='bbox 780 1922 911 2006; x_wconf 86' lang='grc' dir='ltr'><strong><em>ἰὴσατο·</em></strong></span> <span class='ocrx_word' id='word_1_155' title='bbox 934 1925 1073 1998; x_wconf 83' lang='grc' dir='ltr'><strong><em>καλέσας</em></strong></span> <span class='ocrx_word' id='word_1_156' title='bbox 1088 1930 1153 1987; x_wconf 87' lang='grc' dir='ltr'><strong><em>τοῦ</em></strong></span> <span class='ocrx_word' id='word_1_157' title='bbox 1170 1948 1246 2005; x_wconf 87' lang='grc' dir='ltr'><strong><em>υεη-</em></strong></span> <span class='ocrx_word' id='word_1_158' title='bbox 1293 1998 1295 2018; x_wconf 41' lang='grc' dir='ltr'>Ι</span> 
     </span>
    </p>
   </div>
   <div class='ocr_carea' id='block_1_4' title="bbox 140 2015 1292 3581">
    <p class='ocr_par' dir='ltr' id='par_1_4' title="bbox 236 2015 1248 2104">
     <span class='ocr_line' id='line_1_18' title="bbox 236 2015 1248 2104; baseline 0 -22"><span class='ocrx_word' id='word_1_159' title='bbox 236 2024 352 2084; x_wconf 85' lang='grc' dir='ltr'><strong><em>νίσκου</em></strong></span> <span class='ocrx_word' id='word_1_160' title='bbox 367 2017 426 2085; x_wconf 84' lang='grc' dir='ltr'><strong><em>τόν</em></strong></span> <span class='ocrx_word' id='word_1_161' title='bbox 447 2021 571 2103; x_wconf 81' lang='grc' dir='ltr'><strong><em>πατέρα</em></strong></span> <span class='ocrx_word' id='word_1_162' title='bbox 593 2018 697 2101; x_wconf 89' lang='grc' dir='ltr'><strong><em>κάρτα</em></strong></span> <span class='ocrx_word' id='word_1_163' title='bbox 718 2016 943 2102; x_wconf 84' lang='grc' dir='ltr'><strong><em>ὀρρωδέοντα,</em></strong></span> <span class='ocrx_word' id='word_1_164' title='bbox 963 2018 1042 2086; x_wconf 84' lang='grc' dir='ltr'><strong><em>Ἦδε</em></strong></span> <span class='ocrx_word' id='word_1_165' title='bbox 1064 2015 1085 2104; x_wconf 85' lang='grc' dir='ltr'><strong><em>ὴ</em></strong></span> <span class='ocrx_word' id='word_1_166' title='bbox 1107 2027 1248 2100; x_wconf 86' lang='grc' dir='ltr'><strong><em>νοῦσος,</em></strong></span> 
     </span>
    </p>

    <p class='ocr_par' dir='ltr' id='par_1_5' title="bbox 167 2113 1248 2400">
     <span class='ocr_line' id='line_1_19' title="bbox 167 2113 1248 2203; baseline -0.002 -20"><span class='ocrx_word' id='word_1_167' title='bbox 167 2195 170 2200; x_wconf 35' lang='grc'><strong><em>,</em></strong></span> <span class='ocrx_word' id='word_1_168' title='bbox 233 2123 313 2203; x_wconf 82' lang='grc' dir='ltr'><strong><em>ἔφη,</em></strong></span> <span class='ocrx_word' id='word_1_169' title='bbox 335 2116 397 2202; x_wconf 91' lang='grc' dir='ltr'><strong><em>τὴν</em></strong></span> <span class='ocrx_word' id='word_1_170' title='bbox 413 2114 431 2183; x_wconf 94' lang='lat'><em>6</em></span> <span class='ocrx_word' id='word_1_171' title='bbox 454 2132 529 2195; x_wconf 66' lang='grc' dir='ltr'><strong><em>παῖς</em></strong></span> <span class='ocrx_word' id='word_1_172' title='bbox 545 2115 602 2185; x_wconf 85' lang='grc' dir='ltr'><strong><em>ὅδε</em></strong></span> <span class='ocrx_word' id='word_1_173' title='bbox 616 2115 811 2202; x_wconf 87' lang='grc' dir='ltr'><strong><em>ἀρρωστέει,</em></strong></span> <span class='ocrx_word' id='word_1_174' title='bbox 834 2114 876 2183; x_wconf 87' lang='grc' dir='ltr'><strong><em>ού</em></strong></span> <span class='ocrx_word' id='word_1_175' title='bbox 890 2118 1012 2194; x_wconf 86' lang='grc' dir='ltr'><strong><em>νοῦσός</em></strong></span> <span class='ocrx_word' id='word_1_176' title='bbox 1028 2119 1133 2199; x_wconf 82' lang='grc' dir='ltr'><strong><em>ἐστιν,</em></strong></span> <span class='ocrx_word' id='word_1_177' title='bbox 1161 2113 1248 2183; x_wconf 73' lang='grc' dir='ltr'><strong><em>ἀλλὰ</em></strong></span> 
     </span>
     <span class='ocr_line' id='line_1_20' title="bbox 233 2210 1247 2301; baseline 0.001 -23"><span class='ocrx_word' id='word_1_178' title='bbox 233 2210 357 2299; x_wconf 87' lang='grc' dir='ltr'><strong><em>ἀδικίη·</em></strong></span> <span class='ocrx_word' id='word_1_179' title='bbox 388 2212 445 2282; x_wconf 80' lang='grc' dir='ltr'><strong><em>ὅδε</em></strong></span> <span class='ocrx_word' id='word_1_180' title='bbox 466 2217 530 2301; x_wconf 80' lang='grc' dir='ltr'><strong><em>γάρ</em></strong></span> <span class='ocrx_word' id='word_1_181' title='bbox 546 2242 597 2283; x_wconf 91' lang='grc' dir='ltr'><strong><em>τοι</em></strong></span> <span class='ocrx_word' id='word_1_182' title='bbox 618 2212 727 2300; x_wconf 86' lang='grc' dir='ltr'><strong><em>ἀλγέει</em></strong></span> <span class='ocrx_word' id='word_1_183' title='bbox 742 2217 804 2299; x_wconf 76' lang='grc' dir='ltr'><strong><em>μὲν</em></strong></span> <span class='ocrx_word' id='word_1_184' title='bbox 820 2213 937 2299; x_wconf 82' lang='grc' dir='ltr'><strong><em>οὐδέν,</em></strong></span> <span class='ocrx_word' id='word_1_185' title='bbox 960 2220 1042 2295; x_wconf 77' lang='grc' dir='ltr'><strong><em>ἔρως</em></strong></span> <span class='ocrx_word' id='word_1_186' title='bbox 1059 2217 1099 2279; x_wconf 87' lang='grc' dir='ltr'><strong><em>δέ</em></strong></span> <span class='ocrx_word' id='word_1_187' title='bbox 1112 2239 1177 2298; x_wconf 88' lang='grc' dir='ltr'><strong><em>μιν</em></strong></span> <span class='ocrx_word' id='word_1_188' title='bbox 1192 2215 1247 2280; x_wconf 80' lang='grc' dir='ltr'><strong><em>καί</em></strong></span> 
     </span>
     <span class='ocr_line' id='line_1_21' title="bbox 233 2310 1246 2400; baseline 0.001 -23"><span class='ocrx_word' id='word_1_189' title='bbox 233 2320 476 2400; x_wconf 82' lang='grc' dir='ltr'><strong><em>φρενοβλαβείη</em></strong></span> <span class='ocrx_word' id='word_1_190' title='bbox 494 2321 567 2400; x_wconf 79' lang='grc' dir='ltr'><strong><em>ἔχει.</em></strong></span> <span class='ocrx_word' id='word_1_191' title='bbox 599 2315 772 2400; x_wconf 77' lang='grc' dir='ltr'><strong><em>ἐπιθυμέει</em></strong></span> <span class='ocrx_word' id='word_1_192' title='bbox 791 2313 826 2381; x_wconf 74' lang='grc' dir='ltr'><strong><em>δὲ</em></strong></span> <span class='ocrx_word' id='word_1_193' title='bbox 845 2319 913 2379; x_wconf 78' lang='grc' dir='ltr'><strong><em>τῶν</em></strong></span> <span class='ocrx_word' id='word_1_194' title='bbox 930 2310 1061 2397; x_wconf 80' lang='grc' dir='ltr'><strong><em>οὐδαμὰ</em></strong></span> <span class='ocrx_word' id='word_1_195' title='bbox 1078 2312 1246 2393; x_wconf 86' lang='grc' dir='ltr'><strong><em>τεύξεται,</em></strong></span> 
     </span>
    </p>

    <p class='ocr_par' dir='ltr' id='par_1_6' title="bbox 140 2408 1292 3581">
     <span class='ocr_line' id='line_1_22' title="bbox 140 2408 1249 2500; baseline -0.003 -22"><span class='ocrx_word' id='word_1_196' title='bbox 140 2440 142 2443; x_wconf 94' lang='grc'><strong><em>·</em></strong></span> <span class='ocrx_word' id='word_1_197' title='bbox 232 2414 358 2496; x_wconf 87' lang='grc' dir='ltr'><strong><em>φιλέων</em></strong></span> <span class='ocrx_word' id='word_1_198' title='bbox 379 2426 522 2498; x_wconf 82' lang='grc' dir='ltr'><strong><em>γυναῖκα</em></strong></span> <span class='ocrx_word' id='word_1_199' title='bbox 544 2414 641 2499; x_wconf 87' lang='grc' dir='ltr'><strong><em>έμὴν,</em></strong></span> <span class='ocrx_word' id='word_1_200' title='bbox 664 2410 725 2500; x_wconf 91' lang='grc' dir='ltr'><strong><em>τὴν</em></strong></span> <span class='ocrx_word' id='word_1_201' title='bbox 743 2409 807 2499; x_wconf 78' lang='grc' dir='ltr'><strong><em>έγά</em></strong></span> <span class='ocrx_word' id='word_1_202' title='bbox 829 2410 902 2478; x_wconf 86' lang='grc' dir='ltr'><strong><em>ούτι</em></strong></span> <span class='ocrx_word' id='word_1_203' title='bbox 920 2412 1108 2496; x_wconf 87' lang='grc' dir='ltr'><strong><em>μετήσομαι.</em></strong></span> <span class='ocrx_word' id='word_1_204' title='bbox 1139 2408 1160 2474; x_wconf 88' lang='grc' dir='ltr'>ὁ</span> <span class='ocrx_word' id='word_1_205' title='bbox 1183 2414 1249 2496; x_wconf 82' lang='grc' dir='ltr'><strong><em>μὲν</em></strong></span> 
     </span>
     <span class='ocr_line' id='line_1_23' title="bbox 233 2500 1248 2599; baseline 0.001 -23"><span class='ocrx_word' id='word_1_206' title='bbox 233 2500 280 2576; x_wconf 77' lang='grc' dir='ltr'><strong><em>όν</em></strong></span> <span class='ocrx_word' id='word_1_207' title='bbox 293 2511 404 2576; x_wconf 79' lang='grc' dir='ltr'><strong><em>τοιαίδε</em></strong></span> <span class='ocrx_word' id='word_1_208' title='bbox 422 2517 524 2599; x_wconf 84' lang='grc' dir='ltr'><strong><em>σοφίη</em></strong></span> <span class='ocrx_word' id='word_1_209' title='bbox 539 2511 707 2591; x_wconf 80' lang='grc' dir='ltr'><strong><em>ἐψεύδετο.</em></strong></span> <span class='ocrx_word' id='word_1_210' title='bbox 739 2511 756 2579; x_wconf 92' lang='lat'><em>6</em></span> <span class='ocrx_word' id='word_1_211' title='bbox 775 2512 810 2580; x_wconf 77' lang='grc' dir='ltr'><strong><em>δέ</em></strong></span> <span class='ocrx_word' id='word_1_212' title='bbox 828 2509 945 2579; x_wconf 87' lang='grc' dir='ltr'><strong><em>αύτίκα</em></strong></span> <span class='ocrx_word' id='word_1_213' title='bbox 963 2514 1121 2592; x_wconf 81' lang='grc' dir='ltr'><strong><em>ἐλίσσετο,</em></strong></span> <span class='ocrx_word' id='word_1_214' title='bbox 1150 2512 1248 2592; x_wconf 83' lang='grc' dir='ltr'><strong><em>Πρός</em></strong></span> 
     </span>
     <span class='ocr_line' id='line_1_24' title="bbox 232 2605 1247 2697; baseline 0 -22"><span class='ocrx_word' id='word_1_215' title='bbox 232 2635 265 2675; x_wconf 91' lang='grc' dir='ltr'><strong><em>τε</em></strong></span> <span class='ocrx_word' id='word_1_216' title='bbox 276 2615 395 2694; x_wconf 85' lang='grc' dir='ltr'><strong><em>σοφίης</em></strong></span> <span class='ocrx_word' id='word_1_217' title='bbox 410 2612 463 2676; x_wconf 83' lang='grc' dir='ltr'><strong><em>καὶ</em></strong></span> <span class='ocrx_word' id='word_1_218' title='bbox 475 2615 622 2695; x_wconf 85' lang='grc' dir='ltr'><strong><em>ἰητρικῆς</em></strong></span> <span class='ocrx_word' id='word_1_219' title='bbox 636 2611 682 2696; x_wconf 82' lang='grc' dir='ltr'><strong><em>μὴ</em></strong></span> <span class='ocrx_word' id='word_1_220' title='bbox 691 2636 748 2696; x_wconf 93' lang='grc' dir='ltr'><strong><em>μοι</em></strong></span> <span class='ocrx_word' id='word_1_221' title='bbox 759 2616 860 2677; x_wconf 79' lang='grc' dir='ltr'><strong><em>παῖδα</em></strong></span> <span class='ocrx_word' id='word_1_222' title='bbox 876 2608 1005 2697; x_wconf 87' lang='grc' dir='ltr'><strong><em>όλέσης·</em></strong></span> <span class='ocrx_word' id='word_1_223' title='bbox 1028 2605 1070 2674; x_wconf 87' lang='grc' dir='ltr'><strong><em>ού</em></strong></span> <span class='ocrx_word' id='word_1_224' title='bbox 1084 2605 1155 2692; x_wconf 86' lang='grc' dir='ltr'><strong><em>γάρ</em></strong></span> <span class='ocrx_word' id='word_1_225' title='bbox 1168 2611 1247 2675; x_wconf 84' lang='grc' dir='ltr'><strong><em>έθέ·</em></strong></span> 
     </span>
     <span class='ocr_line' id='line_1_25' title="bbox 231 2702 1245 2799; baseline -0.004 -24"><span class='ocrx_word' id='word_1_226' title='bbox 231 2718 299 2775; x_wconf 88' lang='grc' dir='ltr'><strong><em>λων</em></strong></span> <span class='ocrx_word' id='word_1_227' title='bbox 316 2708 418 2797; x_wconf 88' lang='grc' dir='ltr'><strong><em>ταύτη</em></strong></span> <span class='ocrx_word' id='word_1_228' title='bbox 436 2716 593 2799; x_wconf 79' lang='grc' dir='ltr'><strong><em>συμφορὴ</em></strong></span> <span class='ocrx_word' id='word_1_229' title='bbox 611 2715 738 2795; x_wconf 82' lang='grc' dir='ltr'><strong><em>ἔσχετο,</em></strong></span> <span class='ocrx_word' id='word_1_230' title='bbox 754 2707 838 2777; x_wconf 77' lang='grc' dir='ltr'><strong><em>ἀλλά</em></strong></span> <span class='ocrx_word' id='word_1_231' title='bbox 853 2713 887 2776; x_wconf 88' lang='grc' dir='ltr'><strong><em>οἰ</em></strong></span> <span class='ocrx_word' id='word_1_232' title='bbox 902 2706 923 2794; x_wconf 93' lang='grc' dir='ltr'><strong><em>ὴ</em></strong></span> <span class='ocrx_word' id='word_1_233' title='bbox 936 2714 1058 2783; x_wconf 84' lang='grc' dir='ltr'><strong><em>νοῦσος</em></strong></span> <span class='ocrx_word' id='word_1_234' title='bbox 1068 2702 1245 2791; x_wconf 87' lang='grc' dir='ltr'><strong><em>ἀεκουσίη.</em></strong></span> 
     </span>
     <span class='ocr_line' id='line_1_26' title="bbox 231 2805 1247 2896; baseline -0.002 -22"><span class='ocrx_word' id='word_1_235' title='bbox 231 2815 275 2895; x_wconf 79' lang='grc' dir='ltr'><strong><em>τῷ</em></strong></span> <span class='ocrx_word' id='word_1_236' title='bbox 298 2807 341 2875; x_wconf 89' lang='grc' dir='ltr'><strong><em>σύ</em></strong></span> <span class='ocrx_word' id='word_1_237' title='bbox 362 2805 497 2895; x_wconf 85' lang='grc' dir='ltr'><strong><em>μηδαμά</em></strong></span> <span class='ocrx_word' id='word_1_238' title='bbox 516 2812 726 2896; x_wconf 78' lang='grc' dir='ltr'><strong><em>ζηλοτυπέων</em></strong></span> <span class='ocrx_word' id='word_1_239' title='bbox 743 2809 868 2887; x_wconf 88' lang='grc' dir='ltr'><strong><em>πένθος</em></strong></span> <span class='ocrx_word' id='word_1_240' title='bbox 888 2810 1011 2893; x_wconf 80' lang='grc' dir='ltr'><strong><em>ἐγείραι</em></strong></span> <span class='ocrx_word' id='word_1_241' title='bbox 1032 2805 1121 2891; x_wconf 85' lang='grc' dir='ltr'><strong><em>πάση</em></strong></span> <span class='ocrx_word' id='word_1_242' title='bbox 1143 2812 1247 2893; x_wconf 87' lang='grc' dir='ltr'><strong><em>βασι-</em></strong></span> 
     </span>
     <span class='ocr_line' id='line_1_27' title="bbox 232 2902 1292 2994; baseline -0.005 -21"><span class='ocrx_word' id='word_1_243' title='bbox 232 2913 305 2994; x_wconf 88' lang='grc' dir='ltr'><strong><em>ληίη</em></strong></span> <span class='ocrx_word' id='word_1_244' title='bbox 321 2906 404 2993; x_wconf 76' lang='grc' dir='ltr'><strong><em>μηδὲ</em></strong></span> <span class='ocrx_word' id='word_1_245' title='bbox 418 2905 531 2993; x_wconf 83' lang='grc' dir='ltr'><strong><em>ἰητρός</em></strong></span> <span class='ocrx_word' id='word_1_246' title='bbox 546 2906 611 2975; x_wconf 80' lang='grc' dir='ltr'><strong><em>ε’ἀν</em></strong></span> <span class='ocrx_word' id='word_1_247' title='bbox 630 2907 765 2993; x_wconf 91' lang='grc' dir='ltr'><strong><em>φθόνον</em></strong></span> <span class='ocrx_word' id='word_1_248' title='bbox 779 2910 969 2988; x_wconf 80' lang='grc' dir='ltr'><strong><em>προξενέειν</em></strong></span> <span class='ocrx_word' id='word_1_249' title='bbox 981 2912 1119 2992; x_wconf 80' lang='grc' dir='ltr'><strong><em>ἰητρικὴ.</em></strong></span> <span class='ocrx_word' id='word_1_250' title='bbox 1145 2902 1165 2971; x_wconf 93' lang='lat'><em>6</em></span> <span class='ocrx_word' id='word_1_251' title='bbox 1183 2908 1248 2988; x_wconf 72' lang='grc' dir='ltr'><strong><em>μὲν</em></strong></span> <span class='ocrx_word' id='word_1_252' title='bbox 1291 2939 1292 2958; x_wconf 58' lang='grc' dir='ltr'><strong><em>ι</em></strong></span> 
     </span>
     <span class='ocr_line' id='line_1_28' title="bbox 232 2996 1247 3091; baseline 0.001 -22"><span class='ocrx_word' id='word_1_253' title='bbox 232 2998 295 3071; x_wconf 75' lang='grc' dir='ltr'><strong><em>ὦδε</em></strong></span> <span class='ocrx_word' id='word_1_254' title='bbox 311 3004 421 3090; x_wconf 74' lang='grc' dir='ltr'><strong><em>ἀγνώς</em></strong></span> <span class='ocrx_word' id='word_1_255' title='bbox 437 3004 501 3073; x_wconf 76' lang='grc' dir='ltr'><strong><em>έῶν</em></strong></span> <span class='ocrx_word' id='word_1_256' title='bbox 517 3010 635 3075; x_wconf 80' lang='grc' dir='ltr'><strong><em>ἐδέετο.</em></strong></span> <span class='ocrx_word' id='word_1_257' title='bbox 659 3004 676 3071; x_wconf 89' lang='lat'><em>6</em></span> <span class='ocrx_word' id='word_1_258' title='bbox 693 3008 731 3074; x_wconf 93' lang='grc' dir='ltr'><strong><em>δέ</em></strong></span> <span class='ocrx_word' id='word_1_259' title='bbox 739 3031 798 3091; x_wconf 88' lang='grc' dir='ltr'><strong><em>μιν</em></strong></span> <span class='ocrx_word' id='word_1_260' title='bbox 812 2996 906 3083; x_wconf 86' lang='grc' dir='ltr'><strong><em>αύτις</em></strong></span> <span class='ocrx_word' id='word_1_261' title='bbox 922 3003 1091 3089; x_wconf 88' lang='grc' dir='ltr'><strong><em>ἀμείβετο,</em></strong></span> <span class='ocrx_word' id='word_1_262' title='bbox 1104 3002 1247 3070; x_wconf 84' lang='grc' dir='ltr'><strong><em>Ἀνόσια</em></strong></span> 
     </span>
     <span class='ocr_line' id='line_1_29' title="bbox 231 3098 1248 3190; baseline 0.001 -24"><span class='ocrx_word' id='word_1_263' title='bbox 231 3102 385 3180; x_wconf 87' lang='grc' dir='ltr'><strong><em>σπεύδεις</em></strong></span> <span class='ocrx_word' id='word_1_264' title='bbox 406 3105 516 3189; x_wconf 88' lang='grc' dir='ltr'><strong><em>γάμον</em></strong></span> <span class='ocrx_word' id='word_1_265' title='bbox 538 3103 618 3190; x_wconf 86' lang='grc' dir='ltr'><strong><em>έμόν</em></strong></span> <span class='ocrx_word' id='word_1_266' title='bbox 645 3102 887 3186; x_wconf 90' lang='grc' dir='ltr'><strong><em>ἀπαιρεόμενος</em></strong></span> <span class='ocrx_word' id='word_1_267' title='bbox 908 3100 966 3188; x_wconf 77' lang='grc' dir='ltr'><strong><em>ὴδὲ</em></strong></span> <span class='ocrx_word' id='word_1_268' title='bbox 991 3098 1107 3187; x_wconf 86' lang='grc' dir='ltr'><strong><em>ἰητρόν</em></strong></span> <span class='ocrx_word' id='word_1_269' title='bbox 1130 3099 1248 3183; x_wconf 78' lang='grc' dir='ltr'><strong><em>ἄνδρα</em></strong></span> 
     </span>
     <span class='ocr_line' id='line_1_30' title="bbox 229 3196 1247 3288; baseline 0.001 -22"><span class='ocrx_word' id='word_1_270' title='bbox 229 3199 401 3288; x_wconf 83' lang='grc' dir='ltr'><strong><em>βιόμενος.</em></strong></span> <span class='ocrx_word' id='word_1_271' title='bbox 434 3201 477 3268; x_wconf 90' lang='grc' dir='ltr'><strong><em>σύ</em></strong></span> <span class='ocrx_word' id='word_1_272' title='bbox 499 3203 534 3270; x_wconf 75' lang='grc' dir='ltr'><strong><em>δὲ</em></strong></span> <span class='ocrx_word' id='word_1_273' title='bbox 554 3210 619 3279; x_wconf 78' lang='grc' dir='ltr'><strong><em>κως</em></strong></span> <span class='ocrx_word' id='word_1_274' title='bbox 634 3196 678 3268; x_wconf 88' lang='grc' dir='ltr'><strong><em>ἀν</em></strong></span> <span class='ocrx_word' id='word_1_275' title='bbox 693 3198 792 3279; x_wconf 81' lang='grc' dir='ltr'><strong><em>αὐτὸς</em></strong></span> <span class='ocrx_word' id='word_1_276' title='bbox 807 3206 962 3287; x_wconf 81' lang='grc' dir='ltr'><strong><em>ἔπρηξας,</em></strong></span> <span class='ocrx_word' id='word_1_277' title='bbox 987 3210 1020 3268; x_wconf 90' lang='grc' dir='ltr'><strong><em>εί</em></strong></span> <span class='ocrx_word' id='word_1_278' title='bbox 1029 3225 1081 3267; x_wconf 91' lang='grc' dir='ltr'><strong><em>τοι</em></strong></span> <span class='ocrx_word' id='word_1_279' title='bbox 1095 3198 1165 3285; x_wconf 91' lang='grc' dir='ltr'><strong><em>σὴν</em></strong></span> <span class='ocrx_word' id='word_1_280' title='bbox 1180 3228 1247 3287; x_wconf 91' lang='grc' dir='ltr'><strong><em>γυ-</em></strong></span> 
     </span>
     <span class='ocr_line' id='line_1_31' title="bbox 230 3296 1246 3385; baseline 0.004 -21"><span class='ocrx_word' id='word_1_281' title='bbox 230 3313 327 3367; x_wconf 75' lang='grc' dir='ltr'><strong><em>ναῖκα</em></strong></span> <span class='ocrx_word' id='word_1_282' title='bbox 340 3300 498 3385; x_wconf 82' lang='grc' dir='ltr'><strong><em>ἐπόθεεν,</em></strong></span> <span class='ocrx_word' id='word_1_283' title='bbox 519 3302 598 3385; x_wconf 81' lang='grc' dir='ltr'><strong><em>ἐμεῦ</em></strong></span> <span class='ocrx_word' id='word_1_284' title='bbox 611 3302 689 3367; x_wconf 88' lang='grc' dir='ltr'><strong><em>τάδε</em></strong></span> <span class='ocrx_word' id='word_1_285' title='bbox 703 3299 875 3385; x_wconf 81' lang='grc' dir='ltr'><strong><em>δεόμενος;</em></strong></span> <span class='ocrx_word' id='word_1_286' title='bbox 898 3297 915 3365; x_wconf 92' lang='lat'><em>6</em></span> <span class='ocrx_word' id='word_1_287' title='bbox 929 3300 965 3367; x_wconf 72' lang='grc' dir='ltr'><strong><em>δὲ</em></strong></span> <span class='ocrx_word' id='word_1_288' title='bbox 980 3296 1063 3381; x_wconf 84' lang='grc' dir='ltr'><strong><em>πρός</em></strong></span> <span class='ocrx_word' id='word_1_289' title='bbox 1073 3300 1157 3367; x_wconf 79' lang='grc' dir='ltr'><strong><em>τόδε</em></strong></span> <span class='ocrx_word' id='word_1_290' title='bbox 1169 3306 1246 3368; x_wconf 82' lang='grc' dir='ltr'><strong><em>έλε-</em></strong></span> 
     </span>
     <span class='ocr_line' id='line_1_32' title="bbox 232 3393 1291 3486; baseline 0.004 -25"><span class='ocrx_word' id='word_1_291' title='bbox 232 3420 289 3481; x_wconf 87' lang='grc' dir='ltr'><strong><em>γεν</em></strong></span> <span class='ocrx_word' id='word_1_292' title='bbox 305 3393 347 3473; x_wconf 82' lang='grc' dir='ltr'><strong><em>ὡς</em></strong></span> <span class='ocrx_word' id='word_1_293' title='bbox 363 3393 437 3462; x_wconf 85' lang='grc' dir='ltr'><strong><em>οὐδ’</em></strong></span> <span class='ocrx_word' id='word_1_294' title='bbox 454 3393 553 3474; x_wconf 82' lang='grc' dir='ltr'><strong><em>αὐτὸς</em></strong></span> <span class='ocrx_word' id='word_1_295' title='bbox 569 3396 611 3463; x_wconf 86' lang='grc' dir='ltr'><strong><em>ἀν</em></strong></span> <span class='ocrx_word' id='word_1_296' title='bbox 623 3423 698 3464; x_wconf 91' lang='grc' dir='ltr'><strong><em>κοτε</em></strong></span> <span class='ocrx_word' id='word_1_297' title='bbox 713 3399 872 3482; x_wconf 83' lang='grc' dir='ltr'><strong><em>γυναικός</em></strong></span> <span class='ocrx_word' id='word_1_298' title='bbox 886 3400 1038 3482; x_wconf 88' lang='grc' dir='ltr'><strong><em>ε’φείσατυ</em></strong></span> <span class='ocrx_word' id='word_1_299' title='bbox 1054 3394 1135 3465; x_wconf 76' lang='grc' dir='ltr'><strong><em>οὐδὲ</em></strong></span> <span class='ocrx_word' id='word_1_300' title='bbox 1146 3399 1247 3465; x_wconf 80' lang='grc' dir='ltr'><strong><em>παιδί</em></strong></span> <span class='ocrx_word' id='word_1_301' title='bbox 1290 3395 1291 3486; x_wconf 64' lang='grc' dir='ltr'><strong><em>ὴ</em></strong></span> 
     </span>
     <span class='ocr_line' id='line_1_33' title="bbox 231 3494 1248 3581; baseline 0.002 -20"><span class='ocrx_word' id='word_1_302' title='bbox 231 3500 391 3581; x_wconf 86' lang='grc' dir='ltr'><strong><em>σωτηρίης</em></strong></span> <span class='ocrx_word' id='word_1_303' title='bbox 407 3494 589 3579; x_wconf 84' lang='grc' dir='ltr'><strong><em>ἐφθόνεεν,</em></strong></span> <span class='ocrx_word' id='word_1_304' title='bbox 616 3501 646 3563; x_wconf 89' lang='grc' dir='ltr'><strong><em>εἰ</em></strong></span> <span class='ocrx_word' id='word_1_305' title='bbox 664 3502 722 3562; x_wconf 91' lang='grc' dir='ltr'><strong><em>καί</em></strong></span> <span class='ocrx_word' id='word_1_306' title='bbox 734 3498 769 3562; x_wconf 78' lang='lat' dir='ltr'><strong><em>oc</em></strong></span> <span class='ocrx_word' id='word_1_307' title='bbox 787 3502 946 3581; x_wconf 83' lang='grc' dir='ltr'><strong><em>μητρυιῆς</em></strong></span> <span class='ocrx_word' id='word_1_308' title='bbox 961 3494 1170 3581; x_wconf 78' lang='grc' dir='ltr'><strong><em>ἐπεθύμεεν·</em></strong></span> <span class='ocrx_word' id='word_1_309' title='bbox 1202 3495 1248 3563; x_wconf 83' lang='grc' dir='ltr'><strong><em>ού</em></strong></span> 
     </span>
    </p>
   </div>
   <div class='ocr_carea' id='block_1_5' title="bbox 0 0 1319 4092">
    <p class='ocr_par' dir='ltr' id='par_1_7' title="bbox 0 0 1319 4092">
     <span class='ocr_line' id='line_1_34' title="bbox 0 0 1319 4092; baseline 0 0"><span class='ocrx_word' id='word_1_310' title='bbox 0 0 1319 4092; x_wconf 95' lang='lat' dir='ltr'><strong><em> </em></strong></span> 
     </span>
    </p>
   </div>
  </div>
 </body>
</html>
