2625 4092
296 301 556 360 ETAIPIKOI
575 301 838 362 ΑΙΑΛΟΓΟΙ.
1007 297 1070 362 249

144 468 259 530 MHT.
283 459 436 541 Οὐκοῦν,
458 453 485 528 ώ
506 463 725 548 Μουσάριον,
748 461 808 530 ἐάν
832 461 1069 549 ὑποδήσασθαι

56 561 134 649 δέη,
153 555 236 626 καὶὸ
253 559 455 643 σκυτοτόμος
472 566 545 648 αίτή
563 560 598 626 τὸ
616 565 813 647 δίδραχμον,
829 565 972 646 ἐροῦμεν
985 557 1070 643 πρὸς

56 655 180 742 αὐτόν,
200 654 377 742 Ἀργύριον
398 659 461 743 μὲν
483 655 546 725 οὐκ
564 665 697 744 ἔχομεν,
720 657 764 726 σύ
786 658 821 726 δέ
842 666 910 726 τῶν
927 661 1070 726 ἐλπίδων

57 757 173 842 ὀλίγας
187 753 267 838 παρ’
284 755 380 842 ήμών
399 757 495 842 λαβέ·
524 758 579 823 καὶ
594 755 678 840 πρὸς
696 754 757 823 τδν
771 755 1009 842 ἀλφιτοπώλην
1029 754 1070 824 τά

59 852 161 921 αὐτά
186 857 240 922 καί
255 849 297 940 ήν
311 851 348 922 τδ
364 857 510 922 ἐνοίκιον
522 854 709 938 αἰτώμεθα,
726 860 944 940 Περίμεινον,
960 855 1071 940 φήσο-

57 978 137 1038 μεν,
155 948 221 1019 ἔστ’
235 948 278 1019 ἀν
291 951 401 1039 Λάχης
416 949 433 1019 ὁ
449 950 638 1030 Κολυττεὺς
650 951 825 1042 ἀποθάνῃ·
848 951 1070 1037 ἀποδώσομεν

58 1050 126 1134 γάρ
140 1069 190 1116 σοι
208 1049 288 1135 μετά
306 1049 385 1129 τοὺς
398 1051 534 1137 γάμους.
559 1048 621 1118 οὐκ
637 1052 780 1140 αίσχάνη
795 1051 883 1137 μόνη
897 1059 965 1118 τών
982 1053 1069 1118 ἑται-

59 1155 131 1233 ρών
145 1146 207 1215 οὐκ
232 1149 385 1236 ἐλλόβιον
407 1147 467 1234 οὐχ
489 1147 596 1235 ὅρμον
613 1147 654 1216 οὐ
669 1154 916 1232 ταραντινίδιον
932 1155 1069 1236 έχουσας

143 1255 173 1317 3.
194 1257 334 1317 ΜΟΤΣ.
362 1257 404 1318 Τί
415 1244 495 1336 οὖν,
512 1242 540 1317 ώ
559 1257 679 1337 μήτερς
705 1254 828 1318 ἐκεῖναι
841 1247 1075 1336 εὐτυχέστεραί

58 1375 126 1434 μου
142 1351 195 1416 καὶ
214 1357 369 1428 καλλίους
383 1357 483 1430 είσίν;

145 1455 258 1515 ΜΗΤ.
284 1447 373 1532 Οὔκ,
395 1447 479 1516 ἀλλά
501 1449 724 1532 συνετώτεραι
743 1451 796 1515 καὶ
819 1458 930 1516 ίσασιν
948 1451 1070 1529 ἑταιρί-

59 1551 137 1628 ζειν,
150 1541 228 1611 οὐδὲ
240 1546 433 1613 πιστεύουσι
445 1550 615 1632 ῥηματίοις
629 1548 684 1615 καὶ
695 1554 882 1623 νεανίσκοις
897 1544 949 1611 ἐπ’
961 1541 1069 1626 άκρου

60 1649 120 1708 τοῦ
137 1649 267 1726 χείλους
280 1641 358 1722 τοὺς
375 1641 498 1727 ὅρκους
513 1651 638 1730 έχουσι·
669 1642 711 1712 σύ
727 1647 763 1712 δέ
779 1643 808 1712 εἷ
827 1641 923 1728 πιστή
940 1644 995 1710 καὶ
1012 1649 1069 1726 φί-

58 1746 203 1824 λανδρος
218 1740 297 1811 οὐδὲ
312 1753 433 1830 προσίῃ
448 1744 552 1812 ἀλλον
567 1742 643 1813 τινά
661 1743 711 1812 ὅτι
726 1742 770 1832 μή
788 1746 895 1829 μόνον
906 1746 1067 1825 Χαιρέαν·

57 1841 114 1907 καὶ
129 1840 246 1930 πρώην
261 1843 322 1927 μὲν
337 1841 392 1910 ὅτε
408 1841 426 1910 ὁ
445 1843 591 1930 γεωργὸς
606 1841 622 1910 ὁ
638 1839 816 1930 Ἀχαρνεδς
830 1834 890 1928 ἧκε
906 1841 967 1908 δυό
982 1847 1068 1925 μνᾶς

57 1943 212 2023 κομίζων,
229 1937 378 2025 ἀγένειος
390 1944 445 2010 καί
458 1940 609 2020 αὐτός-
623 1953 720 2010 οίνου
731 1944 768 2010 δὲ
781 1938 880 2027 τιμήν
891 1937 1069 2026 ἀπειλήφει

57 2045 120 2104 τοῦ
137 2035 261 2119 πατρδς
281 2042 471 2125 πέμψαντος
485 2084 526 2095 -
541 2039 584 2109 σδ
605 2043 640 2110 δέ
662 2046 790 2110 ἐκείνου
807 2038 868 2125 μέν
884 2038 1068 2125 ἀπεμύκτι-

57 2157 135 2220 σας,
153 2138 332 2216 καθεύδεις
348 2139 384 2208 δλ
401 2139 481 2224 μετά
497 2131 557 2207 τοῦΙ
570 2139 748 2218 Ἀδώνιδος
765 2143 920 2222 Χαιρέου.

143 2240 283 2302 ΜΟΤΣ.
308 2243 351 2305 Τί
364 2232 444 2319 οάν;
467 2242 565 2325 ἐχρῆν
580 2242 728 2322 Χαιρεάν
742 2243 988 2316 καταλείψασαν
1003 2261 1069 2301 πα-

56 2336 261 2416 ραδέξασθαι
284 2337 344 2402 τδν
372 2339 515 2423 ἐργάτην
543 2340 672 2406 ἐκεῖνον
696 2338 859 2423 κινάβρας
884 2333 1068 2415 ἀπάξοντας

55 2435 146 2512 λείός
163 2461 232 2518 μοι,
250 2443 348 2521 φασί,
366 2439 510 2519 Χαιρέας
526 2440 580 2505 καὶ
594 2444 759 2523 χοιρίσκος
771 2434 972 2522 Ἀχαρνικός.
1087 2440 1139 2494 298

132 2539 207 2600 ΜΗ
210 2541 243 2599 Τ.
255 2532 375 2602 Ἔστω·
391 2549 516 2614 έκείνος
526 2533 682 2622 ἀγροῖκος
691 2538 745 2604 καί
755 2532 905 2620 πονηρὸν
915 2531 1066 2600 ἀποπνεῖ.

53 2641 88 2699 τί
113 2635 167 2699 καὶ
193 2631 397 2716 Ἀντιφῶντα
421 2631 481 2701 τδν
505 2637 745 2716 Μενεκράτους
769 2640 857 2718 μνάν
884 2629 1068 2717 ὑπισχνού-

53 2757 162 2817 μενον
181 2729 259 2800 οὐδὲ
279 2739 400 2800 τοῦτον
418 2736 531 2814 έδέξω;
555 2733 596 2800 οὐ
617 2733 717 2810 καλὸς
736 2725 779 2818 ήν
797 2734 851 2798 καί
870 2727 997 2808 ἀστεῖος
1014 2733 1068 2798 καὶ

53 2829 233 2916 ἡλικιώτης
250 2833 411 2913 Χαιρέους

142 2931 171 2995 4.
188 2933 328 2998 ΜΟΤΣ.
349 2927 436 2998 Ἀλλ’
453 2929 608 3018 ήπείλησε
622 2935 765 3015 Χαιρέας
780 2927 989 3011 ἀποσφάξειν
1003 2928 1069 3015 ἀμ-

53 3030 238 3111 φοτέρους.
256 3034 286 3095 εί
298 3030 396 3116 λάβοι
409 3034 452 3114 μέ
464 3057 543 3098 ποτε
556 3029 627 3116 μετ’
644 3028 758 3098 αὐτοῦ.

141 3130 255 3206 ΜΗΤ.
279 3127 385 3195 Πόσοι
402 3129 507 3197 δὲκαὶ
525 3129 619 3197 ἀλλοι
635 3137 739 3198 ταῦτα
755 3128 969 3211 ἀπειλοῦσινς
987 3130 1067 3198 οὐκ·

52 3229 121 3290 οῦν
140 3219 321 3319 ἀνέραστος
336 3222 378 3292 σδ
389 3242 499 3310 μενεῖς
514 3227 569 3294 διά
581 3238 680 3297 τοῦτο
692 3230 747 3297 καλ
762 3230 992 3315 σωφρονήσεις
1006 3258 1067 3298 κα-

51 3322 170 3405 θάπερ
187 3320 247 3409 οάχ
262 3326 390 3408 ἑταίρα,
413 3335 469 3412 τής
485 3327 520 3394 δὲ
535 3327 758 3413 Θεσμοφόρον
778 3326 880 3408 ίέρειά
899 3355 949 3406 τις
966 3322 1068 3409 οὔσας

51 3425 99 3488 dai
110 3413 223 3488 τάλλα.
246 3423 391 3508 τήμερον
408 3422 513 3492 Ἀλώά
529 3431 604 3494 ἐστι.
630 3434 662 3494 τί
674 3429 713 3493 δέ
727 3448 781 3494 σοι
797 3428 941 3494 δέδωκεν
955 3430 988 3507 ές
1005 3427 1068 3516 τήν

52 3545 194 3604 εορτηνς
