2625 4092
1294 216 1299 275 i

168 279 210 316 xiv
599 268 830 321 PRAEFATIO.

167 403 227 454 olim
248 396 342 455 πάντα
357 397 451 454 κάλων
463 395 588 457 έκίνουν.
605 409 674 458 idem
691 409 825 472 proposuit
834 406 958 463 Fritzseh.
974 407 1150 473 adAristoph.
1163 409 1256 462 theom.

166 487 192 538 p.
211 473 269 529 192.
305 490 329 527 ο.
350 473 382 526 13
406 465 461 524 κάκ
479 478 572 542 scripsi
589 469 649 527 'eum
668 476 745 526 Dind.
763 492 810 541 pro
829 471 887 526 καλ.
907 492 956 543 ego
974 476 1036 528 oiim
1055 478 1187 528 voiuemm
1208 475 1260 528 καλ

167 535 198 595 ir
232 559 256 594 ο.
276 543 308 593 18
326 535 380 608 τήν
399 555 458 594 ame
475 544 651 610 φιλοσοφίαν
670 562 702 596 ex
720 547 776 596 cod.
796 547 893 596 addidi.
930 563 954 596 ο.
968 548 1003 599 20
1019 536 1205 614 ἐβουλεύσατο
1223 536 1257 597 τό
1297 568 1298 617 3

165 607 242 678 περὶ]
263 613 397 663 articulum
416 622 519 665 auctore
535 615 634 666 Halmio
654 617 759 666 inserui.
797 632 820 665 ο.
834 617 869 666 22
888 605 1058 682 ἐπινοεῖται]
1074 606 1259 682 ἐπινενόηται

164 681 288 734 Halmius.
323 683 385 734 ibid.
405 674 567 750 καιόμενος]
592 677 732 748 καόμενος
751 683 826 735 Dind.
864 702 885 735 ο.
905 686 940 736 24
959 683 1054 735 καίτοι
1072 700 1100 735 τι
1121 702 1179 738 eum
1198 689 1259 738 eod.
1297 692 1298 697 ’

164 760 267 803 auctore
283 751 431 803 Lehmanno
448 768 494 819 pro
510 749 559 803 καὶ
575 752 606 802 τί
632 754 693 805 ibid.
709 744 758 804 έπὶ
774 746 903 818 κεφαλήν
922 770 980 805 cum
997 756 1054 806 eod
1071 756 1103 805 de
1118 771 1176 806 mea
1188 758 1257 811 coni.

163 838 211 888 pro
229 809 277 872 ἐπὶ
295 818 421 887 κεφαλῆς
456 839 479 874 ο.
499 825 533 874 25
551 820 694 889 καίονται]
713 815 834 873 κάονται
852 825 887 873 id.
924 840 947 876 ο.
965 824 1000 876 26
1016 816 1106 882 κακός
1128 834 1187 876 ente
1206 840 1258 874 κα-
1297 834 1298 837 ’

163 887 220 948 urbe
239 905 297 940 cum
317 893 374 942 eod.
394 891 483 942 addidi
501 893 533 943 de
544 893 676 944 Fritzschii
695 895 763 944 coni.
799 893 862 946 ibid.
875 882 912 944 άν
927 904 987 958 post
1004 885 1102 959 χάριεν
1121 910 1180 945 cum
1196 897 1257 950 eod.

164 951 1258 1099 iirbmiriibbrpieriis·iiiiiirririiirr:

164 1111 217 1148 σαν
236 1099 271 1148 id.
304 1115 326 1154 ο.
347 1099 381 1151 33
393 1067 495 1167 ηρόαν]
513 1046 613 1166 χροιά]
627 1103 663 1150 id.
692 1117 714 1150 c.
729 1069 943 1168 4οέωράκέναι]
960 1091 1108 1165 ἑορακέναι
1121 1104 1158 1156 id.
1188 1119 1211 1156 ο.
1220 1104 1255 1154 41

164 1158 322 1238 ἐπᾴσεσθαι
346 1184 402 1218 curn
430 1171 487 1222 eod.
511 1172 595 1235 recepi
619 1185 666 1235 pro
691 1159 883 1236 ἐπαγαγέσθαι
924 1171 987 1222 ibid.
1010 1161 1255 1239 ἀναστησομένας]

164 1227 439 1304 όνασταθησομένας
457 1238 538 1289 Halm.

232 1307 316 1372 Fupr'i.
337 1308 387 1359 el
407 1297 562 1371 ἑωρακέναι
576 1299 742 1374 καιόμενον]
758 1297 907 1373 ἑορακέναι
925 1301 1068 1374 καόμενον
1083 1310 1161 1366 Diui.
1199 1313 1256 1362 eb

163 1367 302 1426 ἰάσασθαι
324 1393 380 1428 eum
401 1378 460 1432 eod.
479 1379 595 1430 revocavi
613 1394 661 1446 pro
680 1369 814 1428 ἰάσεσθαι
849 1396 871 1434 ο.
890 1381 908 1431 6
928 1371 980 1428 τόν
997 1370 1116 1499 γαλινὸν
1133 1373 1194 1448 καί]
1220 1382 1256 1431 ita

163 1449 214 1497 iarn
230 1461 287 1496 cum
304 1447 362 1498 eod.
383 1446 415 1497 de
434 1463 492 1498 mea
510 1449 576 1500 roni.
594 1449 687 1513 scripsi
704 1463 752 1514 pro
773 1439 824 1498 τόν
841 1440 960 1513 χαλινόν
978 1463 995 1498 ο
1008 1440 1044 1501 όν
1061 1445 1157 1500 τεκαὶ
1192 1451 1255 1502 ibid.

162 1507 311 1582 Νεγρέοις]
333 1513 489 1581 Νεχραίοις
509 1519 546 1572 id.
582 1517 643 1571 ibid.
666 1513 764 1585 βιοάσί
780 1532 810 1567 τε
846 1515 944 1586 βιοῦσί
964 1534 995 1586 γε
1020 1520 1089 1568 idem
1113 1521 1254 1572 revocavit.

162 1601 184 1636 ο.
202 1577 392 1653 reinciperet]
416 1577 552 1651 καόμενοι
573 1586 609 1640 id.
644 1587 706 1641 ibid.
721 1601 786 1637 καιο
841 1587 885 1655 ου]
905 1583 1048 1655 καομένου
1071 1589 1108 1642 id.
1145 1607 1169 1639 ο.
1185 1588 1204 1639 8
1222 1580 1254 1637 δ’

162 1639 216 1706 οόν
235 1655 330 1721 scripsi
347 1669 394 1720 pro
411 1653 482 1720 γοῦν
518 1657 578 1707 ibid.
597 1645 751 1721 Εὔμολπος
767 1655 817 1707 καλ
835 1673 893 1708 eum
911 1659 968 1710 eod.
986 1675 1033 1726 pm
1052 1647 1207 1723 Εὔμολπός
1224 1673 1255 1708 τε

162 1719 211 1774 καλ
253 1741 275 1776 ο.
306 1723 338 1774 13
363 1715 551 1792 ὁρμήσαντες]
577 1715 744 1792 ὁρμίσαντες
766 1727 803 1777 id.
830 1727 970 1778 Gesner-um
991 1742 1125 1794 sequutus.
1171 1745 1194 1778 ο.
1221 1728 1254 1779 18

162 1792 269 1861 ποιεῖν]
289 1789 386 1844 δοκεῖν
408 1794 491 1844 Halm.
529 1812 550 1845 ο.
572 1795 604 1846 10
624 1783 720 1860 εὕροις
741 1783 792 1862 riv]
814 1784 852 1846 άν
871 1813 929 1848 rum
949 1799 1026 1850 Dind.
1046 1801 1077 1850 de
1101 1816 1159 1851 mea
1185 1801 1252 1851 coni.

162 1865 259 1917 addidi.
296 1863 355 1913 ibid.
374 1855 476 1931 χρόαν]
495 1856 597 1929 χροιάν
614 1866 650 1916 id.
687 1882 710 1914 ο.
725 1864 758 1917 21
777 1856 829 1915 τόν
847 1876 906 1917 ante
922 1859 1015 1918 πόνον
1032 1877 1135 1921 auctore
1149 1870 1250 1921 Halmio

162 1933 258 1986 addidi.
287 1948 310 1982 ο.
320 1934 355 1983 22
373 1924 446 1998 πρός
461 1925 513 1983 τόν
530 1924 706 1998 empireum
723 1935 801 1986 Dind.
818 1937 1088 1988 deceniLehmanni
1105 1955 1152 2004 pro
1170 1931 1251 2004 παρά
1297 1982 1298 1985 ,

161 1993 212 2053 τόν
234 1992 345 2066 καιρόν.
364 2002 445 2054 Halm.
462 1995 534 2054 κατά
552 1995 603 2074 τόν
619 1994 722 2066 καιρόν
757 2020 779 2057 ο.
798 2005 833 2056 26
852 1999 986 2072 γινέσθω]
1006 2001 1147 2072 γιγνέσθω
1171 2009 1249 2060 Dind.

160 2073 221 2122 ibid.
237 2059 326 2139 όπως]
347 2068 407 2128 πάς
421 2073 457 2122 id.
494 2089 514 2124 ο.
529 2073 563 2124 29
574 2065 721 2139 Ἡράκλεις
738 2084 876 2138 praeeunte
892 2077 949 2127 eod.
968 2068 1160 2142 φσοἯρακλες
1178 2079 1248 2132 dedi.

162 2143 241 2191 itaet
264 2141 330 2191 inira
349 2157 371 2191 ο.
389 2141 432 2192 32.
472 2142 532 2193 ibid.
551 2133 612 2210 Νὴ]
633 2138 714 2207 Νηδλ
734 2143 770 2194 id.
807 2159 831 2193 ο.
850 2143 884 2196 33
903 2140 961 2195 ded
980 2143 1087 2214 κακῶν]
1113 2143 1172 2198 Φεά
1190 2145 1249 2198 τῶν

160 2206 256 2260 κακῶν
266 2211 302 2260 id.
319 2211 379 2260 ibid.
390 2201 513 2278 ὀττοτοῖ]
524 2200 666 2263 ότοτοῖὶο.
685 2211 746 2262 ibid.
757 2205 955 2282 παπαιπαιάξ]
966 2218 1065 2265 παπαί
1071 2207 1201 2278 παπαιάξ
1213 2220 1249 2268 id.

230 2279 362 2360 ξοίατηαί.
386 2297 408 2330 ο.
430 2280 443 2331 l
464 2270 559 2361 άγράν
581 2283 641 2333 dedi
659 2297 725 2360 cum!
737 2281 826 2335 Lehm.
847 2292 873 2333 et
892 2284 967 2334 Dind.
988 2286 1020 2368 de
1039 2285 1163 2366 Goufierii
1181 2290 1246 2368 donis,

161 2346 896 2486 ibiibi„tibitibiiffiissiibfflbi.
912 2347 1249 2476 bididl'blffiii
1297 2454 1298 2493 ᾗ

161 2489 285 2538 sententia
300 2489 394 2553 scripsi
412 2503 458 2554 pro
477 2487 684 2540 καθίστασθαι.
701 2491 798 2540 ducunt
814 2508 844 2541 eo
862 2494 973 2559 vestigia
987 2495 1094 2548 codicis.
1122 2510 1144 2544 ο.
1159 2496 1175 2549 3
1194 2486 1249 2562 ἐγώ
1297 2498 1298 2535 i

160 2555 231 2623 γοῦν
255 2566 360 2608 auctore
376 2557 451 2609 Dind.
474 2574 522 2624 pro
544 2552 627 2624 ἔγωγ’
646 2545 699 2611 οὖν
734 2575 758 2610 ο.
776 2562 796 2610 4
816 2546 920 2630 τᾶθλα]
944 2553 981 2613 τά
1004 2549 1083 2614 άθλα
1104 2565 1141 2618 id.
1183 2569 1249 2616 eb
1297 2566 1298 2587 ³

161 2619 272 2693 έφεῖτο,
293 2627 421 2678 Sehaeferi
439 2629 654 2690 emendationem,
674 2645 731 2679 cum
749 2629 806 2679 eod.
825 2633 911 2696 recepi
925 2647 973 2697 pro
988 2621 1083 2697 έφίετο
1119 2650 1142 2689 ο.
1163 2630 1249 2686 brai
1297 2624 1298 2661 ³

160 2689 245 2749 τοῦτό
259 2687 289 2762 γ’
309 2684 346 2747 άν
365 2695 422 2763 εἴη]
445 2694 494 2748 καὶ
511 2694 539 2750 εί
557 2694 641 2750 τοῦτο
660 2695 762 2765 μανείη
782 2698 819 2752 id.
854 2700 916 2754 ibid.
933 2692 962 2750 δ’
983 2710 1042 2767 post
1063 2699 1124 2761 παῖς
1143 2716 1249 2755 auctore
1297 2716 1298 2721 ’

160 2767 299 2819 Fritzsehio
316 2776 340 2818 et
355 2768 453 2819 Halmio
471 2768 570 2825 addidi.
605 2768 667 2822 ibid.
684 2759 815 2833 άφείλετο
832 2770 894 2820 oiim
910 2774 982 2822 uncis
1000 2772 1161 2826 inclusorem.
1189 2791 1213 2829 ο.
1232 2778 1247 2823 7

160 2838 221 2895 τοῖς
237 2845 295 2887 ante
310 2827 473 2902 ἡλικιόταις
488 2841 562 2890 eiecit
572 2838 649 2893 Dind.
688 2856 708 2889 c.
720 2837 737 2888 8
748 2829 781 2887 τό
796 2849 855 2903 post
867 2836 979 2901 είκαζον
995 2858 1053 2892 eum
1070 2843 1127 2893 eod.
1144 2843 1249 2894 demea
1297 2844 1298 2865 ³

160 2908 226 2958 coni.
242 2906 339 2956 addidi.
368 2907 429 2957 ibid.
441 2895 511 2959 ὄντα
526 2923 584 2958 eum
602 2909 660 2960 eod.
676 2923 734 2958 rere
755 2910 764 2957 i
782 2923 828 2972 pro
845 2899 929 2960 ἕόντα
962 2912 1023 2962 ibid.
1039 2903 1127 2963 ὁοιιιε
1142 2901 1247 2970 άθλιος

161 2991 219 3026 oum
238 2976 296 3028 eod.
317 2974 349 3025 de
364 2991 423 3027 mee
437 2978 503 3028 coni.
522 2977 619 3028 addidi.
656 2992 679 3031 ο.
698 2976 716 3027 9
733 2921 781 3028 iad
796 2972 833 3024 τ’
847 2969 933 3046 ἑορτῇ
951 2970 1188 3047 ἐλευθεριάζωμεν
1207 2999 1247 3032 re-

160 3046 217 3172 si
230 3035 1070 3180 irriderisbi:biirizimiiiirrd·
1090 3047 1245 3116 νυνί
1297 3056 1298 3059 ψ

229 3183 333 3236 Ordior.
353 3200 374 3233 ο.
395 3184 429 3236 10
446 3181 504 3234 τοῖν
523 3194 581 3234 rnre
605 3181 734 3250 ποιητῶν
753 3186 847 3239 delevit
862 3189 900 3242 id.
942 3207 965 3240 ο.
986 3191 1017 3240 11
1043 3182 1246 3256 προσπελάζειν

160 3269 218 3305 eum
235 3254 293 3304 eod.
312 3254 397 3318 recepi
413 3269 460 3319 pro
479 3246 674 3320 προσεικάζειν
710 3273 733 3310 ο.
752 3257 784 3306 12
801 3248 841 3321 μὴ
859 3268 917 3308 ante
935 3250 1028 3325 μάτην
1044 3276 1102 3310 eum
1122 3260 1181 3312 eod.
1198 3259 1245 3310 So-

160 3323 218 3374 Ιεοο
236 3330 338 3373 auctore
356 3322 452 3375 addidi.
494 3341 518 3376 ο.
537 3323 571 3376 16
595 3314 821 3393 άναγινωσκέτω]
845 3317 1075 3394 άναγιγνωσκέτω
1098 3331 1135 3384 id.
1161 3331 1197 3380 ite
1221 3343 1245 3380 er

160 3409 182 3442 e.
204 3391 246 3443 18.
274 3407 297 3443 ο.
315 3393 348 3442 17
367 3389 464 3444 πεττοὶ
478 3403 616 3461 praeeunte
634 3397 692 3446 eod.
711 3410 759 3460 pm
777 3393 878 3447 πεσσολ
902 3398 963 3450 ibid.
982 3391 1245 3462 παραπετέσθωσαν
1297 3440 1298 3447 ,

156 3463 243 3530 recepi
260 3462 292 3512 de
301 3463 410 3512 iecobsii
418 3465 484 3515 orni.
494 3477 541 3529 pro
555 3457 846 3530 παραπεμπέσθωσαν
869 3483 890 3517 α.
903 3467 936 3520 18
946 3459 994 3518 ἐπὶ
1005 3465 1075 3518 πάσι
1085 3470 1159 3519 eiecit
1167 3469 1245 3520 Dind.
1297 3470 1299 3537 ζ

230 3530 312 3595 Epiri
330 3530 387 3584 Sat.
409 3549 431 3588 ο.
451 3533 483 3585 19
502 3523 660 3585 ένεστοότων
674 3551 732 3586 cum
748 3537 805 3590 eod.
823 3541 941 3588 revocavi
955 3552 1004 3603 pm
1018 3527 1145 3588 ἕστατον
1171 3555 1197 3592 ο.
1210 3539 1246 3592 23
1297 3542 1298 3545 ’
