2625 4092
218 269 281 331 316
570 267 874 327 AOYKIANOY

218 435 393 516 φροντίδες
409 435 446 498 αί
464 433 537 513 περὶ
554 428 684 496 τούτων
700 425 742 493 ού
759 433 888 513 μικραί,
910 424 986 495 ἄλλ’
1001 426 1130 514 άνάγκη
1144 431 1213 496 ἐτα-

216 543 381 618 γρυπυεῖν
395 530 561 612 ἑκάστοις,
577 528 621 613 μή
637 554 668 592 τι
684 522 888 611 ὑοίκονόμος
902 521 1124 613 βλακεύσαςῆ
1139 523 1215 611 ὑφε·

217 628 357 712 λόμενος
366 630 466 714 λάθη,
482 628 526 712 μη
538 625 555 694 ὁ
567 625 656 702 οἶνος
668 623 809 713 ὀξυνθῇ,
825 623 868 710 μὴ
880 623 899 692 ὁ
911 641 1000 704 σῖτος
1011 628 1129 711 φθειρὶ
1140 628 1217 712 ζέση,
1281 624 1282 633 ’

216 721 238 811 ἢ
252 724 270 791 ὑ
282 724 402 814 ληστὴς
415 725 577 812 ὑφέληται
591 723 631 792 τά
645 721 838 808 ἐκπώματα,
852 721 896 808 μη
912 724 1073 810 πιστεύσῃ
1084 739 1153 802 τοῖς
1163 745 1219 790 σν-

218 823 400 907 κοφάνταις
424 820 441 888 ὁ
465 828 567 908 δῆμος
590 824 725 907 λέγουσι
749 835 931 902 τυραννεῖν
954 818 1060 887 αὐτὸν
1082 822 1218 887 ἐθέλειν.

218 926 320 987 ταῦτα
343 921 378 987 δὲ
399 920 506 987 πάντα
527 917 606 988 ούδδ
628 917 664 986 τὸ
684 914 872 985 πολλοστὸν
899 914 943 985 άν
965 927 1014 1003 εἴη
1037 921 1140 1004 μέρος
1159 924 1220 984 τῶν

219 1016 393 1085 άνιάντων
407 1016 548 1095 αύτούς·
576 1023 607 1085 εί
621 1023 707 1101 γοῦν
722 1012 908 1101 ἠπίστασθε
929 1014 1007 1094 τούς
1024 1015 1156 1101 φόβους
1172 1017 1222 1080 καὶ

218 1113 276 1193 τάς
290 1121 450 1200 μερίμνας
464 1111 503 1193 δὶς
514 1120 642 1201 ἔχουσι,
659 1114 751 1180 πάνυ
762 1109 806 1179 άν
820 1110 900 1199 ὑμῖν
912 1111 1105 1198 φευκτέονὸ
1120 1122 1223 1182 πλού-

219 1239 273 1289 τος
287 1217 408 1290 ἔδοξεν.
431 1217 481 1281 27.
501 1214 574 1280 ἐπεί
587 1238 638 1278 τοι
653 1222 716 1279 οίει
728 1237 768 1297 με
780 1209 884 1278 αύτόυ
899 1210 1005 1289 ούτως
1015 1211 1058 1277 άυ
1074 1236 1157 1278 ποτε
1169 1236 1223 1278 κο-

220 1318 455 1397 ρυβαντιᾶσαι,
475 1307 518 1387 ὡς
531 1315 561 1377 εί
572 1301 729 1393 καλόνῆν
740 1305 777 1375 τδ
789 1317 947 1375 πλουτεῖν
958 1311 1012 1376 καί
1023 1308 1224 1395 βασιλεύειν,
1284 1345 1285 1349 =

220 1407 348 1491 άφέντα
369 1402 412 1472 άν
428 1404 512 1473 αὐτά
536 1408 591 1473 καὶ
612 1406 900 1490 παραχωρήσαντα
920 1405 1031 1485 ἄλλοις
1052 1412 1226 1491 καθῆσθαι

150 1522 202 1576 409
221 1504 435 1572 ίδιωτεύοντα
453 1505 507 1570 καὶ
524 1500 702 1587 ἀνέχεσθαι
718 1499 776 1569 ὑπ’
794 1500 882 1592 άλλφ
899 1502 1122 1588 ταττόμενον;
1145 1499 1226 1569 ἀλλὰ

219 1598 258 1668 τά
279 1598 386 1667 πολλὰ
407 1609 511 1667 ταῦτα
536 1601 648 1685 εἰδούς,
680 1597 703 1666 ά
727 1614 794 1677 τοῖς
818 1606 989 1677 πλουσίοις
1010 1602 1066 1667 καὶ
1087 1599 1227 1685 άρχουσι

219 1714 391 1783 προσεῖναι
408 1695 554 1784 ἀνάγκη,
571 1697 685 1784 άφηκα
700 1698 762 1784 τὴν
778 1696 884 1784 ἀρχὴν
898 1691 938 1765 εὑ
954 1705 1071 1764 ποιῶν.
1104 1704 1157 1766 28.
1176 1699 1229 1764 καὶ

218 1800 281 1882 γὰρ
297 1795 397 1866 άνῦν
413 1803 553 1866 ἐποτνιώ
569 1799 651 1880 πρός
667 1824 724 1884 με,
747 1795 790 1876 ὡς
803 1797 883 1876 τούς
897 1797 959 1882 μὲν
978 1793 1051 1863 ὑων
1069 1799 1127 1864 καὶ
1143 1805 1228 1864 πλα-

219 1897 374 1963 κούντων
388 1898 681 1982 ἐμφορουμένους,
697 1893 783 1981 ὑμᾶς
801 1899 836 1964 δὲ
849 1896 1023 1981 κάρδαμον
1039 1891 1231 1981 ἦθύμονῆ
1287 1974 1288 1993 ,

219 1994 395 2079 κρόμμυον
410 1993 651 2080 ἐπιτρύγοντας
667 1997 705 2061 ἐν
719 2001 758 2082 τῇ
770 1996 883 2081 ἑορτῇ,
900 1999 1019 2072 σκέψαι
1030 1991 1132 2060 ὁποῖά
1144 1995 1231 2060 ἐστι·
1287 1998 1288 2007 ’

219 2087 302 2173 πρὸς
317 2088 456 2176 μὲνγὰρ
471 2091 509 2158 τὸ
527 2089 637 2174 παρὸν
656 2088 723 2176 ἡδύ
740 2093 796 2158 καὶ
812 2089 874 2157 ούκ
895 2090 1036 2174 άνιαρόν
1054 2101 1136 2171 ἴσως
1150 2091 1231 2159 ἐκά-

218 2212 316 2271 τερον
333 2185 460 2273 αὐτῶν,
482 2187 566 2270 πρδς
581 2191 616 2256 δὲ
630 2185 671 2254 τὰ
692 2186 772 2274 μετά
787 2196 891 2256 ταῦτα
909 2195 1050 2276 ἔμπαλιν
1065 2189 1234 2273 άυαστρέ-

219 2311 316 2370 φεται
335 2282 371 2350 τὸ
389 2294 533 2372 πρᾶγμα.
568 2285 635 2354 εἶτα
656 2284 750 2373 ὑμεῖς
774 2287 836 2373 μὲν
857 2285 935 2354 ούτε
956 2294 1235 2375 καρηβαροῦντες

219 2381 408 2469 άνασταίητ’
428 2379 472 2450 άν
487 2387 521 2462 ἐς
541 2383 603 2470 τὴν
623 2383 803 2467 ὑστεραίαν
820 2383 931 2469 ὥσπερ
947 2389 1067 2455 ἐκεῖνοι
1085 2383 1155 2454 ὑπὸ
1177 2395 1235 2471 τῆς

219 2485 323 2568 μέθης
352 2482 428 2550 οὔτε
450 2481 516 2550 ὑπὸ
542 2491 599 2569 τῆς
620 2482 708 2568 άγαν
729 2493 921 2569 πλησμονῆς
944 2489 1091 2563 δυσωδές
1119 2513 1154 2554 τι
1181 2491 1236 2553 καὶ

219 2582 494 2665 καπνωδέστερον
520 2584 780 2667 ἐρυγγάνοντες·
814 2587 848 2650 οἱ
869 2583 905 2650 δὲ
928 2585 1058 2651 τούτων
1080 2610 1119 2651 τε
1143 2582 1237 2652 ἄπο·

218 2681 360 2749 λαύουσι
377 2682 432 2749 καὶ
448 2679 484 2748 τὸ
502 2680 589 2750 πολύ
605 2689 662 2767 τῆς
682 2679 805 2759 νυκτὸς
824 2677 975 2767 ἢπαισὶυ
995 2678 1197 2769 ἢγυναιξὶυ
1218 2711 1237 2769 η

219 2777 308 2858 ὅπως
327 2777 406 2847 άνὸ
429 2781 550 2866 τράγος
567 2783 686 2870 κελεύη
704 2784 1000 2867 συναναφνρέντες
1020 2778 1043 2867 ἢ
1065 2781 1195 2868 φθόην
1219 2811 1236 2866 η

218 2874 534 2965 περιπνευμονίανῆ
546 2877 669 2962 ὕδερον
680 2879 722 2947 ού
732 2889 881 2965 χαλεπῶς
893 2882 1114 2960 ουνελέξαυτο
1126 2883 1169 2948 ἐκ
1180 2890 1239 2966 της
1288 2912 1289 2915 ’

218 2982 342 3060 πολλῆς
361 2985 498 3062 τρυφῆς.
529 2973 551 3063 ἢ
569 2985 642 3046 τίνα
662 2975 706 3045 άν
724 2976 836 3044 αύτών
851 2982 972 3067 ῥηιδίως
988 2983 1090 3058 δεῖξαι
1108 2981 1240 3047 δύναιο

218 3071 263 3159 μὴ
278 3074 411 3153 πάντως
428 3073 536 3162 άχρόν
556 3076 637 3144 ὄντα
657 3074 745 3144 πολύ
766 3075 804 3144 τὸ
821 3081 986 3161 νεκρῶδες
1002 3081 1239 3164 ἐμφαίνοντας

218 3179 292 3240 τίνα
308 3175 343 3240 δὲ
361 3177 393 3251 ἐς
405 3183 509 3260 γῆρας
526 3172 734 3260 άφικόμευου
751 3190 819 3254 τοῖς
832 3174 938 3242 αὑτοῦ
954 3186 1067 3260 ποσίν,
1083 3175 1180 3246 ἀλλὰ
1195 3176 1239 3263 μη

219 3272 374 3356 φοράδην
385 3273 437 3339 ἐπὶ
448 3273 613 3355 τεττάρων
626 3271 824 3359 ὀχούμενον,
834 3271 1021 3360 ὁλόχρυσον
1030 3278 1093 3361 μὲν
1103 3274 1145 3344 τά
1161 3281 1240 3359 ἔξω,
1288 3322 1289 3357 ,

219 3370 437 3455 κατάρραφον
451 3373 487 3437 δὲ
501 3370 540 3437 τὰ
559 3376 674 3457 ἔνδον,
693 3371 805 3455 ὥσπερ
821 3377 858 3440 αί
869 3377 1022 3459 τραγικαὶ
1037 3377 1187 3460 ἐσθῆτες
1204 3378 1241 3440 ἐκ
1288 3364 1289 3421 Ῑ

219 3468 332 3547 ῥακῶν
343 3467 435 3534 πάνυ
447 3467 591 3536 εύτελών
601 3475 922 3559 συγκεκαττνμέναις
943 3470 1037 3558 ὑμεῖς
1049 3474 1084 3541 δὲ
1097 3477 1241 3559 ίχθύων
