2625 4092
284 271 367 327 ΔΙΣ
385 268 879 328 ΚΑΤΗΓΟΡΟΤΜΕΝΟΣ
1046 264 1088 329 19

75 456 135 516 την
150 438 279 513 κρίσιν,
301 425 384 496 ἀλλά
407 427 529 513 καινὴν
543 430 598 496 καὶ
613 428 728 512 ξένην,
747 431 841 512 χθές,
864 426 975 510 ὥσπερ
992 433 1086 514 ἔφης,

73 529 341 614 ἐπηγγελμένην,
369 528 424 595 καί
444 523 481 593 τό
506 528 647 606 ἐλπίζειν
671 524 878 594 ἀκούσεσθαι
901 523 1087 612 Ῥητορικῆς

73 626 136 710 μὲν
153 629 207 693 καὶ
222 626 397 712 Διαλόγου
411 628 448 693 ἐν
465 632 510 714 τῷ
532 627 624 711 μέρει
640 624 936 711 κατηγορούντων,
960 623 1087 693 ἀπολο-

73 729 244 810 γουμένου
259 727 295 792 δέ
315 721 399 804 πρὸς
422 722 632 811 ἀμφοτέρους
647 731 710 791 τού
725 723 860 809 Σύρου,
884 732 983 791 τοῦτο
1001 733 1087 792 πολ-

73 824 154 901 λούς
168 823 312 909 ἐπήγαγε
327 830 373 912 τῷ
389 827 597 914 δικαστηρίῳ.
625 821 715 908 πλὴν
729 821 812 891 ἀλλά
829 822 926 907 ἀρξαι
944 824 1040 910 ποτέ,
1056 813 1085 889 ἀ

66 921 256 1008 Ῥητορική,
270 927 338 988 τόν
355 920 476 1006 λόγων.

157 1040 207 1103 26.
223 1040 467 1104 PHTOPIKH.
483 1042 627 1117 Πρῶτον
637 1038 716 1120 μέν,
729 1027 756 1100 ὦ
768 1031 888 1115 ἀνδρες
900 1030 1083 1119 Ἀθηναῖοι,

73 1147 140 1211 τοῖς
150 1143 244 1210 θεοῖς
257 1130 395 1218 εὔχομαι
409 1141 491 1200 πᾶσι
500 1135 555 1200 καὶ
566 1134 698 1212 πάσαις,
713 1130 798 1218 ὅσην
812 1128 951 1199 εύνοιαν
962 1137 1084 1218 ἔχουσα

72 1237 211 1300 διατελῶ
226 1239 266 1320 τῇ
280 1257 315 1298 τε
335 1231 431 1300 πόλει
451 1234 507 1300 καί
521 1240 624 1299 πᾶσιν
637 1229 735 1316 ὑμίν,
755 1228 922 1315 τοσαύτην
936 1226 1082 1314 ὑπάρξαι
1099 1239 1154 1295 8²4

72 1357 129 1418 μοι
145 1327 225 1415 παρ’
248 1328 344 1416 ὑμῶν
362 1332 395 1408 ές
409 1332 543 1398 τουτονὶ
557 1329 619 1396 τὰν
633 1328 765 1415 ἀγῶνα,
791 1325 902 1395 ἔπειθ’
919 1325 1000 1412 ὅπερ
1015 1330 1082 1397 ἐστὶ

71 1427 214 1514 μάλιστα
235 1432 382 1505 δίκαιον,
413 1435 513 1496 τοῦτο
533 1433 743 1512 παραστῆσαι
763 1423 843 1504 τούς
863 1423 967 1503 θεούς
989 1423 1080 1511 ὑμῖν,

70 1524 131 1593 τόν
144 1525 208 1612 μέν
220 1523 391 1594 ἀντίδικον
406 1532 537 1593 σιωπᾶν
550 1525 717 1609 κελεύειν,
732 1525 788 1608 ἐμὲ
804 1525 856 1609 δέ,
873 1519 917 1601 ὡς
931 1523 1081 1612 προῄρη-

70 1651 130 1710 μαι
147 1625 201 1692 καλ
218 1623 441 1710 βεβούλημαι,
458 1620 519 1708 τὴν
537 1627 740 1708 κατηγορίαν
754 1624 848 1690 ἐᾶσαι
865 1621 1080 1707 ποιήσασθαι.

70 1719 143 1808 ούχὶ
158 1722 195 1790 δὲ
210 1720 314 1790 ταύτά
330 1730 529 1805 παρίσταταί
539 1748 596 1809 μοι
617 1719 837 1807 γιγνώσκειν,
858 1717 940 1789 ὅταν
954 1745 989 1786 τε
1012 1713 1082 1797 ἐςά

70 1823 226 1890 πέπονθα
243 1818 421 1909 ἀποβλέψω
436 1824 490 1888 καὶ
502 1819 584 1888 ὅταν
599 1823 631 1898 ἐς
645 1820 724 1896 τούς
738 1818 860 1903 λόγους
875 1814 935 1896 οὓς
949 1814 1080 1886 ἀκούω·

69 1919 148 1999 τούς
163 1922 225 2006 μέν
239 1918 303 2006 γάρ
321 1921 443 2007 λόγους
460 1917 504 1998 ὡς
525 1918 743 2007 ὁμοιοτάτους
756 1933 824 1996 τοῖς
839 1919 929 2003 έμολς
945 1914 1004 1994 ούς
1018 1913 1082 1983 αύ-

68 2018 125 2098 τδς
140 2022 210 2105 έρεῑ
221 2017 305 2102 πρὸς
319 2017 420 2104 ὑμᾶς,
439 2016 479 2086 τά
492 2021 529 2086 δέ
542 2018 721 2103 πράγματα
731 2019 764 2094 ές
774 2023 873 2083 τούτο
888 2013 1081 2101 προήκοντα

68 2117 212 2200 ὄψεσθε,
236 2116 320 2184 ὥστε
341 2115 432 2195 ὅπως
451 2115 496 2203 μὴ
516 2117 629 2202 χεῖρόν
645 2143 677 2183 τι
700 2123 855 2198 πείσομαι
875 2110 959 2197 πρὸς
974 2111 1080 2180 αὐτοῦ

69 2225 259 2296 σκεψασθαι
276 2217 362 2282 δέον.
391 2213 475 2284 ἀλλά
493 2212 558 2301 γὰρ
581 2217 638 2281 ἵνα
659 2212 703 2300 μὴ
724 2211 835 2299 μακρά
856 2213 1081 2298 προοιμιάζω-

67 2342 144 2401 μαι,
161 2320 223 2381 τοῦ
238 2312 359 2391 ὕδατος
372 2315 475 2381 πάλαι
492 2320 561 2399 είκῆ
576 2317 728 2400 ῥέοντος,
747 2310 886 2397 ἀρξομαι
902 2318 960 2398 τῆς
978 2337 1081 2398 κατη-

67 2419 192 2496 γορίας.

66 2608 242 2694 μειράκιον
258 2606 356 2694 ὄντα,
371 2609 547 2696 βάρβαρον
560 2614 607 2676 ἐτι
621 2607 685 2695 τήν
696 2605 817 2693 φωνὴν
828 2609 883 2674 καί
897 2605 1079 2691 μονονουχὶ

66 2707 200 2774 κάνδυν
215 2707 416 2774 ἐνδεδυκότα
431 2709 464 2785 ἐς
480 2703 541 2773 τόν
557 2703 737 2790 Ἀσσύριον
756 2705 900 2788 τρόπον,
925 2704 1000 2784 περὶ
1015 2699 1078 2787 τήν

62 2802 192 2872 Ἰωνίαν
207 2802 353 2889 εὑροῦσα
368 2803 576 2890 πλαζόμενον
591 2810 638 2871 ἔτι
653 2806 708 2872 καὶ
722 2801 744 2871 ό
757 2830 787 2870 τι
801 2800 958 2888 χρήσαιτο
970 2801 1078 2889 ἐαυτῷ

67 2903 130 2971 οὐκ
148 2902 257 2971 είδότα
273 2909 514 2990 παραλαβοῦσα
528 2905 723 2970 ἐπαίδευσα·
745 2904 800 2970 καί
815 2903 883 2969 ἐπεὶ
899 2898 1008 2968 ἐδόκει
1019 2925 1077 2985 μοι

67 2997 220 3088 εὐμαθὴς
240 2998 324 3069 εἶναι
346 3002 401 3068 καὶ
420 2998 533 3079 ἀτενές
551 2999 636 3084 ὁρᾶν
654 3003 688 3078 ἐς
707 3003 820 3085 ἐμέ-
834 2996 1024 3085 ὑπέπτησσὲ
1040 3024 1076 3064 τε
1094 3016 1146 3072 8ος

65 3101 130 3188 γάρ
144 3105 193 3169 ἔτι
204 3100 278 3168 τότε
289 3102 343 3169 καί
354 3102 540 3186 ἐθεράπευε
551 3103 606 3170 καί
617 3103 728 3188 μόνην
739 3101 929 3187 ἐθαύμαζεν
938 3137 981 3149 —-
991 3096 1077 3165 ἀπο-

66 3205 211 3266 λιποῦσα
231 3196 309 3275 τούς
325 3196 446 3277 ἀλλους
462 3196 581 3267 ὁπόσοι
597 3199 841 3286 ἐμνηστεύοντό
857 3224 899 3284 με
920 3197 1076 3268 πλούσιοι

66 3305 118 3368 καὶ
135 3301 232 3368 καλοί
246 3303 299 3366 καὶ
310 3301 454 3384 λαμπροὶ
468 3297 508 3366 τά
524 3301 721 3384 προγονιπά,
737 3307 783 3390 τῷ
795 3297 960 3390 ἀχαρίστῳ
971 3301 1076 3384 έμαν-
1198 3345 1205 3352 -

65 3397 126 3486 τὴν
142 3400 328 3485 ἐνεγγύησα
342 3401 455 3484 πένητι
471 3401 525 3467 καὶ
541 3398 667 3486 ἀφανεῖ
678 3401 733 3466 καί
744 3402 809 3489 νέῳ
823 3412 945 3480 προῖκα
962 3396 1004 3465 οδ
1019 3425 1075 3484 μι-

65 3523 152 3586 κραν
173 3498 457 3590 ἐπεσενεγκαμένη
474 3497 619 3578 πολλούς
635 3501 690 3566 καὶ
705 3498 1072 3650 θανμασίοιὲςῂλόγους·
