2625 4092
237 281 300 345 382
441 326 444 331 -
592 285 895 345 AOYKIANOT

321 450 425 511 ANT.
445 441 639 529 Ἀπιστήσας
652 441 718 525 ἄρα
728 458 798 521 τοῖς
807 445 1030 531 ἐπαγγέλμασι
1040 462 1178 529 προεῖτο
1188 442 1241 535 τήν

236 542 365 627 &mim
599 629 601 633 ,

213 670 217 677 ·
322 648 416 709 APX.
441 642 528 709 Οὔκ·
559 648 593 707 εί
605 666 642 724 γε
663 646 732 705 τῶν
751 647 879 707 λοιπῶν
894 639 1073 726 ἄκου’σαις,
1097 642 1144 709 οὐ
1164 644 1242 724 δόξει

238 760 292 806 σοι
309 740 417 825 μόνον
432 736 590 806 ἀπιστεῖν.
614 733 690 805 ἀλλ’
706 740 777 807 ἐπεὶ
791 738 954 824 κελεύεις,
973 732 1000 805 ὦ
1015 747 1178 827 βασιλεῦ,
1196 746 1243 809 λε’-

166 852 219 907 523
239 862 322 923 γειν,
340 836 514 907 Μακεδόσι
526 838 597 922 μέν,
613 832 716 919 εἶπεν,
732 833 833 903 οὐδὲν
842 833 1033 922 άπάμοτον,
1048 836 1132 905 οὐδὲ
1142 838 1244 922 παρί-

240 938 356 1018 δοξον,
373 941 403 1001 εἰ
416 938 645 1021 Δημοσθένην
660 932 766 1012 οὕτως
781 935 1014 1022 λαμβάνουσιν
1029 932 1073 1013 ὡς
1087 934 1242 1021 Ἀμφίπο-

238 1041 310 1117 λιν,
334 1031 380 1111 ὡς
391 1032 581 1116 Ὄλυνθον,
607 1030 650 1109 ὡς
664 1030 827 1116 Ὠρωπόν.
857 1038 994 1101 τοιαῦτα
1014 1030 1123 1099 πολλά
1144 1039 1241 1118 έλεγε·

238 1134 292 1199 καὶ
318 1128 382 1217 γάρ
406 1124 471 1198 οὖν
494 1129 710 1216 ὑπογραφέας
734 1129 1011 1217 παρεστησάμην,
1043 1132 1103 1195 ἰ’να
1129 1152 1185 1197 σοι
1208 1131 1241 1197 τά

237 1232 399 1315 λεχθέντα
414 1229 557 1309 σάζοιτο.
590 1225 670 1313 Ἐηω
688 1232 832 1313 μέντοι,
850 1234 932 1313 ἔφη,
956 1220 1124 1313 ὦἈρχία,
1146 1229 1244 1313 βασά-

238 1353 309 1394 νων
322 1322 344 1412 ή
358 1328 512 1394 θανάτου
526 1328 622 1417 φόβφ
644 1324 717 1392 κατ’
734 1324 815 1405 ὄψιν
836 1324 899 1394 οὐκ
916 1322 960 1393 άν
972 1322 1180 1416 Ἀντιπάτρῳ
1193 1352 1243 1413 γε·

239 1431 376 1510 νοίμην,
399 1421 473 1492 ἀλλ’
491 1430 520 1491 εί
538 1422 633 1491 ταῦτ’
650 1422 850 1510 ἀληθεύετε,
875 1424 962 1491 πολύ
982 1450 1040 1509 μοι
1056 1432 1189 1510 μᾶλλον
1205 1432 1243 1492 ε’τι

238 1524 427 1607 φυλακτέον
443 1518 487 1607 μή
511 1518 573 1608 τήν
594 1520 706 1609 ψυχήν
725 1521 832 1609 αὐτήν
849 1523 931 1605 παρ’
949 1520 1176 1605 Ἀντιπάτρου
1196 1529 1244 1591 δε-

238 1622 506 1705 δωροδοκηκέναι
522 1617 599 1705 μηδ’
617 1617 661 1705 ήν
675 1619 821 1704 ἐμαυτὸν
836 1626 932 1699 ἔταξα
951 1622 1046 1701 τάξιν
1063 1620 1177 1691 λιποὶν
1191 1620 1244 1705 τήν

233 1714 428 1803 Ἑλληνικήν
441 1724 486 1795 είς
496 1716 556 1802 τήν
568 1717 810 1805 Μακεδονικήν
820 1721 1099 1806 μεταβάλλεσθαι.
1124 1726 1177 1790 45.
1190 1747 1244 1786 κα·

237 1813 300 1882 λόν
313 1816 396 1901 γάρ,
409 1813 534 1903 Ἀρχία,
552 1822 580 1883 εί
595 1814 631 1884 τὸ
650 1822 708 1902 ζῆν
722 1819 793 1902 ἐμοὶ
803 1814 980 1900 Πειραιεύς
994 1815 1097 1895 αὐτὸς
1112 1822 1244 1902 παρέχοι

237 1916 291 1981 καὶ
313 1913 449 2000 τριήρης
468 1912 511 2000 ἣν
536 1918 734 2000 ἐπιδέδωκα,
761 1918 816 1983 καὶ
832 1931 935 2002 τεῖχος
952 1919 1007 1985 καὶ
1027 1916 1163 2001 τάφρος
1184 1930 1244 1993 τοῖς

238 2014 327 2096 ἐμοῖς
343 2013 473 2081 τέλεσιν
487 2016 720 2099 ἐξειργασμένα
734 2017 790 2083 καὶ
806 2015 896 2100 φυλή
910 2018 1114 2098 Πανδιονίς,
1138 2007 1162 2139 ή
1176 2019 1245 2082 έθε»

238 2104 357 2193 λοντης
370 2110 555 2195 ἐχορήγουν
567 2112 648 2195 έγω,
664 2113 720 2180 καὶ
729 2114 851 2179 Σολων
866 2140 921 2179 και
910 2112 1079 2194 Δράκων
1090 2116 1149 2179 καὶ
1165 2137 1245 2193 παρ-

238 2210 336 2289 ρησία
348 2206 493 2291 βήματος
504 2207 559 2274 καὶ
570 2212 673 2291 δημος
685 2210 862 2292 ἐλεύθερος
872 2238 928 2277 και
916 2212 1138 2328 ψηφίσματα
1150 2233 1244 2293 στρα-

237 2328 371 2371 τιωτικα
359 2299 497 2371 καὶ
457 2329 554 2391 νομοι
565 2309 791 2391 τριηραρχικοὶ
807 2312 861 2376 καὶ
877 2309 1056 2397 προγόνων
1068 2307 1188 2390 άρεται
1199 2311 1243 2375 καὶ

237 2403 380 2486 τρόπαια
391 2406 445 2471 καὶ
457 2403 646 2472 πολιτών’
615 2404 729 2471 εὔνοια
740 2434 808 2474 των
820 2412 875 2493 ἐμε
861 2408 1072 2485 πολλάκις’
1055 2430 1243 2492 εστεφανω

237 2504 346 2569 κότων
363 2530 418 2571 και
407 2501 591 2587 δύναμις’
589 2505 752 2589 Ελλήνων
766 2512 834 2572 τῶν
846 2504 891 2571 ὑπ
893 2504 997 2591 ’ἐμοῦ
1008 2509 1106 2591 μέχρι
1118 2515 1187 2572 νῦν
1197 2532 1244 2571 τε·

237 2606 447 2688 τηρημένωυ·
477 2608 506 2671 εί
524 2602 560 2669 δέ
576 2605 631 2670 καὶ
645 2601 769 2687 βιωτὸν
786 2606 973 2690 ἐλεηθέντι,
995 2604 1164 2672 ταπεινὸν
1179 2608 1243 2691 μέν,

236 2699 374 2779 ἀνεκτὸς
390 2700 422 2768 δ’
437 2696 502 2769 οὖν
518 2700 535 2770 ὁ
554 2708 643 2779 έλεος
660 2701 750 2785 παρὰ
765 2717 832 2780 τοῖς
846 2710 993 2788 οἰκείοις,
1008 2694 1059 2769 ὧν
1075 2706 1243 2788 ἐλυσάμην

168 2818 221 2871 524
239 2802 481 2887 αίχμαλάτονς,
498 2799 520 2888 ή
536 2817 603 2879 τοῖς
618 2801 798 2884 πατράσιν,
818 2794 866 2869 οἷν
879 2803 1089 2881 συνεξέδωκα
1105 2801 1168 2880 τάς
1183 2813 1245 2869 θυ-

237 2896 410 2985 γατέραςῆ
430 2894 478 2976 οἷς
495 2898 574 2976 τοὺς
590 2901 732 2983 ἐράνους
745 2902 1024 2987 ουνδιελνοάμην.
1047 2907 1101 2969 46.
1122 2909 1155 2971 εί
1164 2907 1204 2969 δέ
1211 2926 1245 2986 με

238 2996 281 3085 μή
301 3000 395 3079 σώζει
409 2998 524 3083 νήσων
534 2996 615 3083 άρχή
630 3002 684 3067 καὶ
693 3000 860 3083 θάλαττα,
879 3001 1016 3085 παράγε
1027 3004 1170 3070 τουτονὶ
1181 3009 1247 3067 Πο-

238 3102 396 3173 σειδῶνος
409 3103 488 3163 αἰτῶ
500 3095 536 3164 τδ
549 3100 713 3177 σώζεσθαι
728 3100 782 3166 καὶ
798 3103 895 3166 τοῦδε
906 3106 968 3164 τοῦ
977 3106 1099 3183 βωμοῦ
1114 3102 1247 3169 καὶτῶν

237 3201 338 3279 ἱερῶν
355 3196 479 3281 νόμων.
505 3204 535 3266 εί
548 3198 584 3265 δέ
598 3202 784 3280 Ποσειδῶν,
800 3204 879 3283 ἔφη,
895 3195 939 3283 μή
955 3198 1099 3264 δύναται
1119 3200 1247 3283 φνλάτ·

237 3322 306 3363 τειν
321 3293 382 3381 τήν
399 3293 540 3375 άσυλίαν
554 3304 614 3363 τοῦ
629 3296 695 3363 νεώ
710 3295 789 3383 μηδ’
808 3296 1038 3381 ἐπαισχύνεται
1058 3305 1247 3380 προδοῦναι

238 3398 465 3479 Δημοσθένην
479 3392 602 3481 Ἀρχία,
623 3402 800 3481 τεθναίην,
823 3393 924 3462 οὐδὲν
938 3394 1157 3478 Ἀντίπατρος
1170 3400 1247 3484 ἡμῖν

238 3488 313 3559 ἀντὶ
336 3497 398 3555 τοῦ
420 3497 505 3558 θεοῦ
528 3498 751 3571 κολακευτέος.
786 3496 861 3577 ἐξῆν
882 3520 938 3575 μοι
958 3500 1144 3577 φιλτέρους
1164 3506 1243 3585 ἔχειν
