2625 4092
257 261 318 325 178
614 263 916 320 AOTKIANOY

256 428 369 506 ἔξυρες
379 422 501 491 αὐτόν·
524 427 562 491 ἐν
572 421 731 509 Αἰγύπτῳ
744 420 779 488 δὲ
790 418 950 506 συνάγχη,
965 423 1137 508 πρόδηλον
1148 431 1254 490 τοῦτο·

255 528 377 606 μικροῦ
389 528 475 605 γοῦν
485 540 588 605 φασιν
601 516 830 603 ἀποπνιγῆναί
835 540 872 584 σε
883 522 988 607 ναύτῃ
997 523 1061 587 τινὶ
1070 528 1139 588 τῶν
1148 547 1256 604 τριαρ-
1302 539 1303 582 ι

254 625 365 706 μένων
385 621 582 705 ἐντυχόντα,
605 615 642 696 ὃς
663 613 816 701 ε’μπεσῶν
832 614 1002 702 ἀπέφραξέ
1020 639 1073 686 σοι
1089 616 1126 685 τὸ
1146 622 1254 705 στόμα.
1302 593 1303 662 λ

145 716 148 720 ”
249 716 422 803 Ἀθηναῖοι
438 720 500 803 μὲν
518 714 583 802 γάρ
598 719 761 802 βέλτιστοι
781 719 1019 800 αἰνιγματῶδες
1035 715 1154 801 οὐδέν,
1176 715 1255 783 άλλά

252 815 444 901 γράμματος
468 812 543 892 ἑνός
569 811 748 900 προσθήκη
775 813 970 898 τιμήσαντές
1000 835 1037 880 σε
1066 812 1256 900 Ἀτίμαρχον

253 909 442 997 ὠνόμαζον·
466 916 533 980 ἔδει
547 909 611 996 γάρ
626 908 785 977 κάκείνου
798 935 829 976 τι
843 912 1073 995 περιττότερον
1087 926 1255 992 προσεῖναι

251 1029 315 1076 σοι.
344 1012 381 1076 ἐν
401 1007 517 1097 Ἰταλίᾳ
535 1010 587 1092 δέ,
609 1015 726 1094 βαβαί,
744 1005 890 1092 ἡρωϊκόν
912 1011 1018 1075 ἐκεῖνο
1035 1010 1224 1096 ἐπεκλήθης
1239 1009 1254 1074 ὁ

251 1106 418 1192 Κύκλωψ,
434 1107 547 1192 ἐπειδη
562 1131 641 1172 ποτε
655 1108 710 1184 καὶ
725 1103 809 1188 πρός
826 1104 965 1192 ἀρχαίαν
981 1106 1164 1192 διασκευὴν
1176 1107 1252 1189 παρ’

251 1202 335 1272 αότά
345 1202 386 1270 τά
396 1211 456 1271 τοῦ
466 1201 614 1290 Ὁμήρου
624 1207 821 1294 ῥαψῳδῆσαι
831 1208 885 1271 καὶ
897 1203 939 1271 σύ
949 1205 1009 1290 την
1020 1211 1255 1290 αἰσχρουργίαν

251 1302 474 1387 ἐπεθύμησας.
504 1304 558 1369 καὶ
573 1298 673 1378 αύτός
697 1303 759 1386 μὲν
775 1307 881 1368 ἔκεισο
896 1304 1037 1387 μεθύων
1055 1303 1118 1388 ἤδη
1140 1303 1255 1369 κισσύ-

183 1415 232 1470 184
251 1409 327 1487 βιον
342 1405 425 1486 ἔχων
441 1403 477 1466 ἐν
491 1407 531 1488 τῇ
553 1401 633 1484 χειρὶ
653 1407 813 1485 βινητιῶν
826 1401 1044 1487 Πολύφημος,
1069 1409 1208 1478 νεανίας
1224 1403 1253 1467 δὲ

250 1496 440 1584 ὑπόμισθος
454 1495 563 1581 όρθδν
576 1504 660 1583 ἔχων
675 1495 735 1564 τόν
750 1497 874 1582 μοχλὸν
890 1491 929 1564 εὖ
944 1499 1031 1584 μάλα
1046 1497 1254 1584 ἠκονημένον

175 1645 177 1647 >
250 1596 301 1662 ἐπὶ
317 1595 354 1663 σε
364 1593 543 1672 Ὀδυσσεύς
558 1622 607 1671 τις
621 1594 714 1684 ἐπῄει
731 1592 775 1672 ῶς
790 1597 942 1676 ἐκκόψων
959 1595 1019 1663 τόν
1036 1595 1234 1682 ὀφθαλμόν·

292 1691 450 1760 κάκείνου
465 1695 526 1776 μὲν
543 1690 684 1778 ἅμαρτε,
702 1695 805 1774 παραὶ
822 1697 861 1760 δέ
873 1699 906 1760 οί
918 1691 1067 1776 ἐτράπετ’
1085 1700 1192 1780 ἔγχος,

291 1788 388 1876 αἰχμὴ
405 1787 436 1856 δ’
453 1789 595 1875 ἐξεσύθη
610 1787 700 1873 παρά
716 1797 849 1858 νείατον
867 1789 1070 1874 άνθερεῶνα.

248 1889 303 1954 καὶ
319 1885 383 1972 γάρ
408 1886 508 1955 οὐδὲν
530 1887 658 1955 άτοπον
679 1886 764 1970 ὑπὲρ
781 1896 843 1954 σοῦ
862 1891 1000 1972 λέγοντα
1021 1898 1249 1976 ψυχρολογεῖν.
1300 1915 1301 1926 ’

246 1982 289 2053 σύ
309 1986 345 2052 δὲ
366 1982 383 2051 ὁ
399 1985 551 2065 Κύκλωψ
568 1983 777 2063 ἀναπετάσας
790 1984 827 2052 τό
845 1987 950 2071 στόμα
965 1989 1019 2054 καὶ
1037 1985 1081 2064 ῶς
1099 1992 1150 2053 ἔνι
1168 1997 1250 2055 πλα-

246 2084 388 2149 τύτατον
409 2079 554 2168 κεχηνῶς
572 2081 706 2168 ἠνείχου
725 2083 956 2169 τυφλούμενος
978 2080 1036 2149 ὑπ’
1061 2081 1167 2150 αὐτοῦ
1191 2083 1249 2169 την

245 2177 395 2264 γνάθον,
408 2186 536 2264 μᾶλλον
548 2179 583 2248 δὲ
594 2179 704 2264 ῶσπερ
713 2179 733 2266 ἡ
743 2179 914 2266 Χάρυβδις
925 2178 1036 2258 αὐτοῖς
1047 2183 1186 2259 ναύταις
1198 2187 1247 2249 καὶ

246 2280 418 2360 πηδαλίοις
439 2279 494 2345 καί
508 2283 623 2356 ἱστίοις
643 2276 723 2345 ὅλον
746 2283 849 2363 ζητῶν
869 2293 1039 2344 καταπιεῖν
1055 2277 1115 2346 τόν
1133 2273 1247 2347 Οὖτιν.

246 2375 301 2440 καί
320 2381 423 2440 ταῦτα
445 2373 560 2459 ἑώρων
581 2376 635 2442 καὶ
656 2373 750 2442 άλλοι
772 2377 941 2458 παρόντες.
977 2373 1044 2441 εἶτά
1061 2395 1114 2441 σοι
1140 2379 1173 2454 ἐς
1190 2374 1247 2462 τὴν

244 2467 423 2552 ὑστεραίαν
437 2478 495 2555 μία
515 2465 558 2558 ἦν
577 2471 774 2559 άπολογίαὴ
795 2477 882 2558 μέθη
898 2475 952 2540 καί
972 2477 1004 2550 ἐς
1019 2472 1080 2540 τόν
1102 2472 1248 2560 άκρατον

243 2569 428 2652 ἰυίφενγες.
452 2574 502 2638 28.
514 2569 676 2655 τοιούτοις
688 2567 728 2654 δὴ
741 2572 794 2637 καλ
808 2571 979 2646 τοσούτοις
990 2566 1130 2654 ὀνόμασι
1142 2580 1248 2638 πλου-

243 2661 311 2731 τῶν
325 2667 465 2754 αἰσχύνη
477 2664 538 2752 την
550 2665 746 2750 ἀποφράδας
769 2664 851 2748 πρὸς
864 2676 957 2733 θεον
969 2670 1041 2735 εἰπέ
1051 2694 1124 2752 μοι,
1141 2677 1175 2736 τί
1185 2670 1249 2735 πά-

243 2782 345 2846 σχεις,
362 2761 496 2830 ἐπειδάν
511 2761 647 2832 κάκείυα
663 2767 804 2848 λέγωσιν
821 2768 855 2830 οἰ
865 2771 996 2850 πολλοί,
1012 2766 1200 2850 λεσβιάζειν
1214 2788 1248 2832 σε

242 2861 296 2926 καὶ
318 2868 530 2944 φοινικίζεινς
559 2856 625 2944 άρα
647 2865 701 2930 καὶ
722 2870 825 2928 ταῦτα
847 2860 956 2944 ῶσπερ
982 2859 1044 2948 τὴν
1065 2862 1247 2950 ἀποφράδα

240 2958 371 3043 άγνοεῑς
387 2961 441 3025 καὶ
463 2957 525 3027 οἰει
547 2961 629 3044 τάχα
649 2986 716 3026 που
737 2963 944 3027 ἐπαινεῖσθαι
964 2961 1047 3044 πρὸς
1069 2961 1202 3044 αύτῶν;
1227 2959 1247 3047 ἢ

173 3071 223 3127 186
242 3062 344 3122 ταῦτα
366 3057 428 3140 μὲν
450 3055 504 3122 διά
528 3055 564 3124 τό
580 3058 773 3142 σύντροφον
794 3058 909 3143 οἰσθα,
930 3058 992 3146 την
1006 3058 1191 3146 άποφράδα
1213 3065 1246 3130 δὲ

241 3150 285 3228 ῶς
303 3149 436 3236 ἀγνῶτα
454 3153 563 3239 μόνην
580 3152 742 3239 ἀτιμάζεις
758 3159 813 3226 καί
827 3156 1010 3235 ἀποκλείεις
1029 3166 1091 3224 τοῦ
1104 3160 1247 3228 καταλό-

240 3277 304 3337 γου
319 3258 386 3316 τῶν
403 3249 594 3337 όνομάτωνς
616 3265 796 3341 τοιγαροῦν
817 3254 858 3322 ού
880 3253 1027 3342 μεμπτὰς
1044 3253 1124 3342 ἡμῖν
1146 3267 1247 3336 τίνεις

239 3345 298 3427 τάς
312 3354 418 3432 δίκας,
444 3347 526 3417 άλλά
544 3354 636 3437 μέχρι
652 3355 708 3421 καί
724 3361 779 3439 της
794 3360 1067 3439 γυναικωνίτιδος
1083 3356 1246 3443 περιβόη-

238 3471 294 3522 τος
309 3445 345 3512 εἰ.
367 3445 484 3536 πρχόην
502 3458 588 3534 γοῦν
608 3452 722 3536 ἐπειδή
742 3478 816 3518 τινα
831 3453 941 3538 γάμον
958 3454 994 3519 ἐν
1007 3457 1141 3542 Κυζίκῳ
1158 3463 1245 3539 μνᾶ-
