2625 4092
231 294 293 356 140
585 297 892 354 AOTKIANOY

229 458 292 542 μέν
306 455 430 524 παλαιά
448 457 503 523 καὶ
522 462 650 523 πολλοῦ
665 453 758 538 ἀξια,
781 461 854 521 τίνα
875 457 911 522 δὲ
929 463 1042 541 φαῦλα
1063 461 1117 526 καὶ
1131 456 1242 537 άλλως

195 583 202 600 ·
230 555 358 637 σαπρά,
381 559 411 622 εί
424 550 468 640 μή
484 560 530 643 τῷ
548 558 798 639 διαβεβρῶσθαι
814 553 869 620 καὶ
888 556 1138 642 κατακεκόφθαι
1153 554 1244 622 αύτά
1299 551 1300 618 J

228 658 416 736 τεκμαίροιο
438 652 493 717 καὶ
513 651 727 736 συμβούλους
746 645 825 726 τούς
844 651 921 728 σέας
944 653 996 719 ἐπὶ
1012 651 1074 738 τήν
1093 656 1241 734 ἐξέτασιν

163 763 214 814 100
231 749 522 836 παραλαμβάνοιςς
550 749 620 816 ἐπεὶ
633 755 695 814 τοῦ
715 745 876 834 ἀκριβοῦς
894 743 917 833 ή
938 757 999 816 τοῦ
1016 747 1190 835 ἀσφαλοῦς
1208 754 1244 817 ἐν

231 844 343 922 αὐτοῖς
354 853 402 924 τίς
413 842 434 931 ή
446 855 524 913 ποία
535 847 732 931 διάγνωσιςς
754 851 783 912 2.
795 847 851 910 ἵνα
863 847 901 912 δέ
910 866 963 912 σοι
974 850 1021 914 δῶ
1034 846 1116 914 αύτά
1128 851 1244 916 έκεῑνα

231 947 434 1027 κεκρικέναι,
452 941 514 1009 όσα
532 941 549 1010 ὁ
564 951 729 1020 Καλλῖνος
746 945 778 1021 ἐς
794 939 951 1030 κάλλοςή
968 941 985 1011 ὁ
1001 943 1149 1032 ἀοίδιμος
1167 944 1244 1014 Ἀτ-

230 1039 321 1120 τικός
337 1038 401 1107 σύν
416 1043 582 1130 ἐπιμελείᾳ
599 1049 641 1128 τῇ
655 1042 746 1128 πάσῃ
760 1041 941 1126 γράψαιεν,
957 1043 1009 1109 σοί
1023 1051 1056 1110 τί
1064 1041 1199 1128 ὄφελος,
1218 1037 1244 1111 ῶ

230 1139 417 1225 θαυμάσιε,
439 1145 500 1206 τοῦ
521 1139 685 1226 κτήματος
707 1140 785 1206 ου”τε
808 1141 909 1206 εἰδότι
930 1138 968 1207 τὸ
986 1142 1106 1220 κάλλος
1125 1139 1244 1208 αὐτῶν

231 1236 308 1305 οὔτε
322 1240 515 1328 χρησομένῳ
526 1239 604 1305 ποτὲ
619 1237 720 1306 οὐδὲν
731 1245 859 1324 μᾶλλον
870 1233 891 1322 ή
902 1236 1031 1322 τυφλός
1041 1237 1084 1304 ἀν
1093 1265 1141 1316 τις
1152 1236 1244 1304 ἀπο-

231 1335 364 1402 λαύσειε
385 1336 529 1414 κάλλους
543 1342 723 1417 παιδικῶν;
744 1333 787 1402 σύ
806 1336 842 1404 δὲ
856 1333 1077 1425 ἀνεῳγμένοις
1093 1339 1153 1423 μὲν
1173 1351 1244 1414 τοῖς

231 1431 510 1524 όφθαλμοῖςὸρᾷς
518 1433 558 1501 τά
567 1441 691 1521 βιβλία,
699 1435 753 1501 καί
761 1430 803 1518 νή
811 1440 877 1500 Δία
888 1434 1089 1518 κατακόρως,
1097 1433 1244 1502 καὶάνα-

231 1533 406 1620 γινώσκεις
420 1539 491 1600 ένια
510 1532 602 1599 πάνυ
623 1535 804 1617 ἐπιτρέχων
819 1531 1012 1614 φθάνοντος
1026 1539 1085 1599 τοῦ
1104 1530 1244 1618 ὀφθαλ-

232 1637 299 1718 μοῦ
317 1629 352 1698 τὰ
370 1630 490 1717 στόμα·
514 1629 647 1698 οὐδέπω
659 1628 695 1696 δὲ
704 1629 802 1696 τοῦτό
818 1654 875 1714 μοι
890 1628 1024 1712 ίκανόν,
1039 1625 1137 1716 ήυμή
1150 1635 1244 1718 εἰδῇς

232 1729 294 1817 τήν
308 1727 430 1815 ἀρετήν
447 1731 501 1797 καὶ
516 1736 637 1797 κακίαν
654 1729 797 1796 ἑκάστου
812 1734 879 1794 τῶν
894 1731 1172 1814 ἐγγεγραμμένων
1189 1732 1245 1796 καὶ

233 1835 349 1916 συνίῃς
361 1825 451 1906 ὅστις
464 1826 525 1913 μέν
540 1825 651 1903 ὁνοῦς
663 1825 829 1911 σύμπασι,
845 1831 894 1902 τίς
905 1826 940 1892 δὲ
951 1822 971 1911 ή
984 1826 1071 1906 τάξις
1082 1833 1149 1893 τῶν
1160 1825 1245 1896 ὀνο-

165 1947 213 1998 101
233 1927 348 2013 μάτων
373 1923 436 1992 ὅσα
460 1951 496 1992 τε
520 1922 603 2008 πρὸς
624 1921 685 1991 τὸν
708 1921 816 2007 ὀρθόν
836 1925 964 1990 κανόνα
985 1931 1032 2012 τῶ
1054 1941 1246 2010 συγγραφεί

232 2023 459 2110 ἀπηκρίβωται
474 2027 529 2091 καί
544 2022 606 2090 ὅσα
621 2026 763 2109 κίβδηλα
778 2024 832 2088 καὶ
852 2022 942 2088 νόθα
957 2023 1012 2089 καὶ
1027 2047 1243 2108 παρακεκομ-

232 2125 324 2210 μένα.
347 2127 377 2188 3.
393 2128 426 2190 τί
434 2115 517 2202 ούνς
539 2121 604 2208 φής
618 2123 674 2188 καὶ
688 2127 792 2187 ταῦτα
810 2118 854 2206 μή
871 2116 993 2205 μαθῶν
1005 2118 1084 2206 ήμίν
1101 2123 1243 2199 είδέναις

234 2221 354 2305 πόθεν,
371 2225 401 2288 εί
415 2221 459 2306 μή
471 2245 549 2287 ποτε
560 2217 650 2301 παρά
662 2227 730 2286 τῶν
741 2225 895 2286 Μουσῶν
909 2226 1020 2286 κλῶνα
1037 2220 1168 2304 δάφνης
1181 2246 1244 2284 κα-

233 2321 345 2402 θάπερ
362 2317 380 2388 ό
397 2317 522 2404 ποιμήν
536 2323 662 2397 ἐκεῖνος
676 2320 806 2405 λαβῶν;
829 2316 988 2386 Ἑλικῶνα
1004 2319 1066 2402 μέν
1080 2318 1160 2402 γάρ,
1185 2322 1243 2384 ἵνα

234 2424 416 2504 διατρίβειν
434 2423 471 2497 αί
489 2420 566 2485 θεαί
586 2419 755 2502 λέγονται,
781 2416 859 2485 οὐδὲ
880 2417 1027 2504 ἀκήκοας
1051 2415 1144 2504 οἶμαί
1160 2443 1244 2484 ποτε

233 2516 311 2587 οὐδὲ
327 2516 482 2595 τοιαύτας
499 2515 670 2602 διατριβάς
686 2515 766 2602 ἡμῖν
783 2520 819 2584 έν
834 2520 949 2584 παισίν
964 2521 1096 2584 ἐποιοῦ·
1118 2518 1170 2586 σοὶ
1187 2518 1242 2584 καί

232 2626 422 2705 μεμνῆσθαι
438 2625 593 2685 Μουσῶν
614 2615 764 2684 ἀνόσιον.
796 2619 919 2683 ἐκεῖναι
940 2615 1004 2701 γάρ
1026 2620 1158 2700 ποιμένι
1179 2616 1242 2702 μὲν

232 2716 295 2784 ούκ
316 2713 359 2783 ἀν
380 2717 536 2802 ῶκνησαν
560 2724 708 2802 φανῆναι
726 2722 858 2804 σκληρῷ
879 2713 976 2798 ἀνδρὶ
999 2716 1053 2782 καὶ
1075 2720 1173 2781 δασεῖ
1187 2719 1240 2781 καὶ

232 2814 342 2882 πολύν
358 2813 417 2882 τὸν
433 2815 529 2900 ήλιον
544 2817 596 2883 ἐπὶ
612 2822 658 2903 τῷ
672 2815 799 2899 σῶματι
817 2816 1028 2898 ἐμφαίνοντι,
1046 2813 1106 2901 οἴφ
1129 2811 1164 2878 δὲ
1187 2815 1239 2878 σοί

232 2957 273 2968 -
289 2922 347 2982 καί
357 2943 413 3000 μοι
427 2913 510 2997 πρός
527 2922 584 3001 τῆς
598 2917 810 3002 Λιβανίτιδος
826 2911 909 2996 ἀφες
925 2915 961 2978 ἐν
982 2919 1027 3001 τῷ
1045 2911 1188 2993 παρόντι
1202 2909 1238 2977 τό

232 3013 277 3101 μή
292 3013 467 3099 σύμπαντα
481 3024 596 3098 σαφῶς
611 3021 767 3082 είπεῑν-
782 3009 860 3078 οῦδὲ
878 3007 976 3097 ἐγγύς
992 3013 1150 3096 γενέσθαι
1162 3007 1241 3075 ποτ’

232 3111 276 3180 ἀν
293 3105 332 3180 εὖ
349 3109 411 3180 οἷδ’
425 3109 476 3178 ότι
491 3117 712 3198 κατηξίωσαν,
728 3108 801 3180 ἀλλ’
815 3108 888 3178 ἀντὶ
900 3117 957 3196 τῆς
973 3110 1103 3194 δάφνης
1116 3117 1241 3196 μυρίκη

232 3209 276 3280 ἀν
297 3207 320 3297 ή
340 3213 394 3278 καὶ
414 3211 561 3297 μαλάχης
582 3212 722 3296 φύλλοις
743 3218 962 3297 μαστιγοῦσαι
983 3205 1177 3292 ἀπήλλαξαν
1198 3203 1242 3272 ἀν

232 3310 293 3380 τόν
311 3317 480 3395 τοιοῦτον,
498 3308 542 3388 ῶς
555 3308 599 3396 μή
617 3317 733 3394 μιᾶναι
747 3310 828 3395 μήτε
843 3308 904 3378 τόν
917 3305 1069 3394 Ὀλμειὸν
1083 3307 1163 3393 μήτε
1179 3304 1242 3392 τήν

166 3425 215 3480 102
233 3418 295 3479 τοῦ
302 3410 421 3479 Ἵππου
435 3411 580 3496 κρήνην,
600 3409 686 3491 άπερ
704 3404 726 3494 ἢ
747 3417 912 3493 ποιμνίοις
930 3401 1108 3493 διψῶσινή
1125 3409 1240 3493 ποιμέ-

233 3536 304 3576 νων
321 3510 459 3595 στόμασι
472 3519 636 3591 καθαροῖς
653 3506 784 3593 πότιμα.
809 3516 913 3576 καίτοι
927 3506 1008 3577 οὐδέ
1012 3558 1021 3592 ,
1038 3513 1068 3574 εἰ
1080 3509 1136 3575 καὶ
1150 3508 1243 3574 πάνυ
