2625 4092
240 291 303 356 324
594 297 899 356 AOYKIANOY

240 466 356 542 θησεις
371 456 424 522 καὶ
443 455 561 540 δεήσει.
586 450 677 540 κάγώ
688 454 865 541 θρύψομαι
874 453 964 538 »πρὸς
978 461 1015 525 σέ
1028 462 1064 524 έν
1079 464 1125 548 τῷ
1140 460 1240 544 μέρει·

241 555 295 622 καὶ
310 562 344 621 εί
355 579 393 638 γε
408 558 514 634 δοκεῖ,
533 551 683 636 ἀπίωμεν
696 551 802 619 ἄλλον
818 550 903 620 αὐτὰ
920 556 1142 641 πευσόμενοι,
1155 555 1199 623 σύ
1213 560 1243 622 δὲ

240 649 284 737 μή
303 655 386 737 λέγε.

326 755 423 815 AYK.
442 750 562 832 Μηδὲν
574 743 658 827 πρός
668 743 789 831 ὀργήν·
810 747 1011 834 διηγήσομαι
1023 749 1098 836 γάρ,
1114 755 1245 836 ἐπείπερ

240 845 346 923 οὕτως
358 853 535 933 προθυμή,
554 842 627 914 ἀλλ’
646 843 737 922 ὅπως
752 842 796 931 μή
813 843 896 927 πρός
913 847 1058 927 πολλοὺς
1075 853 1170 931 ἐρεῖς.

325 951 413 1012 ΦΙΛ.
438 949 480 1012 Ec
493 945 538 1029 μή
557 942 770 1010 παντόπασιν
784 941 848 1028 ἐγώ
860 945 1073 1032 ἐπιλέλησμαι
1083 957 1247 1031 Λυκίνου,

239 1047 340 1126 αὐτὸς
354 1045 397 1115 σύ
408 1046 548 1134 όίμεινον
562 1049 711 1135 ποιήσεις
722 1045 803 1114 αὐτὰ
816 1049 870 1114 καί
882 1049 1027 1131 φθάσεις
1041 1047 1149 1116 είπών
1163 1047 1249 1117 ἅπα-

240 1168 310 1228 σιν,
329 1145 411 1214 ὥστε
427 1145 527 1214 οὐδὲν
541 1150 625 1232 ἐμοῦ
639 1147 759 1232 δεήσει.
783 1153 813 1215 5.
829 1144 906 1215 ἀλλ’
923 1149 1031 1216 έκεῑνό
1045 1175 1104 1233 μοι
1116 1158 1249 1233 πρῶτον

241 1249 325 1330 είπέ,
344 1253 389 1336 τῷ
407 1247 498 1312 παιδὶ
514 1253 559 1334 τῷ
574 1246 707 1331 Ζήνωνι
725 1243 742 1310 ὁ
755 1245 993 1326 Ἀρισταίνετος
1007 1244 1177 1332 ἀγόμενος
1191 1273 1250 1333 γυ-

241 1361 338 1414 ναῖκα
354 1351 456 1413 είστία
472 1343 574 1431 ὑμᾶς;

327 1450 424 1511 AYK.
449 1442 537 1520 Οὔκ,
557 1441 640 1512 ἀλλὰ
652 1442 714 1530 τήν
726 1446 895 1529 θυγατέρα
911 1447 1059 1522 ἐξεδίδου
1073 1443 1180 1523 αὐτὸς
1194 1445 1252 1531 τήν

241 1547 433 1613 Κλεανθίδα
464 1550 508 1630 τῷ
530 1539 698 1624 Εὐκρίτου
724 1549 786 1609 τοῦ
808 1546 1019 1609 δανειστικοῦ
1040 1549 1088 1631 τῷ
1111 1553 1252 1627 φιλοσο-

161 1675 178 1715 ·,
240 1648 371 1727 φοῦντι.

172 1754 222 1808 422
326 1745 415 1808 ΦΙΛ.
439 1740 605 1828 Παγκάλῳ
621 1739 662 1825 νή
674 1745 739 1807 Δία
751 1745 926 1827 μειρακίῳ,
941 1735 1059 1829 ἁπαλῷ
1071 1765 1111 1822 γε
1127 1737 1201 1825 μήν
1211 1747 1253 1808 ἔτι

241 1839 296 1904 καὶ
311 1835 351 1903 οὐ
366 1835 457 1904 πόνυ
474 1836 553 1905 καθ’
572 1837 665 1924 ὥραν
679 1838 805 1922 γάμων.

325 1943 424 2003 AYK.
444 1933 530 2004 Ἀλλ’
549 1935 611 2004 οὐκ
628 1935 713 2023 εἶχεν
730 1933 834 2003 ἄλλον
851 1937 1133 2022 ἐπιτηδειότερον,
1153 1935 1253 2022 οἶμαι.

240 2041 362 2101 τοῦτον
377 2027 440 2100 οὖν
454 2033 597 2121 κόσμιόν
611 2061 645 2102 τε
662 2033 746 2102 εἶναι
762 2038 927 2102 δοκοῦντα
942 2037 996 2103 κοιλ
1011 2033 1097 2119 πρὸς
1111 2044 1255 2121 φιλοσο-

242 2142 324 2217 φίαν
335 2130 543 2219 ὡρμημένον,
555 2141 602 2202 ἔτι
614 2133 650 2203 δέ
660 2133 767 2219 μόνον
777 2131 857 2202 ὄντα
869 2139 1016 2222 πλουσίῳ
1028 2141 1073 2222 τῷ
1083 2131 1253 2222 Εὐκρίτῳ.

241 2238 410 2314 προείλετο
426 2240 576 2318 νυμφίον
593 2236 624 2312 ἐξ
639 2224 808 2299 ἁπάντων.

312 2339 414 2398 ’ΦΜ
440 2330 492 2399 Οὐ
507 2331 631 2418 μικρόν
646 2334 751 2417 λέγεις
765 2338 874 2400 αίτίαν
889 2329 924 2398 τό
938 2341 1096 2400 πλοντείν
1110 2330 1180 2399 τὸν
1189 2332 1253 2400 Εὗ-
1287 2346 1289 2396 K

241 2457 365 2513 κριτον.
388 2428 471 2512 ἀτὰρ
484 2423 564 2512 οὖν,
583 2424 609 2497 ὦ
622 2439 763 2515 Λυκῖνε,
779 2437 866 2506 τίνες
877 2434 911 2498 oc
921 2433 1140 2508 δειπνοῦντες
1152 2424 1254 2517 ἦσαν;

325 2536 354 2596 6.
371 2536 471 2596 AYK.
498 2528 585 2606 Τοὺς
600 2529 662 2614 μὲν
683 2527 805 2604 ἄλλους
820 2533 854 2593 τί
867 2526 909 2593 ἄν
927 2549 980 2592 σοι
996 2529 1149 2612 λέγοιμις
1175 2533 1213 2596 οί
1226 2532 1254 2594 δὲ

242 2626 306 2695 ἀπὸ
323 2634 524 2714 φιλοσοφίας
534 2629 588 2695 καὶ
604 2627 724 2711 λόγων,
740 2625 866 2706 οὕσπερ
878 2628 1013 2704 ἐθέλεις,
1028 2623 1134 2710 οἶμαι,
1152 2625 1254 2693 duo&

241 2751 296 2793 σαι
311 2725 463 2812 μα’λιστα,
479 2725 668 2813 Ζηνόθεμις
679 2720 722 2812 ήν
734 2722 752 2792 ὁ
766 2722 982 2812 πρεσβύτηςὸ
999 2723 1063 2791 όπό
1081 2732 1144 2810 τῆς
1161 2733 1254 2800 στοᾶς
1284 2680 1287 2779 K

241 2830 294 2894 καὶ
311 2823 372 2906 ξύν
384 2824 474 2916 αὐτῷ
484 2833 627 2909 Δίφιλος
639 2823 657 2892 ὁ
670 2826 876 2912 λαβύρινθος
887 2827 1033 2910 ἐπίκλην,
1051 2825 1255 2900 διδάσκαλος
1284 2802 1285 2887 K

243 2917 340 3000 οὗτος
358 2918 406 2991 τόν
423 2931 484 2991 τοῦ
495 2922 740 3007 Ἀρισταινέτου
756 2927 844 3000 υίέος
860 2930 920 2990 τοῦ
934 2924 1110 3011 Ζήνωνος·
1136 2931 1212 2992 τῶν
1226 2920 1255 2988 δέ

242 3020 306 3088 ἀπὸ
319 3031 379 3088 τοῦ
390 3024 575 3104 περιπάτου
588 3025 789 3110 Κλεόδημος,
806 3020 905 3090 οἶσθα
915 3018 976 3089 τόν
986 3023 1188 3107 στωμύλον,
1202 3021 1256 3089 τὸν

243 3121 447 3206 ἐλεγκτικόν,
470 3127 563 3205 ξίφος
581 3120 685 3189 αὐτόν
702 3127 736 3189 οί
749 3121 896 3205 μαθηταὶ
911 3121 965 3186 καλ
986 3123 1109 3186 κοπίδα
1131 3130 1255 3189 καλοί·-

241 3240 304 3286 σιν.
335 3215 418 3287 ἀλλὰ
439 3223 494 3287 καὶ
512 3216 908 3302 ὁἘπικοόρειοςἛρμῳν
923 3226 1051 3303 παρῆν,
1073 3221 1134 3288 καὶ
1154 3228 1256 3289 είσελ·
1282 3250 1284 3341 η

173 3338 223 3389 423
242 3319 349 3385 θόντα
364 3344 402 3402 γε
416 3315 521 3384 αὐτόν
537 3315 643 3394 εὐθυς
658 3315 884 3404 ὑπεβλέποντο
899 3321 934 3384 οί
943 3321 1087 3386 Στωϊκοὶ
1102 3323 1166 3388 καὶ
1181 3318 1256 3386 όπε·

243 3417 425 3499 στρέφοντο
438 3416 493 3483 καὶ
506 3420 598 3501 δῆλοι
608 3409 696 3501 ἦσαν
712 3415 757 3494 ὥς
770 3427 846 3484 τινα
860 3424 1067 3498 πατραλοίαν
1082 3420 1143 3485 καὶ
1158 3422 1254 3502 έναγτζ
1281 3378 1283 3529 K

242 3513 494 3610 μυσαττόμενοι.
522 3504 615 3581 οὗτοι
630 3513 693 3600 μὲν
709 3512 818 3583 αὐτοῦ.
825 3512 1072 3596 Ἀρισταινέτου
1090 3524 1192 3597 φίλοι
1208 3517 1253 3582 καὶ

1271 3918 1280 4052 ι
