2625 4092
456 287 711 352 ΩΚΤΠΟῬΣ.
792 327 796 332 ,

82 457 182 521 πᾶσιν
197 460 363 538 θρίαμβος
377 454 637 538 ἐμβεβάστακται
654 457 772 534 φίλοις.
806 507 807 510 ¹
916 511 918 516 .

80 550 192 629 Πόνος
209 555 244 617 δε
259 577 315 635 μοι
331 550 494 634 συνεργός
507 551 809 628 ἐστι.τῶν.κακῶν·,

78 645 145 734 ἐγω
161 644 225 732 γάρ
243 645 344 714 οὐδέν
359 653 425 732 είμι
439 647 562 715 τούτου
577 651 649 731 δίχα
664 647 760 732 μόνη.

80 743 171 812 τοῦτ’
187 738 250 811 ούν
264 745 379 813 δάκνει
393 771 434 830 με
448 746 503 812 καὶ
517 752 654 830 φρενῶν
670 745 886 822 καθάπτεται,

79 844 132 914 ὅτι
145 845 204 913 τόν
219 845 344 912 άπασιν
360 855 469 913 αίτιον
482 847 605 913 Πόνον.
614 852 728 912 κακῶν

80 942 192 1023 οὐδεὶς,
203 945 402 1028 κακούργοις
416 948 565 1025 λοιδορεῖ
574 949 812 1029 βλασφημίαις,

78 1041 164 1111 άλλά
180 1040 253 1111 κατ’
269 1047 351 1130 ἐμοῦ
367 1045 532 1128 πέμπουσι
547 1043 745 1128 δυσφήμους
760 1038 843 1124 ἀράς

78 1139 125 1220 ὡς
140 1142 265 1227 δεσμόν
279 1144 462 1222 ἐλπίζοντες
475 1144 634 1226 ἐκφυγεῖν
648 1140 738 1225 ἐμόν.

79 1250 114 1310 τί
125 1249 229 1309 ταῦτα
245 1248 386 1326 φλυαρῶ
401 1239 464 1308 κού
478 1245 563 1326 λέγω
580 1247 670 1318 τίνος
684 1241 782 1325 χάριν
833 1291 835 1297 .

77 1343 217 1427 πάρειμι
229 1339 274 1426 μὴ
289 1343 440 1425 φέρουσα
453 1337 514 1424 τὴν
529 1337 612 1425 ἐμὴν
625 1342 744 1424 χολήν;
824 1349 834 1398 .“

76 1436 178 1527 δγάρ
194 1440 296 1506 δόλον
313 1438 482 1524 γενναῖος,
499 1434 517 1504 δ
534 1435 665 1520 θρασύς
676 1435 842 1514 Ώκύπους

76 1552 202 1623 φρονεῖ
214 1534 295 1604 καθ’
311 1535 406 1622 ἡμῶν
419 1537 523 1621 μηδὲν
537 1533 625 1602 εἷναί
636 1535 678 1620 μέ
691 1561 722 1601 τι
738 1535 852 1620 λέγων,

77 1636 144 1724 ἐγῶ
162 1635 193 1704 δ’
212 1634 270 1703 ὑπ’
288 1634 388 1722 ὀργῆς
404 1634 448 1713 ὡς
460 1632 548 1720 γυνὴ
565 1638 749 1720 δεδηγμένη

77 1736 244 1804 άντέδακα
261 1743 380 1802 τοῦτον
392 1732 631 1816 ἀθεράπευτον
649 1730 821 1818 εὐστόχως,
919 1777 924 1792 ·

79 1834 124 1913 ὡς
137 1827 180 1919 ἦν
195 1841 274 1911 ἔθος
290 1860 346 1919 μοι
361 1834 529 1900 κονδύλου
541 1828 644 1908 ποδός
658 1846 777 1916 τυχεῖν.

78 1933 144 2020 ἤδη
160 1929 191 1998 δ’
209 1928 227 1998 ό
243 1929 356 2008 δεινός.
367 1929 480 2007 Πόνος
495 1935 560 2014 ἔχει
577 1927 699 1996 λεπτόν
713 1930 818 1996 τόπον

77 2028 211 2115 καλιὴν
226 2029 325 2113 βάσιν
342 2043 497 2113 νυγμοῖσι
512 2035 621 2116 τρυπᾷ
634 2026 697 2113 τὴν
711 2029 809 2096 κάτω.

76 2128 97 2196 δ
114 2127 146 2195 δ’
164 2125 209 2206 ῶς
224 2127 398 2212 δρόμοισιν
413 2124 435 2213 ἦ
450 2127 539 2215 πάλῃ
555 2129 679 2214 πλήξας
693 2138 783 2213 λχυος

76 2234 191 2315 πλανᾷ
205 2229 344 2309 γε’ροντα
359 2224 573 2310 παιδαγωγόν
587 2227 720 2295 άθλιον.
804 2263 806 2271 ·

78 2327 135 2393 καλ
147 2330 351 2408 κλεφίχωλον
366 2324 453 2390 πόδα
467 2328 572 2402 τιθεὶς
586 2331 782 2412 ίχνευμὲνον

77 2423 244 2507 δύστηνος
261 2418 361 2498 αὐτός
376 2423 412 2488 ἐκ
427 2423 542 2507 δόμων
554 2426 779 2507 προσέρχεται.

77 2528 309 2592 maort.
325 2521 443 2588 Πόθεν
454 2520 484 2589 δ’
498 2521 516 2591 ὁ
528 2521 637 2600 δεινός
648 2527 731 2591 κατά
744 2529 857 2592 ποδῶν
866 2515 964 2602 οὗτος
975 2533 1085 2610 παρῆν
1100 2531 1142 2594 35

77 2618 359 2706 άτραυμάτιστος,
376 2619 511 2708 άβατος,
527 2621 666 2700 άστατος
681 2623 802 2702 πόνος;

77 2728 180 2788 τείνει
195 2719 231 2786 δὲ
245 2727 370 2800 νεύρου
384 2714 437 2786 οἷα
451 2721 586 2806 τοξότης
602 2719 691 2806 ἀνὴρ,

78 2822 176 2906 βέλος
191 2822 396 2902 προπέμπων
409 2819 464 2887 καλ
478 2822 606 2887 στένειν
620 2823 781 2905 βιάζεται·
820 2875 821 2878 ¹

76 2914 116 2983 τό
132 2923 201 2982 τῶν
217 2914 415 2982 πονούντων
429 2923 704 3004 ἔσχατονστοιχεῑ
714 2919 835 3008 χρόνῳ.
947 2912 948 2918 ¹

82 3021 297 3082 ΤΡΟΦΕΤΣ.
314 3013 449 3100 ’Έποαρε
463 3016 604 3099 σαυτόν,
624 3010 651 3083 ω’
666 3021 802 3097 τέκνον,
818 3019 872 3084 καὶ
887 3016 1062 3094 κούφισον.
1106 3012 1148 3078 40

77 3112 210 3198 μίχπῶς
224 3140 264 3198 με
280 3120 409 3180 πίπτων
425 3116 613 3203 καταβάλῃς
625 3113 670 3182 σύ
684 3113 789 3200 χωλός
804 3114 859 3182 ῶν.

77 3216 308 3279 samm.
327 3208 430 3296 Ἰδού,
444 3219 554 3293 κρατῶ
566 3233 604 3280 σε
618 3217 690 3297 δίχα
702 3215 828 3300 βάρους
842 3215 896 3281 καλ
906 3221 1065 3295 πεύθομαι
1099 3229 1153 3292 667

78 3309 135 3374 καὶ
150 3307 210 3374 τόν
227 3315 396 3374 πονοῦντα
411 3308 498 3375 πόδα
512 3317 598 3376 τιθῶ
612 3312 667 3378 καὶ
681 3319 845 3393 καρτερά·

81 3407 230 3494 νεωτέρω
245 3401 309 3489 γάρ
324 3401 435 3489 αἶσχος
449 3407 487 3472 ἐν
504 3407 617 3477 παισὶν
631 3403 681 3475 ἀεὶ

80 3501 245 3588 ὑπηρέτης
258 3499 424 3582 ἀδύνατος
440 3503 613 3589 γογγύζων
626 3507 746 3588 γέρων.
1106 3513 1146 3576 45
