2625 4092
106 245 228 301 ΠΕΡΙ
250 244 346 302 ΤΗΣ
364 244 688 304 ΠΕΡΕΓΡΙΝΟΤ
710 247 983 306 ΤΕΛΕΥΤΗΣ.
1028 244 1091 310 275

77 405 131 470 καὶ
149 405 406 474 συνεκάθευδον
421 409 522 474 ἔνδον
534 402 606 491 μετ’
620 403 726 472 αὐτοῦ
742 409 997 492 διαφθείροντες
1013 408 1091 489 τοὺς

77 504 351 590 δεσμοφύλακας·
375 502 442 572 εἶτα
455 510 572 574 δεῖπνα
589 511 723 572 ποικίλα
735 511 950 591 εἰσεκομίζετο
961 510 1015 576 καὶ
1031 510 1090 576 λά-

76 629 129 686 γοι
144 603 227 684 ίεροὶ
245 599 358 669 αὐτῶν
374 606 526 689 ἐλέγοντο
543 606 598 692 καὶΙ
615 601 633 671 ὁ
650 607 818 691 βέλτιστος
834 612 1036 692 Περεγρῖνος
1049 649 1089 657 -

77 707 124 768 ἔτι
140 699 205 787 γάρ
226 709 323 768 τοῦτο
346 705 549 770 ἐκαλεῖτο-
565 703 681 780 καινὰς
695 703 879 789 Σωκράτης
898 701 957 772 ἀπ’
979 703 1090 772 αὐτῶν

77 796 273 881 ωὐομάζετο.
304 805 353 868 13.
373 802 427 868 καί
442 798 509 886 μήν
529 799 592 868 κάκ
608 807 677 866 τῶν
691 803 727 867 ἐν
746 798 835 889 Ἀσίᾳ
851 802 984 870 πόλεων
1001 804 1089 870 ἐστὶν
1107 821 1159 876 336

77 890 126 962 ῶν
138 887 223 982 ήκάν
234 924 332 982 τινες,
348 905 415 964 τῶν
424 906 638 980 Χριστιανῶν
650 899 857 966 στελλόντων
868 897 932 967 ἀπὸ
944 907 1006 966 τοῦ
1018 926 1089 967 κοι-

77 1001 158 1078 νοῦ,
180 997 408 1082 βοηθήσοντες
424 999 477 1064 καὶ
498 997 801 1082 ξυναγορεῦσοντες
816 999 871 1065 καί
885 1007 1089 1085 παραμυθη-

76 1094 214 1179 σόμενοι
228 1091 288 1161 τόν
303 1094 419 1177 ἀνδρα.
444 1093 616 1182 ἀμήχανον
626 1098 666 1162 δέ
677 1122 707 1162 τι
719 1092 756 1162 τὸ
772 1097 869 1182 τάχος
878 1099 1088 1166 ἐπιδείκνυν-

74 1221 146 1278 ται,
169 1194 306 1262 ε’πειδάν
329 1222 359 1261 τι
377 1201 531 1262 τοιοῦτον
550 1197 686 1280 γένηται
710 1196 889 1280 δημόσιον·
918 1198 956 1262 έν
976 1201 1094 1281 βραχεῖ

75 1292 158 1377 γάρ,
177 1289 354 1377 ἀφειδοῦσι
366 1292 512 1360 πάντων.
536 1293 590 1360 καὶ
603 1290 643 1378 δή
654 1294 709 1360 καὶ
719 1301 765 1382 τῶ
776 1300 970 1380 Περεγρίνῳ
982 1290 1088 1359 πολλά

75 1389 152 1457 τότε
168 1380 227 1475 ήκε
241 1390 389 1477 χρήματα
406 1387 485 1475 παρ’
502 1387 614 1464 αὐτῶν
629 1392 680 1458 ἐπὶ
696 1391 863 1476 προφάσει
878 1397 946 1456 τῶν
958 1394 1089 1474 δεσμῶν

76 1489 132 1555 καὶ
154 1488 323 1568 πρόσοδον
341 1485 382 1554 οῦ
402 1485 527 1573 μικράν
548 1488 672 1574 ταύτην
690 1489 884 1574 ἐποιήσατο·
914 1492 1089 1554 πεπείκασι

75 1583 141 1672 γάρ
160 1583 282 1663 αὐτοῦς
302 1591 336 1654 οί
350 1591 589 1672 κακοδαίμονες
604 1584 641 1654 τὸ
659 1587 720 1672 μὲν
735 1584 817 1654 ὅλον
834 1584 1000 1654 ἀθάνατοι
1015 1590 1088 1652 ἔσε-
1105 1603 1155 1660 337

77 1695 161 1752 σθαι
182 1687 235 1754 καὶ
258 1686 442 1772 βιῶσεσθαι
463 1683 524 1752 τὸν
540 1683 590 1754 ἀεὶ
612 1686 754 1771 χρόνον,
776 1681 856 1766 παρ’
876 1679 894 1750 ὃ
916 1685 971 1751 καὶ
987 1709 1089 1749 κατα-

77 1791 245 1868 φρονοῦσι
261 1791 322 1850 τοῦ
341 1784 496 1852 θανάτου
511 1784 565 1852 καὶ
588 1783 720 1861 ἑκόντες
737 1780 860 1860 αὑτοῦς
882 1781 1089 1848 ε’πιδιδόασιυ

76 1887 111 1949 οί
127 1892 260 1951 πολλοί·
283 1889 393 1952 ἔπειτα
412 1884 446 1950 δὲ
462 1882 479 1950 ὁ
496 1887 682 1970 νομοθέτης
698 1881 715 1950 ὁ
735 1892 864 1968 πρῶτος
879 1887 1008 1950 ἔπεισεν
1026 1880 1089 1949 αῦ-

76 1978 156 2058 τοῦς
177 1978 220 2058 ῶς
242 1979 381 2066 ἀδελφοὶ
401 1983 522 2059 πάντες
547 1979 613 2049 εἷεν
637 1979 808 2068 ἀλλήλων,
839 1977 974 2048 ἐπειδάν
1001 1977 1088 2060 άπαξ

76 2079 286 2164 παραβάντες
303 2079 407 2157 θεοὺς
422 2080 483 2165 μέν
499 2079 577 2159 τοῦς
589 2077 802 2166 Ἑλληνικοὺς
818 2076 1087 2164 ἀπαρνήσωνται,

75 2175 136 2243 τὸν
152 2175 188 2243 δὲ
204 2175 528 2265 ἀνεσκολοπισμένον
539 2182 668 2247 ἐκεῖνον
687 2177 851 2264 σοφιστήν
863 2177 974 2244 αὐτῶν
986 2202 1087 2261 προς-

75 2283 205 2344 κυυῶσι
224 2280 278 2344 καὶ
299 2277 380 2346 κατά
398 2275 476 2357 τοῦς
492 2281 623 2346 ἐκείνου
638 2279 764 2363 νόμους
778 2284 884 2363 βιῶσι.
914 2302 1086 2362 καταφρο-
1104 2285 1156 2344 333

76 2383 198 2443 νοῦσιν
220 2369 284 2443 οῦν
305 2375 465 2445 ἁπάντων
486 2382 517 2459 ἐξ
540 2389 613 2464 ίσης
637 2380 691 2445 καί
708 2377 804 2444 κοινά
821 2376 981 2462 ἡγοῦνται
1004 2374 1087 2442 ἀνευ

74 2472 168 2552 τινὸς
188 2473 347 2562 ἀκριβοῦς
367 2484 506 2558 πίστεως
523 2477 562 2546 τά
581 2486 718 2546 τοιαῦτα
740 2477 1014 2561 παραδεξάμενοι.
1044 2469 1087 2560 ήν

75 2581 195 2640 τοίνυν
211 2577 362 2664 παρέλθῃ
374 2605 423 2656 τις
438 2584 483 2656 είς
498 2576 620 2656 αὐτοὺς
632 2579 713 2663 γόης
727 2581 780 2644 καὶ
793 2583 938 2662 τεχνίτης
950 2573 1087 2659 ἀνθρω-

74 2698 139 2751 πος
149 2675 203 2740 καὶ
214 2676 385 2761 πράγμασι
394 2685 539 2763 χρῆσθαι
549 2679 749 2761 δυνάμενος,
760 2673 877 2743 αὐτίκα
888 2675 976 2760 μάλα
986 2674 1087 2741 πλού-

75 2793 148 2850 6303
175 2775 212 2839 ἕν
241 2780 358 2860 βραχεῖ
382 2778 511 2860 ἐγένετο
536 2774 682 2853 ίδιῶταις
705 2773 900 2856 ἀνθρώποις
926 2771 1085 2858 ἐγχανών.

78 2877 128 2940 14.
154 2871 242 2958 πλήν
263 2871 336 2941 ἀλλ’
358 2871 376 2940 ὁ
397 2883 601 2960 Περεγρῖνος
625 2873 751 2960 ἀφείθη
769 2871 834 2940 ὑπὸ
858 2880 918 2939 τοῦ
937 2873 1011 2938 τότε
1031 2877 1088 2954 τής

75 2979 205 3053 Συρίας
216 2971 385 3058 ἀρχοντος,
397 2973 520 3058 ἀνδρὸς
531 2980 715 3063 φιλοσοφίᾳ
725 2979 913 3059 χαίροντος,
928 2968 965 3048 ὃς
976 2971 1088 3046 συνεὶς

75 3069 138 3156 τήν
160 3068 324 3137 ἀπόνοιαν
342 3072 447 3140 αὐτοῦ
469 3079 523 3142 καὶ
545 3074 595 3143 ὅτι
613 3072 732 3154 δέξαιτ’
751 3069 794 3138 ἀν
814 3068 1018 3152 ἀποθανεῖν,
1045 3066 1088 3146 ῶς

76 3171 179 3250 δόξαν
199 3173 250 3238 ἐπὶ
266 3157 375 3263 τούτω
390 3173 563 3256 ἀπολίποι,
586 3174 716 3261 ἀφῆκεν
736 3171 841 3240 αάτδν
858 3169 937 3239 οὐδὲ
953 3178 1010 3257 τῆς
1027 3195 1087 3237 κο-
1105 3182 1156 3236 339

75 3271 204 3347 λάσεως
219 3267 400 3358 ὑπολαβῶν
412 3271 513 3352 ἀξιον,
538 3271 554 3339 ὁ
569 3275 604 3341 δὲ
618 3281 664 3352 είς
677 3272 739 3359 τήν
752 3277 877 3340 οίκείαν
889 3265 1087 3338 ἐπανελθών

75 3371 325 3457 καταλαμβάνει
341 3369 378 3438 τὸ
396 3374 470 3456 περὶ
486 3380 546 3439 τοῦ
561 3374 718 3462 πατρῴου
734 3372 845 3457 φόνου
862 3374 909 3437 ἔτι
924 3375 1087 3453 φλεγμαί-

78 3498 139 3537 νον
154 3472 207 3537 καί
222 3468 368 3548 πολλοῦς
378 3468 457 3550 τοῦς
469 3474 788 3557 ἐπανατεινομένους
802 3467 863 3555 τήν
875 3472 1086 3618 κΙοέτηγορίαν.
