2625 4092
203 210 265 272 ιεο
548 211 882 292 [Λουκιιυου]

204 370 314 455 ῶσπερ
337 376 504 454 κορωνίδα
526 377 593 437 τῶν
609 378 671 437 του
687 369 832 449 κάλλους
855 379 972 438 καλῶν
993 371 1149 460 έπεθηση
1168 399 1215 438 τοι

204 473 314 552 λόγον.

286 575 384 636 XAP.
408 573 598 654 Μηδαμῶς,
663 565 746 652 πρὸς
761 573 870 653 θεῶν,
891 571 1081 651 περαιτέρω
1099 579 1217 651 προελ-

202 677 280 734 θεῖν
294 693 335 751 με
353 668 470 756 βιάση·
499 664 598 734 ίκανά
620 663 685 753 γάρ
708 670 853 750 δηλῶσαι
868 663 932 752 την
951 673 1150 735 συνουσίαν
1170 672 1216 734 καὶ

201 763 242 832 τά
257 772 323 833 νῦν
338 769 511 851 εἰρημένα,
533 765 641 843 άλλως
661 763 691 832 τ’
710 761 784 830 οὐδ’
801 761 927 849 ὅσαπερ
949 762 1047 832 εἶπον
1065 763 1217 852 ἀπομνη-

203 863 401 948 μονεύοντα.
425 866 511 953 ῥᾷον
524 861 588 950 γάρ
604 862 646 931 άν
659 890 707 940 τις
722 862 929 950 μνημονεύοι
944 869 1013 930 τῶν
1030 865 1162 946 ἑτέροις
1178 872 1219 932 εί-

203 963 360 1045 ρημένων
374 957 396 1046 ἦ
409 969 477 1028 τῶν
493 960 591 1051 αὐτῷ.

286 1064 389 1127 ΕΡΜ.
424 1068 536 1128 Ταῦτα
555 1060 617 1147 μὲν
640 1059 683 1147 δή
706 1062 812 1143 ἐστιν,
841 1049 889 1126 ῶν
909 1061 942 1138 ἐξ
964 1057 1070 1146 ἀρχῆς
1091 1065 1219 1128 ἐπεθο-

202 1163 332 1242 μοῶμεν
350 1159 530 1243 ἐπιτυχεῖν·
554 1156 595 1225 οά
613 1154 678 1244 γάρ
691 1155 731 1243 δὴ
748 1163 909 1225 τοσοῦτον
926 1154 1008 1243 ἡμῖν
1023 1165 1095 1224 τῶν
1106 1159 1218 1245 λόγων

203 1257 340 1322 ἐκείνων
355 1254 437 1325 ὅσον
452 1259 588 1343 έμέλησε
605 1263 673 1323 τῶν
687 1262 758 1322 σῶν
771 1253 923 1324 ἀκοῦσαι.
954 1253 1053 1341 ὥστ’,
1074 1251 1122 1342 ἢν
1140 1256 1218 1324 τού-

203 1378 270 1420 των
287 1350 531 1442 ἀποστερησης,
554 1352 690 1423 κάκεῖνα
702 1356 811 1441 μάτην
825 1361 883 1442 έση
895 1352 1106 1438 πεπονηκώς.
1138 1352 1218 1422 ἀλλα1

203 1448 287 1534 πρὸς
298 1449 422 1538 Ἑρμοῦ
432 1451 493 1520 τδν
503 1452 634 1520 ἅπαντα
644 1453 765 1538 λόγον,
779 1451 890 1537 ῶσπερ
902 1449 1046 1538 ὑπέστης
1057 1455 1091 1534 ἐξ
1104 1452 1217 1540 ἀρχῆς,

203 1545 337 1628 ἀπόδος.

287 1655 383 1716 ΧΑΡ.
408 1651 545 1718 Βέλτιον
559 1649 622 1736 μὲν
637 1642 681 1735 ἦν
697 1649 828 1727 τούτοις
847 1645 1072 1718 ἀπαλλάττειν
1090 1676 1136 1735 με
1154 1656 1217 1716 τῶν

201 1749 374 1831 δυσχερῶν
395 1745 593 1834 ἀγαπῶντα·
626 1750 697 1816 ἐπεὶ
720 1744 752 1814 δ’
771 1743 860 1814 οὕτω
881 1752 1044 1833 προθυμῇ
1070 1748 1132 1815 καὶ
1154 1755 1218 1812 τῶν

200 1839 370 1928 ἡμετέρων
386 1842 529 1914 ἀκοῦσαι
545 1846 674 1932 λόγων,
695 1846 751 1914 καὶ
764 1841 862 1912 τοῦδ’
879 1841 1058 1931 ὑπηρετεῖν
1072 1842 1220 1929 ἀνάγκη.
1281 1912 1282 1940 η

130 1953 183 2007 63⁶2
203 1931 267 2006 ῶδε
281 1948 398 2009 τοίνυν
413 1945 467 2012 καί
478 1943 579 2023 αὐτὸς
593 1945 801 2031 ἐποιησάμην
816 1940 877 2010 τδν
888 1941 1007 2028 λόγον·
1029 1948 1083 2011 22.
1100 1949 1150 2011 Εί
1159 1941 1219 2028 μὲν
1282 2004 1283 2016 ,

201 2046 330 2124 πρῶτος
341 2039 442 2122 αὐτὸς
455 2037 561 2132 ἦρχον
571 2048 718 2131 περὶτοῦ
731 2044 877 2122 κάλλους
886 2045 1007 2128 λέγειν,
1024 2051 1219 2129 προοιμίων

200 2134 245 2205 ἀν
253 2141 394 2226 ἐδεόμην
405 2151 549 2228 συχνῶν,
564 2145 634 2212 έπεὶ
645 2141 676 2210 δ’
691 2145 743 2210 ἐπὶ
754 2149 889 2220 πολλοῖς
899 2145 1035 2226 ἔρχομαι
1046 2155 1120 2218 τοῖς
1132 2141 1221 2225 πρό-

200 2263 299 2322 τερον
311 2241 481 2325 είρηιιόσιν
491 2246 589 2328 έρῶν,
604 2241 706 2311 οὐδὲν
717 2239 853 2320 ἀπεικὸς
863 2254 931 2317 τοῖς
942 2242 1083 2307 ἐκείνων
1094 2266 1220 2327 κεχρη-

200 2339 304 2422 μένον
317 2335 362 2417 ὡς
376 2349 563 2428 προοιμίοις
576 2344 749 2428 ἐπιφέρειν
760 2342 832 2427 ἑξῆς
847 2337 907 2410 τδν
922 2339 1044 2426 λόγον,
1061 2337 1177 2418 άλλως
1188 2337 1217 2406 τ’

200 2432 276 2504 οὐδ’
295 2438 433 2522 ἑτέρωσε
449 2450 518 2509 τῶν
538 2443 650 2529 λόγων
672 2445 877 2528 γινομένων,
901 2435 973 2507 ἀλλ’
993 2441 1149 2506 ἐνταῦθα
1165 2442 1219 2506 καὶ

200 2543 257 2622 τῆς
271 2534 374 2624 αὐτῆς
393 2537 534 2626 ἡμέρας,
557 2540 636 2609 ὥστ’
656 2545 779 2609 έυεῖναι
797 2535 947 2617 καὶτοὺς
966 2537 1142 2622 παρόντας
1157 2548 1218 2607 λα-

199 2644 294 2720 θεῖν,
314 2635 358 2715 ὡς
373 2635 429 2723 ἀρ’
452 2638 511 2725 οὐχ
532 2642 669 2718 ἕκαστος
685 2646 753 2730 ίδίφ
768 2647 1023 2727 λογοποιοῦσιν,
1046 2636 1135 2706 ἀλλά
1159 2638 1219 2705 τὸν

200 2733 306 2803 αάτδν
321 2738 457 2816 ἕκαστος
471 2741 522 2806 ἐπὶ
533 2743 655 2826 μέρους
668 2743 887 2826 διεξέρχονται
902 2739 1016 2825 λόγον.
1039 2739 1144 2831 ἑτέρφ
1155 2740 1219 2824 μὲν

200 2828 265 2903 οὖν
280 2833 374 2921 ἤρκει
389 2834 423 2921 γ’
435 2833 478 2905 ἀν
494 2845 540 2917 είς
551 2837 720 2924 εὐφημίαν
735 2838 819 2920 άπερ
835 2837 933 2926 ὑμῶν
949 2837 1087 2916 ἕκαστος
1097 2841 1218 2922 ἔτυχεν

199 2933 303 3001 είπῶν
318 2939 392 3018 περὶ
413 2945 476 3004 τοῦ
490 2939 634 3017 κάλλους
651 2943 735 3027 ίδίᾳ,
757 2937 863 3027 τούτῳ
883 2935 920 3006 δδ
938 2944 1104 3004 τοσοῦτον
1118 2946 1219 3019 περί-

197 3053 304 3118 εστιν,
328 3032 483 3104 ὥστεκαὶ
501 3052 569 3116 τοῖς
586 3038 851 3125 ἐπιγιγνομένοις
867 3039 929 3115 ἔξω
947 3041 1015 3102 τῶν
1032 3042 1100 3102 νῦν
1122 3043 1219 3122 είρη-

197 3134 310 3217 μένων
325 3130 366 3199 οὐ
382 3138 453 3201 δεῖν
470 3138 618 3204 ἐπαίνων
634 3162 704 3204 τον
721 3141 767 3213 είς
777 3133 876 3202 αὐτό·
903 3143 1039 3202 πλεῖστα
1051 3132 1118 3220 γάρ
1130 3146 1220 3204 πολ-

196 3231 359 3318 λαχόθεν,
381 3231 466 3300 αὐτὰ
481 3241 596 3318 πρῶτα
614 3241 685 3304 δεῖν
704 3236 814 3321 λέγειν
830 3235 968 3320 ἕκαστα,
992 3234 1097 3316 δόξαν
1112 3243 1218 3320 παρί-

197 3352 331 3416 στησιν,
364 3329 475 3416 ῶσπερ
500 3332 637 3402 ἀνθέων
664 3331 859 3419 εὐτυχοῦντι
883 3341 1037 3420 λειμῶνι,
1066 3334 1120 3405 ἀεὶ
1145 3345 1219 3404 τῶν

197 3433 413 3517 φαινομένων
428 3428 503 3518 ἄρτι
516 3439 778 3520 προσαγομένων
792 3435 870 3512 τούς
885 3437 1123 3521 δρεπομένους.
1145 3435 1218 3522 έγῶ
