2625 4092
261 297 494 359 ΡΗΤΟΡΩΝ
514 298 858 358 ᾺῘΔΑΣΚΑΛΟΣ.
1024 292 1067 357 95

51 470 256 547 λεγομενοις.
278 457 482 546 ἀμφιλαφεῖς
496 458 533 525 δέ
544 454 740 545 αίάφορμαί
751 467 819 527 τῶν
829 463 987 544 μέμψεων
999 471 1066 536 τοῖς

52 572 311 643 συκοφαντικοῖς
321 556 361 624 τὰ
375 550 452 623 εἶτα.
474 554 514 623 τά
528 555 561 623 δ’
574 555 660 624 άλλα
673 555 736 645 χρὴ
746 568 905 641 θαρρεῖν·
928 554 1065 642 ἡτόλμα

51 656 115 741 γὰρ
130 660 186 723 καὶ
199 652 483 741 άναισχυντίακαλ
497 660 622 735 ψεῦδος
633 657 814 742 πρόχειρον
830 659 883 724 καί
899 654 999 738 ὅρκος
1011 652 1063 723 ἐπ’

51 754 166 836 ἄκροις
181 750 232 821 άεί
247 768 315 833 τοῖς
330 762 450 839 χείλεσι
463 757 518 821 καὶ
532 754 666 837 φθόνος
680 753 764 836 πρὸς
779 753 929 833 ἅπαντας
943 756 999 822 καί
1010 768 1065 839 μῖψ

51 874 108 929 σος
121 854 179 919 καὶ
193 858 386 939 βλασφημία
400 852 454 919 καί
469 854 622 937 διαβολαὶ
635 861 789 921 πιθαναί.
812 852 916 921 ταῦτά
934 873 971 919 σε
990 850 1063 918 άοί-
1079 857 1112 911 24

52 956 150 1034 διμον
164 952 202 1018 έν
216 958 333 1037 βραχεῖ
346 953 400 1017 καὶ
414 957 635 1037 περίβλεπτον
650 947 828 1035 ἀποφανεῖ.
849 957 986 1017 τοιαῦτα
1002 952 1064 1035 μὲν

52 1046 89 1113 τὰ
101 1045 234 1133 φανερά
246 1046 351 1115 καὶτὰ
363 1052 433 1127 ἔξω.
458 1054 507 1115 23.
523 1053 592 1137 ίδίηι
602 1050 638 1115 δὲ
646 1050 756 1115 πάντα
768 1048 946 1133 πράγματα
955 1060 1065 1121 ποιεῖν

51 1168 103 1214 σοι
113 1146 278 1232 δεδόχθω,
290 1146 449 1233 κυβεύειν
459 1146 694 1232 μεθύσκεσθαι
706 1146 884 1232 λαγνεύειν
894 1147 1065 1233 μοιχεύειν

52 1241 70 1330 ἢ
84 1243 201 1331 αὐχεῖν
215 1248 269 1331 γε,
289 1239 356 1313 κάν
367 1242 411 1330 μὴ
427 1254 539 1333 ποιῇς,
558 1247 617 1311 καί
627 1242 711 1326 πρὸς
726 1244 875 1322 ἅπαντας
889 1247 998 1331 λέγειν
1009 1245 1063 1312 καί

51 1347 241 1432 γραμμάτια
258 1346 482 1413 ἐπιδεικνύειν
492 1344 559 1411 ὑπό
571 1352 745 1431 γυναικῶν
757 1350 865 1431 δῆθεν
875 1346 1062 1429 γραφέντα·Ι

51 1444 148 1525 καλός
162 1442 229 1532 γάρ
245 1442 330 1513 εἶναι
350 1448 431 1511 θέλε
445 1448 499 1513 καί
517 1449 568 1512 σοί
584 1449 710 1531 μελέτω
723 1442 789 1512 ὑπό
808 1453 876 1512 των
889 1450 1062 1529 γυναικῶν

51 1542 300 1623 σπουδάζεσθαι
321 1548 451 1609 δοκεῖν·
479 1545 511 1619 ές
530 1541 592 1627 τὴν
612 1539 794 1628 ῥητορικὴν
810 1540 875 1627 γὰρ
890 1544 945 1609 καί
962 1549 1061 1608 τοῦτο

51 1638 246 1707 ἀνοίσουσιν
258 1644 292 1707 οί
305 1646 439 1721 πολλοί,
456 1636 499 1716 ὡς
514 1638 569 1705 διὰ
585 1642 685 1707 τοῦτό
697 1661 761 1706 σου
770 1643 826 1707 καί
840 1637 915 1725 ἄχρι
927 1645 984 1724 τῆς
998 1664 1061 1723 γυ-

52 1740 281 1815 ναικωνίτιδος
297 1734 571 1822 εὐδοκιμοῦντος·
600 1740 655 1805 καὶ
669 1734 707 1803 τό
722 1742 815 1805 δεῖνα
835 1739 874 1803 δέ
880 1776 896 1814 ‚›
910 1734 954 1821 μη
971 1740 1062 1805 αίδε-

51 1841 148 1923 σθῇς,
167 1841 199 1903 εί
211 1838 266 1902 καί
280 1834 365 1919 πρὸς
380 1835 517 1918 ἀνδρῶν
531 1838 584 1904 ἐπὶ
595 1844 641 1926 τῷ
652 1838 752 1927 ἑτέρω
763 1840 905 1919 ἐρᾶσθαι
916 1840 1059 1918 δοκοίης,

50 1936 101 2000 καὶ
124 1940 230 2000 ταῦτα
252 1935 424 2020 γενειήτης
446 1930 467 2019 ἢ
491 1935 547 2002 καὶ
569 1931 611 2018 νη
633 1942 701 2001 Δία
723 1931 895 2019 φαλακρός
915 1932 978 2020 ἤδη
1001 1930 1058 1999 ὤν.

51 2027 121 2099 ἄλλ’
140 2037 290 2099 ἔστωσαν
302 2038 337 2101 σί
348 2036 402 2101 καί
417 2037 469 2101 ἐπὶ
482 2033 590 2123 τούτφ
605 2032 780 2110 συνόντες·
802 2027 846 2118 ἦν
857 2031 894 2099 δέ
908 2028 953 2117 μη
966 2023 1060 2114 ὦσιν,

51 2136 83 2198 οί
95 2133 222 2199 οἰκέται
242 2134 361 2199 ίκανοί.
394 2130 501 2200 πολλὰ
518 2129 583 2217 γάρ
600 2134 655 2198 καί
671 2133 707 2198 έκ
722 2138 785 2197 τοῦ
803 2129 959 2198 τοιούτου
976 2126 1060 2211 πρὸς

49 2228 107 2315 τὴν
118 2226 302 2317 ῥητορικὴν
312 2230 454 2315 χρήσιμα
465 2236 698 2314 παραγίνεται·
714 2225 868 2315 πλείωνὴ
878 2226 1061 2314 ἀναισχυν-

49 2336 98 2395 τία
114 2331 170 2396 καὶ
186 2329 325 2413 θράσος.
348 2325 429 2416 ὁρᾷς
440 2324 484 2405 ὡς
494 2334 684 2411 λαλίστεραι
700 2332 736 2396 αί
750 2342 908 2415 γυναῖκες
922 2330 977 2396 καὶ
988 2338 1060 2396 λοι-

50 2431 229 2511 δορούνται
239 2434 399 2515 περιττῶς
409 2429 464 2495 καί
475 2425 560 2510 ὑπὲρ
570 2426 649 2506 τούς
660 2427 803 2514 ἄνδραςς
819 2434 849 2497 εί
856 2427 897 2514 δὴ
909 2425 948 2495 τά
961 2426 1058 2513 ὅμοια

50 2528 201 2613 πάσχοις,
225 2530 360 2604 διοίσεις
375 2533 444 2594 τόν
466 2526 586 2595 ἄλλων.
618 2530 673 2594 καὶ
695 2526 764 2613 μὴν
784 2528 839 2596 καὶ
859 2533 1059 2593 πιττοῦσθαι

49 2622 107 2711 χρὴ
121 2626 263 2712 μάλιστα
274 2623 337 2710 μὲν
348 2623 387 2692 τά
401 2625 526 2709 πάντα,
543 2633 574 2695 εί
586 2629 622 2695 δέ
637 2628 700 2713 μή,
717 2627 849 2705 πάντως
860 2630 978 2694 έκεῖνα.
1002 2627 1054 2691 καί
1072 2640 1107 2697 2ο

51 2722 130 2791 αότὸ
147 2729 188 2792 δέ
195 2746 249 2792 σοι
262 2722 299 2792 τό
313 2725 419 2812 στόμα
434 2724 519 2812 πρὸς
533 2724 666 2794 ἅπαντα
677 2723 797 2811 ὁμοίως
808 2729 988 2811 κεχηνέτω,
1004 2729 1059 2791 καλ

50 2819 68 2907 ἡ
84 2822 430 2911 γλῶτταύπηρετείτω
444 2827 499 2893 καί
517 2824 600 2910 πρὸς
616 2822 695 2902 τούς
713 2826 836 2911 λόγους
851 2826 906 2892 καί
921 2821 1005 2909 πρὸς
1018 2850 1057 2890 τα

50 2920 132 2990 ἄλλα
147 2918 255 2991 ὁπόσα
271 2919 315 2991 άν
330 2926 486 3011 δύνηται·
509 2925 656 2992 Ιδύναται
673 2924 709 2993 δέ
725 2923 767 2992 ού
782 2930 979 3005 σολοικιῖειν
994 2926 1059 3009 μό-

50 3046 109 3087 νον
124 3020 499 3110 καὶβαρβαριῗεινούδδ
510 3032 624 3109 ληρεῖν
638 3018 661 3107 ἦ
678 3025 846 3106 ἐπιορκεῖν
860 3019 882 3110 ἢ
894 3028 1057 3106 λοιδορεῖ-

50 3131 131 3188 σθαι
150 3115 174 3206 ἢ
191 3122 383 3208 διαβάλλειν
400 3127 454 3193 καί
471 3123 676 3207 ψεύδεσθαι,
697 3122 780 3191 ἀλλὰ
797 3126 852 3191 καί
873 3125 1006 3205 νύκτωρ
1026 3150 1057 3192 τι

51 3216 127 3287 ἄλλο
137 3216 333 3306 ὑποτελεῖν,
350 3225 405 3293 καί
416 3222 557 3305 μάλιστα
570 3216 615 3307 ἢν
626 3217 711 3303 πρὸς
722 3220 811 3289 οὕτω
822 3219 968 3300 πολλούς
978 3220 1057 3301 τούς

52 3322 171 3400 ἔρωτας
186 3316 234 3404 μὴ
257 3323 447 3409 διαρκεσης·
481 3323 589 3389 πάντα
615 3316 699 3405 αὐτη
727 3329 765 3407 γε
785 3322 978 3393 ἐπιστάσθω
1003 3324 1056 3391 καί

51 3419 254 3504 γονιμωτέρα
274 3420 425 3503 γινέσθω
439 3424 495 3489 καὶ
515 3422 620 3507 μηδὲν
635 3416 911 3505 ἀποστρεφέσθω.
945 3417 1056 3507 δελ-ἦν

52 3508 206 3600 zuzim&
219 3528 289 3601 παῖ,
307 3525 416 3596 καλῶς
429 3520 633 3608 έκμάθης-
645 3520 790 3587 δύνασαι
805 3524 856 3589 δέ·
880 3519 981 3587 οὐδέν
992 3523 1059 3605 γάρ
