2625 4092
449 290 746 349 ΑΝΑΧΑΡΣΙΣ.
1057 289 1099 352 63

92 450 130 514 ἐκ
145 452 293 531 πολέμου
305 449 427 515 σώσειν
446 449 508 533 τὴν
528 448 627 515 πόλιν
644 452 699 517 καὶ
715 453 898 536 ἐλευθέραν
914 455 970 519 καὶ
986 449 1084 521 εύδαύ

91 570 180 629 μονα
196 545 423 631 διαφυλάξειν.
450 544 512 631 τὴν
526 546 587 631 μὲν
603 544 642 632 δὴ
664 545 800 633 πρωτην
820 546 1015 636 ἀνατροφὴν
1035 546 1098 617 αύ-

90 649 160 709 τῶν
181 641 324 729 μητράσι
347 644 408 710 καί
421 652 550 722 τίτθαις
566 647 620 712 καὶ
637 648 861 730 παιδαγωγοῖς
881 648 1098 733 ἐπιτρέπομεν

91 737 159 806 ὑπὸ
178 744 341 817 παιδείαις
360 744 564 825 ἐλευθερίοις
581 740 676 827 ἀγειν
696 768 730 808 τε
745 744 800 811 καί
812 745 947 828 τρέφειν
963 742 1097 828 αύτούς,

90 835 230 905 ἐπειδάν
251 838 288 904 δὲ
308 840 441 906 συνετοὶ
463 837 524 924 ἤδη
544 843 724 924 γίγνωνται
739 847 808 907 τῶν
825 850 933 921 καλῶς
954 845 1098 927 ἑχόντων

90 937 147 1002 καί
161 932 262 1012 αἰδιδς
275 937 328 1002 καὶ
346 936 499 1021 ἐρύθημα
511 939 565 1004 καὶ
582 936 688 1025 φόβος
704 940 759 1005 καί
770 940 931 1025 ἐπιθυμία
943 947 1011 1007 τῶν
1022 938 1097 1022 ἀρί-

90 1055 181 1099 στων
193 1030 384 1117 ἀναφύηται
395 1031 507 1112 αύτοίς
517 1036 571 1102 καὶ
580 1032 665 1103 αύτά
675 1034 738 1121 ἤδη
750 1034 789 1103 τά
798 1037 934 1121 σώματα
944 1035 1096 1124 ἀξιόχρεα

90 1135 176 1218 δοκῇ
186 1128 270 1215 πρὸς
280 1127 360 1207 τούς
371 1132 497 1210 πόνους
507 1132 695 1219 παγιάτερα
706 1135 888 1221 γιγνόμενα
899 1139 953 1203 καί
965 1134 1048 1222 πρὸς
1057 1134 1094 1203 τό

90 1228 310 1315 ἰσχυρότερον
322 1229 564 1315 συνιστάμενα,
583 1238 763 1316 τηνικαῦτα
773 1230 837 1318 ἤδη
847 1233 1096 1320 παραλαβόντες

89 1323 215 1406 αύτούς
236 1327 439 1414 διδάσκομεν
458 1326 542 1395 ἀλλα
559 1330 621 1413 μὲν
641 1336 699 1414 τῆς
716 1339 823 1415 ψυχῆς
842 1331 1021 1417 μαθήματα
1040 1330 1095 1397 καὶ

87 1425 260 1511 γυμνάσια
279 1426 509 1511 προτιθέντες,
532 1424 639 1505 άλλως
656 1428 692 1493 δέ
709 1424 792 1512 πρὸς
805 1425 883 1505 τούς
900 1427 1026 1506 πόνους
1040 1430 1094 1495 καὶ

86 1519 130 1590 τὰ
148 1523 282 1610 στόματα
301 1526 478 1605 ἐθίζοντες·
508 1522 550 1592 ού
566 1522 631 1609 γάρ
648 1524 767 1592 ἱκανόν
783 1523 863 1611 ἡμῖν
883 1528 995 1605 ἔδοξεν
1012 1523 1093 1592 αύτδ

86 1622 199 1707 μόνον
213 1628 318 1706 φῦναι
336 1618 378 1699 ὡς
398 1628 463 1708 ἐφυ
478 1624 616 1700 ἕκαστος
631 1621 702 1707 ἢτοι
716 1621 798 1690 κατά
813 1622 850 1690 τό
865 1630 958 1708 σῶμα
976 1618 1093 1710 ἦκατά

86 1716 151 1804 την
163 1719 288 1805 ψυχήν,
304 1716 454 1788 ἀλλὰκαὶ
467 1719 672 1799 παιδεύσεως
681 1724 736 1788 καί
746 1721 955 1807 μαθημάτων
966 1717 1018 1787 ἐπ’
1032 1717 1094 1785 αύ-

87 1814 169 1895 τούς
184 1818 346 1903 δεόμεθα,
371 1814 431 1904 ὑφ’
450 1809 499 1886 ύν
513 1818 554 1885 τά
569 1844 604 1885 τε
621 1816 756 1904 εύφυως
770 1822 960 1902 διακείμενα
975 1824 1094 1905 βελτίω

86 1914 179 2001 παρά
205 1913 292 1983 πολύ
313 1923 461 2003 γίγνοιτο
483 1912 527 1983 άν
552 1919 605 1984 καὶ
630 1914 670 1983 τά
696 1917 833 2002 φαύλως
852 1920 967 2001 ἔχοντα
992 1940 1092 2001 μετα·
1111 1928 1162 1982 9ολ

86 2027 245 2099 ιιοσμοῑτο
260 2012 343 2095 πρὸς
354 2012 390 2081 τό
406 2017 554 2101 βέλτιον·
576 2017 630 2081 καὶ
645 2012 681 2082 τὸ
694 2015 902 2101 παράδειγμα
912 2009 992 2099 ἡμῖν
1003 2010 1092 2095 παρὰ

86 2121 158 2180 των
170 2119 345 2199 γεωργῶν,
363 2120 398 2180 οἳ
408 2112 448 2180 τά
464 2111 553 2198 φυτά
568 2116 661 2198 μέχρι
673 2114 735 2199 μὲν
748 2113 909 2197 πρόσγεια
923 2112 978 2178 καὶ
989 2110 1092 2197 νήπιά

86 2214 173 2295 ἐστι,
195 2213 355 2279 σκέπουσι
375 2214 429 2278 καί
446 2211 745 2295 περιφράττουσιν,
768 2208 811 2285 ως
830 2208 874 2295 μὴ
892 2210 1091 2295 βλάπτοιντο

87 2305 155 2375 ὑπὸ
170 2314 240 2375 τῶν
254 2311 471 2395 πνευμάτων,
493 2306 629 2378 ἐπειδάν
644 2311 681 2376 δὲ
699 2307 763 2395 ἤδη
779 2308 966 2393 παχύνηται
981 2302 1018 2371 τό
1036 2311 1092 2390 ἔρ-

13 2481 17 2493 ,
87 2434 162 2491 νος,
179 2414 360 2492 τηνικαῦτα
374 2409 610 2493 περιτέμνουσί
625 2434 661 2475 τε
674 2408 714 2474 τά
729 2404 863 2491 περιττά
879 2408 934 2473 καὶ
948 2409 1089 2488 παραδι-

87 2505 203 2585 δόντες
220 2503 303 2573 αύτά
320 2522 387 2585 τοῖς
404 2505 538 2593 ἀνέμοις
552 2512 664 2574 δονεῖν
679 2508 733 2573 καὶ
745 2505 956 2571 διασαλεύειν
970 2526 1092 2586 καρπι-

86 2606 219 2691 μσότερα
231 2607 465 2690 ἐξεργάζονται.
489 2612 538 2673 21.
552 2603 614 2692 τὴν
625 2604 687 2689 μὲν
699 2610 816 2671 τοίνυν
827 2598 937 2689 ψυχὴν
948 2608 1092 2688 μουσικῇ

84 2702 123 2771 τό
140 2710 276 2788 πρῶτον
290 2706 344 2771 καὶ
360 2702 564 2792 ἀριθμητικῇ
575 2702 833 2789 ἀυαρριπιῒομεν
847 2701 901 2767 καὶ
915 2697 1091 2786 γράμματα

86 2802 282 2888 γράψασθαι
310 2805 364 2870 καί
391 2811 496 2889 τοριός
524 2800 607 2869 αύτά
635 2803 847 2881 ἐπιλέξασθαι
873 2800 1089 2883 διδάσκομεν·
1196 2866 1200 2875 ,

85 2907 241 2985 προϊοῦσι
258 2902 294 2969 δὲ
304 2901 368 2989 ἤδη
379 2909 497 2987 σοφοῖν
510 2901 646 2986 ἀνδρῶν
661 2898 794 2986 γνύμας
805 2901 859 2966 καὶ
872 2904 951 2984 ἔργα
966 2893 1090 2964 παλαιά

85 3001 140 3069 καὶ
154 3000 277 3086 λόγους
294 2999 481 3089 ὠφελίμους
494 3004 532 3071 ἐν
550 3003 681 3088 μέτροις
697 2997 1023 3084 κατακοσμήσαντες,
1046 2992 1090 3072 (ὃς

84 3106 212 3183 μᾶλλον
237 3102 498 3186 μνημονεύοιεν,
525 3102 747 3189 ῥαψῳδοῦμεν
769 3092 889 3173 αὐτοῖς.
921 3098 957 3162 σί
975 3092 1010 3161 δὲ
1034 3094 1089 3160 καί

83 3195 264 3275 ἀκούοντες
280 3196 444 3281 ἀριστείας
454 3197 548 3277 τινάς
557 3201 612 3267 καὶ
624 3198 758 3280 πράξεις
768 3192 939 3280 ἀοιδίμους
950 3188 1089 3279 ὀρέγον-

83 3323 136 3363 ται
149 3293 231 3363 κατάι
249 3295 370 3380 μικρὸν
387 3295 539 3382 καὶπρὸς
554 3304 693 3383 μίμησιν
710 3298 952 3379 ἐπεγείρονται,
975 3288 1020 3370 ὡς
1034 3294 1089 3359 καὶ

83 3394 177 3461 αύτολ
197 3390 332 3480 ᾄδοιντο
354 3396 409 3461 καὶ
427 3396 653 3480 θαυμάζοιντο
676 3391 741 3460 ὑπὸ
763 3400 832 3459 των
852 3388 1011 3475 ὕστερον,
1035 3385 1088 3457 οἱα

82 3487 190 3559 πολλά
200 3488 351 3570 Ἡσίοδός
364 3518 399 3559 τε
409 3490 489 3578 ἡμῖν
499 3497 553 3561 καί
560 3493 703 3578 Ὅμηρος
714 3496 881 3576 ἐποίησαν.
906 3486 1088 3556 ἐπειδύνδὲ
