<?xml version="1.0" encoding="UTF-8"?>
<!DOCTYPE html PUBLIC "-//W3C//DTD XHTML 1.0 Transitional//EN"
    "http://www.w3.org/TR/xhtml1/DTD/xhtml1-transitional.dtd">
<html xmlns="http://www.w3.org/1999/xhtml" xml:lang="en" lang="en">
 <head>
  <title>
</title>
<meta http-equiv="Content-Type" content="text/html;charset=utf-8" />
  <meta name='ocr-system' content='tesseract 3.04.00' />
  <meta name='ocr-capabilities' content='ocr_page ocr_carea ocr_par ocr_line ocrx_word'/>
</head>
<body>
  <div class='ocr_page' id='page_1' title='image "./lucianisamosate04jacogoog/lucianisamosate04jacogoog_0031.png"; bbox 0 0 2625 4092; ppageno 0'>
   <div class='ocr_carea' id='block_1_1' title="bbox 12 253 1125 346">
    <p class='ocr_par' dir='ltr' id='par_1_1' title="bbox 12 253 1125 346">
     <span class='ocr_line' id='line_1_1' title="bbox 12 253 1125 346; baseline 0.012 -13"><span class='ocrx_word' id='word_1_1' title='bbox 12 253 18 292; x_wconf 71' lang='lat'>&#39;</span> <span class='ocrx_word' id='word_1_2' title='bbox 468 289 702 344; x_wconf 64' lang='lat' dir='ltr'><strong><em>esserum.</em></strong></span> <span class='ocrx_word' id='word_1_3' title='bbox 1088 308 1125 346; x_wconf 65' lang='lat' dir='ltr'><strong><em>xv</em></strong></span> 
     </span>
    </p>
   </div>
   <div class='ocr_carea' id='block_1_2' title="bbox 35 420 1129 1470">
    <p class='ocr_par' dir='ltr' id='par_1_2' title="bbox 35 420 1129 1470">
     <span class='ocr_line' id='line_1_2' title="bbox 38 420 1128 500; baseline 0.004 -21"><span class='ocrx_word' id='word_1_4' title='bbox 38 425 159 490; x_wconf 80' lang='grc' dir='ltr'><strong><em>κατᾶξαι</em></strong></span> <span class='ocrx_word' id='word_1_5' title='bbox 177 437 316 496; x_wconf 77' lang='lat' dir='ltr'><strong>praeeunte</strong></span> <span class='ocrx_word' id='word_1_6' title='bbox 332 429 389 484; x_wconf 82' lang='lat' dir='ltr'><strong><em>eod.</em></strong></span> <span class='ocrx_word' id='word_1_7' title='bbox 406 445 453 496; x_wconf 85' lang='lat' dir='ltr'><strong><em>pro</em></strong></span> <span class='ocrx_word' id='word_1_8' title='bbox 467 420 587 490; x_wconf 84' lang='grc' dir='ltr'><strong><em>κατάξαι</em></strong></span> <span class='ocrx_word' id='word_1_9' title='bbox 622 431 684 482; x_wconf 79' lang='lat' dir='ltr'><strong>ibid.</strong></span> <span class='ocrx_word' id='word_1_10' title='bbox 696 446 737 484; x_wconf 81' lang='grc' dir='ltr'><strong><em>τι.</em></strong></span> <span class='ocrx_word' id='word_1_11' title='bbox 753 426 811 481; x_wconf 84' lang='grc' dir='ltr'><strong><em>των</em></strong></span> <span class='ocrx_word' id='word_1_12' title='bbox 828 421 941 495; x_wconf 72' lang='grc' dir='ltr'><strong><em>ίγθάων</em></strong></span> <span class='ocrx_word' id='word_1_13' title='bbox 956 447 1014 482; x_wconf 89' lang='lat' dir='ltr'><strong><em>eum</em></strong></span> <span class='ocrx_word' id='word_1_14' title='bbox 1030 431 1128 500; x_wconf 70' lang='lat' dir='ltr'><strong>Guyetc</strong></span> 
     </span>
     <span class='ocr_line' id='line_1_3' title="bbox 37 490 1128 566; baseline 0.003 -18"><span class='ocrx_word' id='word_1_15' title='bbox 37 501 96 550; x_wconf 81' lang='lat' dir='ltr'><strong>mihi</strong></span> <span class='ocrx_word' id='word_1_16' title='bbox 114 499 244 549; x_wconf 83' lang='lat' dir='ltr'><strong>eiiciendc</strong></span> <span class='ocrx_word' id='word_1_17' title='bbox 261 500 392 559; x_wconf 62' lang='lat' dir='ltr'><strong>videntum</strong></span> <span class='ocrx_word' id='word_1_18' title='bbox 412 507 569 565; x_wconf 77' lang='lat' dir='ltr'><strong>quapropter</strong></span> <span class='ocrx_word' id='word_1_19' title='bbox 587 500 708 550; x_wconf 73' lang='lat' dir='ltr'><strong>cancellis</strong></span> <span class='ocrx_word' id='word_1_20' title='bbox 724 501 919 565; x_wconf 78' lang='lat' dir='ltr'><strong>circumscripsi.</strong></span> <span class='ocrx_word' id='word_1_21' title='bbox 954 501 1014 551; x_wconf 82' lang='lat' dir='ltr'><strong>ibid.</strong></span> <span class='ocrx_word' id='word_1_22' title='bbox 1032 490 1128 566; x_wconf 84' lang='grc' dir='ltr'><strong><em>ὄρνεις</em></strong></span> 
     </span>
     <span class='ocr_line' id='line_1_4' title="bbox 52 557 1129 636; baseline 0.002 -18"><span class='ocrx_word' id='word_1_23' title='bbox 52 576 176 618; x_wconf 82' lang='lat' dir='ltr'><strong>raceuntc</strong></span> <span class='ocrx_word' id='word_1_24' title='bbox 194 569 270 620; x_wconf 88' lang='lat' dir='ltr'><strong>Dind.</strong></span> <span class='ocrx_word' id='word_1_25' title='bbox 287 583 334 636; x_wconf 84' lang='lat' dir='ltr'><strong><em>pro</em></strong></span> <span class='ocrx_word' id='word_1_26' title='bbox 353 557 434 632; x_wconf 84' lang='grc' dir='ltr'><strong><em>ὅρνις</em></strong></span> <span class='ocrx_word' id='word_1_27' title='bbox 475 585 497 618; x_wconf 91' lang='lat' dir='ltr'><strong><em>c.</em></strong></span> <span class='ocrx_word' id='word_1_28' title='bbox 518 571 553 619; x_wconf 90' lang='grc'><strong><em>24</em></strong></span> <span class='ocrx_word' id='word_1_29' title='bbox 574 560 628 634; x_wconf 80' lang='grc' dir='ltr'><strong><em>τήν</em></strong></span> <span class='ocrx_word' id='word_1_30' title='bbox 648 559 758 634; x_wconf 75' lang='grc' dir='ltr'><strong><em>ἐσθῆτα</em></strong></span> <span class='ocrx_word' id='word_1_31' title='bbox 778 561 811 618; x_wconf 73' lang='grc' dir='ltr'><strong><em>δέ</em></strong></span> <span class='ocrx_word' id='word_1_32' title='bbox 835 584 892 619; x_wconf 87' lang='lat' dir='ltr'><strong><em>cum</em></strong></span> <span class='ocrx_word' id='word_1_33' title='bbox 909 569 1050 636; x_wconf 30' lang='lat' dir='ltr'><strong>Dind..pro</strong></span> <span class='ocrx_word' id='word_1_34' title='bbox 1073 563 1129 636; x_wconf 79' lang='grc' dir='ltr'><strong><em>την</em></strong></span> 
     </span>
     <span class='ocr_line' id='line_1_5' title="bbox 35 584 1124 705; baseline 0.002 -16"><span class='ocrx_word' id='word_1_35' title='bbox 35 584 148 702; x_wconf 56' lang='lat' dir='ltr'><strong>{civica</strong></span> <span class='ocrx_word' id='word_1_36' title='bbox 158 630 190 686; x_wconf 72' lang='grc' dir='ltr'><strong><em>δέ</em></strong></span> <span class='ocrx_word' id='word_1_37' title='bbox 201 631 262 688; x_wconf 81' lang='grc' dir='ltr'><strong><em>δέοι</em></strong></span> <span class='ocrx_word' id='word_1_38' title='bbox 297 637 358 691; x_wconf 83' lang='lat' dir='ltr'><strong>ibid.</strong></span> <span class='ocrx_word' id='word_1_39' title='bbox 375 633 424 687; x_wconf 76' lang='lat' dir='ltr'><strong>eci</strong></span> <span class='ocrx_word' id='word_1_40' title='bbox 440 629 472 688; x_wconf 90' lang='grc' dir='ltr'><strong><em>τὸ</em></strong></span> <span class='ocrx_word' id='word_1_41' title='bbox 489 629 620 705; x_wconf 83' lang='grc' dir='ltr'><strong><em>παρά]τὸ</em></strong></span> <span class='ocrx_word' id='word_1_42' title='bbox 632 654 690 689; x_wconf 89' lang='lat' dir='ltr'><strong><em>cum</em></strong></span> <span class='ocrx_word' id='word_1_43' title='bbox 702 639 759 691; x_wconf 86' lang='lat' dir='ltr'><strong><em>eod.</em></strong></span> <span class='ocrx_word' id='word_1_44' title='bbox 770 639 867 688; x_wconf 84' lang='lat' dir='ltr'><strong>inserui</strong></span> <span class='ocrx_word' id='word_1_45' title='bbox 881 642 985 689; x_wconf 74' lang='lat' dir='ltr'><strong>auctore</strong></span> <span class='ocrx_word' id='word_1_46' title='bbox 995 640 1124 691; x_wconf 78' lang='lat' dir='ltr'><strong>Schmied.</strong></span> 
     </span>
     <span class='ocr_line' id='line_1_6' title="bbox 35 696 1126 774; baseline 0.003 -16"><span class='ocrx_word' id='word_1_47' title='bbox 35 709 96 758; x_wconf 83' lang='lat' dir='ltr'><strong>ibid.</strong></span> <span class='ocrx_word' id='word_1_48' title='bbox 114 701 143 755; x_wconf 86' lang='grc' dir='ltr'><strong><em>εί</em></strong></span> <span class='ocrx_word' id='word_1_49' title='bbox 156 699 207 774; x_wconf 83' lang='grc' dir='ltr'><strong><em>μὴ]</em></strong></span> <span class='ocrx_word' id='word_1_50' title='bbox 223 696 260 772; x_wconf 75' lang='grc' dir='ltr'><strong><em>ἢν</em></strong></span> <span class='ocrx_word' id='word_1_51' title='bbox 278 699 317 773; x_wconf 78' lang='grc' dir='ltr'><strong><em>μὴ</em></strong></span> <span class='ocrx_word' id='word_1_52' title='bbox 332 709 369 759; x_wconf 89' lang='lat' dir='ltr'><strong><em>id.</em></strong></span> <span class='ocrx_word' id='word_1_53' title='bbox 406 725 427 758; x_wconf 83' lang='lat' dir='ltr'><strong>c</strong></span> <span class='ocrx_word' id='word_1_54' title='bbox 443 709 478 759; x_wconf 87' lang='grc'><strong><em>25</em></strong></span> <span class='ocrx_word' id='word_1_55' title='bbox 492 701 630 772; x_wconf 69' lang='grc' dir='ltr'><strong><em>θαυμάζω</em></strong></span> <span class='ocrx_word' id='word_1_56' title='bbox 647 699 712 774; x_wconf 86' lang='grc' dir='ltr'><strong><em>γάρ]</em></strong></span> <span class='ocrx_word' id='word_1_57' title='bbox 732 698 869 772; x_wconf 74' lang='grc' dir='ltr'><strong><em>θαυμάζω</em></strong></span> <span class='ocrx_word' id='word_1_58' title='bbox 884 699 938 772; x_wconf 84' lang='grc' dir='ltr'><strong><em>γάρ</em></strong></span> <span class='ocrx_word' id='word_1_59' title='bbox 955 721 985 758; x_wconf 85' lang='grc' dir='ltr'><strong><em>σε</em></strong></span> <span class='ocrx_word' id='word_1_60' title='bbox 1000 711 1036 760; x_wconf 87' lang='lat' dir='ltr'><strong><em>id.</em></strong></span> <span class='ocrx_word' id='word_1_61' title='bbox 1065 711 1126 761; x_wconf 81' lang='lat' dir='ltr'><strong>ibid.</strong></span> 
     </span>
     <span class='ocr_line' id='line_1_7' title="bbox 36 765 1128 914; baseline 0.004 -19.996"><span class='ocrx_word' id='word_1_62' title='bbox 36 771 472 858; x_wconf 76' lang='lat'>1</span> <span class='ocrx_word' id='word_1_63' title='bbox 491 770 638 914; x_wconf 58' lang='grc' dir='ltr'><strong><em>τινα</em></strong></span> <span class='ocrx_word' id='word_1_64' title='bbox 657 765 1061 912; x_wconf 62' lang='grc' dir='ltr'><strong><em>κλονέονται</em></strong></span> <span class='ocrx_word' id='word_1_65' title='bbox 1068 772 1128 914; x_wconf 65' lang='lat' dir='ltr'><strong><em>ri}</em></strong></span> 
     </span>
     <span class='ocr_line' id='line_1_8' title="bbox 442 883 1009 909; baseline -0.002 -7"><span class='ocrx_word' id='word_1_66' title='bbox 442 887 449 902; x_wconf 75' lang='grc' dir='ltr'><strong><em>ο</em></strong></span> <span class='ocrx_word' id='word_1_67' title='bbox 481 886 488 900; x_wconf 74' lang='grc' dir='ltr'><strong><em>ι</em></strong></span> <span class='ocrx_word' id='word_1_68' title='bbox 518 887 524 900; x_wconf 75' lang='grc' dir='ltr'><strong><em>ι</em></strong></span> <span class='ocrx_word' id='word_1_69' title='bbox 565 885 571 896; x_wconf 84' lang='grc'>·</span> <span class='ocrx_word' id='word_1_70' title='bbox 632 884 638 896; x_wconf 87' lang='lat'><strong>·</strong></span> <span class='ocrx_word' id='word_1_71' title='bbox 811 883 819 909; x_wconf 70' lang='grc' dir='ltr'><strong><em>γ</em></strong></span> <span class='ocrx_word' id='word_1_72' title='bbox 1002 888 1009 901; x_wconf 74' lang='grc' dir='ltr'><strong><em>ι</em></strong></span> 
     </span>
     <span class='ocr_line' id='line_1_9' title="bbox 35 905 1129 983; baseline 0.003 -19"><span class='ocrx_word' id='word_1_73' title='bbox 35 905 134 980; x_wconf 70' lang='grc' dir='ltr'><strong><em>η”νμή</em></strong></span> <span class='ocrx_word' id='word_1_74' title='bbox 152 915 228 968; x_wconf 89' lang='lat' dir='ltr'><strong>Dind.</strong></span> <span class='ocrx_word' id='word_1_75' title='bbox 265 931 288 966; x_wconf 88' lang='lat' dir='ltr'><strong><em>c.</em></strong></span> <span class='ocrx_word' id='word_1_76' title='bbox 306 915 339 966; x_wconf 90' lang='grc'><strong><em>28</em></strong></span> <span class='ocrx_word' id='word_1_77' title='bbox 360 911 433 982; x_wconf 81' lang='grc' dir='ltr'><strong><em>πρὸς</em></strong></span> <span class='ocrx_word' id='word_1_78' title='bbox 455 908 487 966; x_wconf 72' lang='grc' dir='ltr'><strong><em>δέ</em></strong></span> <span class='ocrx_word' id='word_1_79' title='bbox 510 911 546 968; x_wconf 89' lang='grc' dir='ltr'><strong><em>τά</em></strong></span> <span class='ocrx_word' id='word_1_80' title='bbox 564 908 634 982; x_wconf 84' lang='grc' dir='ltr'><strong><em>μετά</em></strong></span> <span class='ocrx_word' id='word_1_81' title='bbox 651 913 752 983; x_wconf 78' lang='grc' dir='ltr'><strong><em>ταῦτα]</em></strong></span> <span class='ocrx_word' id='word_1_82' title='bbox 778 919 814 967; x_wconf 78' lang='lat' dir='ltr'><strong>its</strong></span> <span class='ocrx_word' id='word_1_83' title='bbox 830 917 890 968; x_wconf 89' lang='lat' dir='ltr'><strong>dedi</strong></span> <span class='ocrx_word' id='word_1_84' title='bbox 908 925 1010 967; x_wconf 78' lang='lat' dir='ltr'><strong>auctore</strong></span> <span class='ocrx_word' id='word_1_85' title='bbox 1027 918 1129 968; x_wconf 81' lang='lat' dir='ltr'><strong>Halmio</strong></span> 
     </span>
     <span class='ocr_line' id='line_1_10' title="bbox 36 977 1127 1052; baseline 0.002 -18"><span class='ocrx_word' id='word_1_86' title='bbox 36 1001 81 1050; x_wconf 86' lang='lat' dir='ltr'><strong><em>pro</em></strong></span> <span class='ocrx_word' id='word_1_87' title='bbox 101 977 142 1042; x_wconf 77' lang='grc' dir='ltr'><strong><em>ὥς</em></strong></span> <span class='ocrx_word' id='word_1_88' title='bbox 161 978 193 1034; x_wconf 77' lang='grc' dir='ltr'><strong><em>δέ</em></strong></span> <span class='ocrx_word' id='word_1_89' title='bbox 209 977 278 1048; x_wconf 88' lang='grc' dir='ltr'><strong><em>μετά</em></strong></span> <span class='ocrx_word' id='word_1_90' title='bbox 296 982 384 1036; x_wconf 78' lang='grc' dir='ltr'><strong><em>ταῦτα</em></strong></span> <span class='ocrx_word' id='word_1_91' title='bbox 409 987 471 1042; x_wconf 77' lang='lat' dir='ltr'><strong>ibid.</strong></span> <span class='ocrx_word' id='word_1_92' title='bbox 485 981 668 1046; x_wconf 72' lang='grc' dir='ltr'><strong><em>συνελέξαντο</em></strong></span> <span class='ocrx_word' id='word_1_93' title='bbox 683 1003 740 1038; x_wconf 87' lang='lat' dir='ltr'><strong><em>cum</em></strong></span> <span class='ocrx_word' id='word_1_94' title='bbox 752 987 830 1040; x_wconf 83' lang='lat' dir='ltr'><strong>Dind.</strong></span> <span class='ocrx_word' id='word_1_95' title='bbox 847 988 933 1052; x_wconf 81' lang='lat' dir='ltr'><strong>recepi</strong></span> <span class='ocrx_word' id='word_1_96' title='bbox 950 1002 997 1052; x_wconf 86' lang='lat' dir='ltr'><strong><em>pro</em></strong></span> <span class='ocrx_word' id='word_1_97' title='bbox 1017 983 1127 1048; x_wconf 84' lang='grc' dir='ltr'><strong><em>συνεξε-</em></strong></span> 
     </span>
     <span class='ocr_line' id='line_1_11' title="bbox 37 1045 1126 1124; baseline 0.002 -21"><span class='ocrx_word' id='word_1_98' title='bbox 37 1047 153 1115; x_wconf 84' lang='grc' dir='ltr'><strong><em>λέξαντο</em></strong></span> <span class='ocrx_word' id='word_1_99' title='bbox 194 1055 255 1108; x_wconf 82' lang='lat' dir='ltr'><strong>ibid.</strong></span> <span class='ocrx_word' id='word_1_100' title='bbox 271 1057 333 1114; x_wconf 84' lang='grc' dir='ltr'><strong><em>τοῖς</em></strong></span> <span class='ocrx_word' id='word_1_101' title='bbox 350 1047 451 1124; x_wconf 72' lang='grc' dir='ltr'><strong><em>αὐτοῦ]</em></strong></span> <span class='ocrx_word' id='word_1_102' title='bbox 475 1059 537 1114; x_wconf 86' lang='grc' dir='ltr'><strong><em>τοῖς</em></strong></span> <span class='ocrx_word' id='word_1_103' title='bbox 555 1049 646 1108; x_wconf 75' lang='grc' dir='ltr'><strong><em>αὑτοῦ</em></strong></span> <span class='ocrx_word' id='word_1_104' title='bbox 663 1058 698 1110; x_wconf 89' lang='lat' dir='ltr'><strong><em>id.</em></strong></span> <span class='ocrx_word' id='word_1_105' title='bbox 733 1056 795 1106; x_wconf 80' lang='lat' dir='ltr'><strong>ibid.</strong></span> <span class='ocrx_word' id='word_1_106' title='bbox 814 1047 872 1122; x_wconf 77' lang='grc' dir='ltr'><strong><em>ἡδύ</em></strong></span> <span class='ocrx_word' id='word_1_107' title='bbox 891 1045 967 1105; x_wconf 75' lang='grc' dir='ltr'><strong><em>ἐστιν</em></strong></span> <span class='ocrx_word' id='word_1_108' title='bbox 993 1072 1049 1107; x_wconf 89' lang='lat' dir='ltr'><strong><em>cum</em></strong></span> <span class='ocrx_word' id='word_1_109' title='bbox 1069 1058 1126 1107; x_wconf 86' lang='lat' dir='ltr'><strong><em>ecd.</em></strong></span> 
     </span>
     <span class='ocr_line' id='line_1_12' title="bbox 38 1115 1127 1193; baseline 0 -19"><span class='ocrx_word' id='word_1_110' title='bbox 38 1141 88 1174; x_wconf 89' lang='lat' dir='ltr'><strong><em>rec.</em></strong></span> <span class='ocrx_word' id='word_1_111' title='bbox 106 1115 302 1190; x_wconf 57' lang='lat' dir='ltr'><strong>proieceritis</strong></span> <span class='ocrx_word' id='word_1_112' title='bbox 333 1125 395 1180; x_wconf 82' lang='lat' dir='ltr'><strong>ibid.</strong></span> <span class='ocrx_word' id='word_1_113' title='bbox 413 1117 496 1193; x_wconf 87' lang='grc' dir='ltr'><strong><em>ἀλλά]</em></strong></span> <span class='ocrx_word' id='word_1_114' title='bbox 512 1116 574 1176; x_wconf 84' lang='grc' dir='ltr'><strong><em>ἀλλ’</em></strong></span> <span class='ocrx_word' id='word_1_115' title='bbox 593 1127 628 1176; x_wconf 88' lang='lat' dir='ltr'><strong><em>id.</em></strong></span> <span class='ocrx_word' id='word_1_116' title='bbox 673 1143 695 1182; x_wconf 91' lang='lat' dir='ltr'><strong><em>c.</em></strong></span> <span class='ocrx_word' id='word_1_117' title='bbox 715 1125 749 1176; x_wconf 80' lang='grc'><strong><em>29</em></strong></span> <span class='ocrx_word' id='word_1_118' title='bbox 766 1116 799 1175; x_wconf 85' lang='grc' dir='ltr'><strong><em>τά</em></strong></span> <span class='ocrx_word' id='word_1_119' title='bbox 817 1116 957 1190; x_wconf 80' lang='grc' dir='ltr'><strong><em>μαλακὸν]</em></strong></span> <span class='ocrx_word' id='word_1_120' title='bbox 973 1117 1025 1177; x_wconf 81' lang='grc' dir='ltr'><strong><em>τὸν</em></strong></span> <span class='ocrx_word' id='word_1_121' title='bbox 1080 1125 1127 1175; x_wconf 82' lang='grc' dir='ltr'><strong><em>λα·</em></strong></span> 
     </span>
     <span class='ocr_line' id='line_1_13' title="bbox 38 1186 1126 1262; baseline 0 -18"><span class='ocrx_word' id='word_1_122' title='bbox 38 1186 88 1244; x_wconf 85' lang='grc' dir='ltr'><strong><em>κάν</em></strong></span> <span class='ocrx_word' id='word_1_123' title='bbox 114 1195 150 1244; x_wconf 88' lang='lat' dir='ltr'><strong><em>id.</em></strong></span> <span class='ocrx_word' id='word_1_124' title='bbox 173 1195 275 1246; x_wconf 77' lang='lat' dir='ltr'><strong>vitiose.</strong></span> <span class='ocrx_word' id='word_1_125' title='bbox 317 1211 339 1248; x_wconf 90' lang='grc' dir='ltr'><strong><em>ο.</em></strong></span> <span class='ocrx_word' id='word_1_126' title='bbox 367 1197 401 1248; x_wconf 91' lang='grc'><strong><em>30</em></strong></span> <span class='ocrx_word' id='word_1_127' title='bbox 425 1189 609 1262; x_wconf 77' lang='grc' dir='ltr'><strong><em>θαυμάζοιτε]</em></strong></span> <span class='ocrx_word' id='word_1_128' title='bbox 633 1187 798 1261; x_wconf 71' lang='grc' dir='ltr'><strong><em>θαυμάζητε</em></strong></span> <span class='ocrx_word' id='word_1_129' title='bbox 818 1195 901 1246; x_wconf 78' lang='lat' dir='ltr'><strong>Halm.</strong></span> <span class='ocrx_word' id='word_1_130' title='bbox 937 1196 999 1248; x_wconf 79' lang='lat' dir='ltr'><strong>ibid.</strong></span> <span class='ocrx_word' id='word_1_131' title='bbox 1023 1191 1126 1260; x_wconf 81' lang='grc' dir='ltr'><strong><em>ἀξιον]</em></strong></span> 
     </span>
     <span class='ocr_line' id='line_1_14' title="bbox 38 1249 1129 1334; baseline 0.003 -22"><span class='ocrx_word' id='word_1_132' title='bbox 38 1254 120 1324; x_wconf 82' lang='grc' dir='ltr'><strong><em>ἀξιον</em></strong></span> <span class='ocrx_word' id='word_1_133' title='bbox 140 1249 174 1313; x_wconf 74' lang='lat' dir='ltr'><strong><em>iv</em></strong></span> <span class='ocrx_word' id='word_1_134' title='bbox 199 1265 234 1313; x_wconf 85' lang='lat' dir='ltr'><strong><em>id.</em></strong></span> <span class='ocrx_word' id='word_1_135' title='bbox 270 1281 292 1315; x_wconf 92' lang='lat' dir='ltr'><strong><em>c.</em></strong></span> <span class='ocrx_word' id='word_1_136' title='bbox 312 1263 344 1316; x_wconf 85' lang='lat'><strong><em>31</em></strong></span> <span class='ocrx_word' id='word_1_137' title='bbox 367 1259 439 1331; x_wconf 79' lang='grc' dir='ltr'><strong><em>μηδέ</em></strong></span> <span class='ocrx_word' id='word_1_138' title='bbox 462 1256 593 1334; x_wconf 77' lang='grc' dir='ltr'><strong><em>άμφισβ]</em></strong></span> <span class='ocrx_word' id='word_1_139' title='bbox 619 1268 654 1316; x_wconf 81' lang='lat' dir='ltr'><strong>its</strong></span> <span class='ocrx_word' id='word_1_140' title='bbox 677 1282 735 1316; x_wconf 90' lang='lat' dir='ltr'><strong><em>cum</em></strong></span> <span class='ocrx_word' id='word_1_141' title='bbox 756 1266 834 1315; x_wconf 88' lang='lat' dir='ltr'><strong>Dind.</strong></span> <span class='ocrx_word' id='word_1_142' title='bbox 859 1266 891 1315; x_wconf 86' lang='lat' dir='ltr'><strong><em>de</em></strong></span> <span class='ocrx_word' id='word_1_143' title='bbox 910 1280 968 1315; x_wconf 82' lang='lat' dir='ltr'><strong><em>mec</em></strong></span> <span class='ocrx_word' id='word_1_144' title='bbox 991 1267 1058 1318; x_wconf 86' lang='lat' dir='ltr'><strong>coni.</strong></span> <span class='ocrx_word' id='word_1_145' title='bbox 1081 1281 1129 1330; x_wconf 81' lang='lat' dir='ltr'><strong><em>pre</em></strong></span> 
     </span>
     <span class='ocr_line' id='line_1_15' title="bbox 39 1323 1128 1415; baseline 0.001 -33"><span class='ocrx_word' id='word_1_146' title='bbox 39 1323 143 1399; x_wconf 83' lang='grc' dir='ltr'><strong><em>μήτεά</em></strong></span> <span class='ocrx_word' id='word_1_147' title='bbox 164 1330 242 1415; x_wconf 66' lang='lat' dir='ltr'><strong>profi.</strong></span> <span class='ocrx_word' id='word_1_148' title='bbox 275 1351 298 1385; x_wconf 91' lang='lat' dir='ltr'><strong><em>c.</em></strong></span> <span class='ocrx_word' id='word_1_149' title='bbox 317 1334 350 1386; x_wconf 86' lang='grc'><strong><em>32</em></strong></span> <span class='ocrx_word' id='word_1_150' title='bbox 364 1334 549 1403; x_wconf 76' lang='grc' dir='ltr'><strong><em>προσθεῖναι]</em></strong></span> <span class='ocrx_word' id='word_1_151' title='bbox 569 1332 738 1401; x_wconf 77' lang='grc' dir='ltr'><strong><em>προσθὴνοιι</em></strong></span> <span class='ocrx_word' id='word_1_152' title='bbox 757 1337 793 1385; x_wconf 84' lang='lat' dir='ltr'><strong><em>id.</em></strong></span> <span class='ocrx_word' id='word_1_153' title='bbox 815 1337 915 1385; x_wconf 82' lang='lat' dir='ltr'><strong>vitiose.</strong></span> <span class='ocrx_word' id='word_1_154' title='bbox 951 1334 1012 1385; x_wconf 80' lang='lat' dir='ltr'><strong>ibid.</strong></span> <span class='ocrx_word' id='word_1_155' title='bbox 1028 1327 1128 1399; x_wconf 70' lang='grc' dir='ltr'><strong><em>ἐθελή-</em></strong></span> 
     </span>
     <span class='ocr_line' id='line_1_16' title="bbox 40 1347 1129 1470; baseline 0.003 -18"><span class='ocrx_word' id='word_1_156' title='bbox 40 1401 108 1470; x_wconf 85' lang='grc' dir='ltr'><strong><em>σετε]</em></strong></span> <span class='ocrx_word' id='word_1_157' title='bbox 136 1347 300 1467; x_wconf 69' lang='grc' dir='ltr'><strong><em>έίλελησαιτε</em></strong></span> <span class='ocrx_word' id='word_1_158' title='bbox 323 1405 359 1454; x_wconf 87' lang='lat' dir='ltr'><strong><em>id.</em></strong></span> <span class='ocrx_word' id='word_1_159' title='bbox 401 1406 462 1459; x_wconf 80' lang='lat' dir='ltr'><strong>ibid.</strong></span> <span class='ocrx_word' id='word_1_160' title='bbox 486 1403 634 1470; x_wconf 75' lang='grc' dir='ltr'><strong><em>γίγνεσθαι</em></strong></span> <span class='ocrx_word' id='word_1_161' title='bbox 659 1414 684 1456; x_wconf 85' lang='lat' dir='ltr'><strong><em>et</em></strong></span> <span class='ocrx_word' id='word_1_162' title='bbox 706 1396 943 1470; x_wconf 75' lang='grc' dir='ltr'><strong><em>καταγιγνώσκειν</em></strong></span> <span class='ocrx_word' id='word_1_163' title='bbox 966 1404 1004 1460; x_wconf 85' lang='lat' dir='ltr'><strong><em>id.</em></strong></span> <span class='ocrx_word' id='word_1_164' title='bbox 1045 1421 1067 1454; x_wconf 91' lang='lat' dir='ltr'><strong><em>c.</em></strong></span> <span class='ocrx_word' id='word_1_165' title='bbox 1092 1403 1129 1456; x_wconf 87' lang='grc'><strong><em>33</em></strong></span> 
     </span>
    </p>
   </div>
   <div class='ocr_carea' id='block_1_3' title="bbox 12 639 14 676">
    <p class='ocr_par' dir='ltr' id='par_1_3' title="bbox 12 639 14 676">
     <span class='ocr_line' id='line_1_17' title="bbox 12 639 14 676; baseline 0 0"><span class='ocrx_word' id='word_1_166' title='bbox 12 639 14 676; x_wconf 71' lang='lat' dir='ltr'><strong>i</strong></span> 
     </span>
    </p>
   </div>
   <div class='ocr_carea' id='block_1_4' title="bbox 37 1461 1172 3624">
    <p class='ocr_par' dir='ltr' id='par_1_4' title="bbox 39 1461 1130 1830">
     <span class='ocr_line' id='line_1_18' title="bbox 40 1461 1126 1541; baseline 0.004 -21"><span class='ocrx_word' id='word_1_167' title='bbox 40 1470 162 1521; x_wconf 79' lang='grc' dir='ltr'><strong><em>ἴστωσαν</em></strong></span> <span class='ocrx_word' id='word_1_168' title='bbox 201 1465 358 1523; x_wconf 80' lang='grc' dir='ltr'><strong><em>ἰστάτωσαν</em></strong></span> <span class='ocrx_word' id='word_1_169' title='bbox 375 1475 450 1525; x_wconf 88' lang='lat' dir='ltr'><strong>Dind.</strong></span> <span class='ocrx_word' id='word_1_170' title='bbox 475 1484 499 1525; x_wconf 82' lang='lat' dir='ltr'><strong><em>et</em></strong></span> <span class='ocrx_word' id='word_1_171' title='bbox 516 1475 598 1528; x_wconf 83' lang='lat' dir='ltr'><strong>Halm.</strong></span> <span class='ocrx_word' id='word_1_172' title='bbox 635 1491 658 1526; x_wconf 90' lang='lat' dir='ltr'><strong><em>c.</em></strong></span> <span class='ocrx_word' id='word_1_173' title='bbox 676 1473 710 1526; x_wconf 82' lang='lat'><strong><em>35</em></strong></span> <span class='ocrx_word' id='word_1_174' title='bbox 728 1464 857 1541; x_wconf 79' lang='grc' dir='ltr'><strong><em>ἠνίασεν]</em></strong></span> <span class='ocrx_word' id='word_1_175' title='bbox 882 1461 1026 1524; x_wconf 88' lang='grc' dir='ltr'><strong><em>άνιάσειεν</em></strong></span> <span class='ocrx_word' id='word_1_176' title='bbox 1044 1474 1126 1524; x_wconf 77' lang='lat' dir='ltr'><strong>Halm.</strong></span> 
     </span>
     <span class='ocr_line' id='line_1_19' title="bbox 39 1531 1127 1610; baseline 0 -18"><span class='ocrx_word' id='word_1_177' title='bbox 39 1542 96 1594; x_wconf 79' lang='lat' dir='ltr'><strong>ibid.</strong></span> <span class='ocrx_word' id='word_1_178' title='bbox 113 1531 285 1608; x_wconf 72' lang='grc' dir='ltr'><strong><em>ίγγινεσθαι]</em></strong></span> <span class='ocrx_word' id='word_1_179' title='bbox 306 1533 485 1610; x_wconf 71' lang='grc' dir='ltr'><strong><em>ἐγγίγνεσθαι</em></strong></span> <span class='ocrx_word' id='word_1_180' title='bbox 505 1545 581 1598; x_wconf 89' lang='lat' dir='ltr'><strong>Dind.</strong></span> <span class='ocrx_word' id='word_1_181' title='bbox 617 1544 677 1596; x_wconf 78' lang='lat' dir='ltr'><strong>ibid.</strong></span> <span class='ocrx_word' id='word_1_182' title='bbox 694 1532 787 1610; x_wconf 88' lang='grc' dir='ltr'><strong><em>ὅρνις]</em></strong></span> <span class='ocrx_word' id='word_1_183' title='bbox 807 1532 901 1610; x_wconf 85' lang='grc' dir='ltr'><strong><em>ὄρνεις</em></strong></span> <span class='ocrx_word' id='word_1_184' title='bbox 921 1545 957 1593; x_wconf 88' lang='lat' dir='ltr'><strong><em>id.</em></strong></span> <span class='ocrx_word' id='word_1_185' title='bbox 993 1545 1053 1594; x_wconf 80' lang='lat' dir='ltr'><strong>ibid.</strong></span> <span class='ocrx_word' id='word_1_186' title='bbox 1074 1535 1127 1608; x_wconf 82' lang='grc' dir='ltr'><strong><em>την</em></strong></span> 
     </span>
     <span class='ocr_line' id='line_1_20' title="bbox 40 1601 1125 1682; baseline 0.002 -20"><span class='ocrx_word' id='word_1_187' title='bbox 40 1621 95 1662; x_wconf 78' lang='lat' dir='ltr'><strong>ente</strong></span> <span class='ocrx_word' id='word_1_188' title='bbox 115 1608 219 1660; x_wconf 82' lang='grc' dir='ltr'><strong><em>πενίαν</em></strong></span> <span class='ocrx_word' id='word_1_189' title='bbox 239 1628 298 1662; x_wconf 84' lang='lat' dir='ltr'><strong><em>cum</em></strong></span> <span class='ocrx_word' id='word_1_190' title='bbox 321 1615 378 1666; x_wconf 85' lang='lat' dir='ltr'><strong><em>eod.</em></strong></span> <span class='ocrx_word' id='word_1_191' title='bbox 407 1616 439 1665; x_wconf 82' lang='lat' dir='ltr'><strong><em>dc</em></strong></span> <span class='ocrx_word' id='word_1_192' title='bbox 457 1629 514 1664; x_wconf 82' lang='lat' dir='ltr'><strong><em>mea</em></strong></span> <span class='ocrx_word' id='word_1_193' title='bbox 535 1615 603 1667; x_wconf 86' lang='lat' dir='ltr'><strong>coni.</strong></span> <span class='ocrx_word' id='word_1_194' title='bbox 628 1614 727 1664; x_wconf 82' lang='lat' dir='ltr'><strong>addidi.</strong></span> <span class='ocrx_word' id='word_1_195' title='bbox 768 1629 791 1664; x_wconf 88' lang='lat' dir='ltr'><strong><em>c.</em></strong></span> <span class='ocrx_word' id='word_1_196' title='bbox 810 1614 846 1667; x_wconf 81' lang='grc'><strong><em>36</em></strong></span> <span class='ocrx_word' id='word_1_197' title='bbox 864 1601 966 1682; x_wconf 70' lang='grc' dir='ltr'><strong><em>οὕτως]</em></strong></span> <span class='ocrx_word' id='word_1_198' title='bbox 989 1601 1065 1663; x_wconf 71' lang='grc' dir='ltr'><strong><em>οὕτω</em></strong></span> <span class='ocrx_word' id='word_1_199' title='bbox 1089 1615 1125 1668; x_wconf 87' lang='lat' dir='ltr'><strong><em>id.</em></strong></span> 
     </span>
     <span class='ocr_line' id='line_1_21' title="bbox 39 1671 1130 1749; baseline 0.002 -18"><span class='ocrx_word' id='word_1_200' title='bbox 39 1697 60 1734; x_wconf 93' lang='lat' dir='ltr'><strong><em>c.</em></strong></span> <span class='ocrx_word' id='word_1_201' title='bbox 79 1680 114 1733; x_wconf 83' lang='lat'><strong><em>38</em></strong></span> <span class='ocrx_word' id='word_1_202' title='bbox 135 1671 271 1742; x_wconf 74' lang='grc' dir='ltr'><strong><em>ἀξιωθείς</em></strong></span> <span class='ocrx_word' id='word_1_203' title='bbox 295 1685 447 1735; x_wconf 85' lang='lat' dir='ltr'><strong>eiiciendum</strong></span> <span class='ocrx_word' id='word_1_204' title='bbox 473 1692 558 1734; x_wconf 85' lang='lat' dir='ltr'><strong>censet</strong></span> <span class='ocrx_word' id='word_1_205' title='bbox 577 1683 625 1736; x_wconf 89' lang='lat' dir='ltr'><strong><em>Th.</em></strong></span> <span class='ocrx_word' id='word_1_206' title='bbox 644 1683 739 1749; x_wconf 78' lang='lat' dir='ltr'><strong>Bergk.</strong></span> <span class='ocrx_word' id='word_1_207' title='bbox 764 1683 821 1734; x_wconf 85' lang='lat' dir='ltr'><strong>coll.</strong></span> <span class='ocrx_word' id='word_1_208' title='bbox 841 1685 902 1734; x_wconf 80' lang='lat' dir='ltr'><strong>liur.</strong></span> <span class='ocrx_word' id='word_1_209' title='bbox 922 1682 963 1736; x_wconf 84' lang='lat' dir='ltr'><strong><em>0r.</em></strong></span> <span class='ocrx_word' id='word_1_210' title='bbox 984 1683 1010 1734; x_wconf 82' lang='lat'><strong><em>9.</em></strong></span> <span class='ocrx_word' id='word_1_211' title='bbox 1046 1699 1070 1732; x_wconf 81' lang='lat' dir='ltr'><strong><em>c·</em></strong></span> <span class='ocrx_word' id='word_1_212' title='bbox 1094 1683 1130 1734; x_wconf 84' lang='grc'><strong><em>39</em></strong></span> 
     </span>
     <span class='ocr_line' id='line_1_22' title="bbox 39 1743 898 1830; baseline 0.009 -31"><span class='ocrx_word' id='word_1_213' title='bbox 39 1744 147 1818; x_wconf 75' lang='grc' dir='ltr'><strong><em>ἕνεκεν]</em></strong></span> <span class='ocrx_word' id='word_1_214' title='bbox 165 1743 248 1800; x_wconf 72' lang='grc' dir='ltr'><strong><em>ἕνεκα</em></strong></span> <span class='ocrx_word' id='word_1_215' title='bbox 266 1752 341 1804; x_wconf 88' lang='lat' dir='ltr'><strong>Dind.</strong></span> <span class='ocrx_word' id='word_1_216' title='bbox 890 1809 898 1830; x_wconf 69' lang='lat'>‚</span> 
     </span>
    </p>

    <p class='ocr_par' dir='ltr' id='par_1_5' title="bbox 37 1809 1172 3624">
     <span class='ocr_line' id='line_1_23' title="bbox 108 1809 1127 1888; baseline -0.003 -16"><span class='ocrx_word' id='word_1_217' title='bbox 108 1820 208 1874; x_wconf 80' lang='lat' dir='ltr'><strong>Goneic.</strong></span> <span class='ocrx_word' id='word_1_218' title='bbox 227 1837 250 1870; x_wconf 92' lang='lat' dir='ltr'><strong><em>c.</em></strong></span> <span class='ocrx_word' id='word_1_219' title='bbox 269 1818 358 1874; x_wconf 78' lang='grc' dir='ltr'><strong><em>3των</em></strong></span> <span class='ocrx_word' id='word_1_220' title='bbox 377 1812 467 1872; x_wconf 72' lang='grc' dir='ltr'><strong><em>αὑτοῦ</em></strong></span> <span class='ocrx_word' id='word_1_221' title='bbox 481 1833 618 1888; x_wconf 82' lang='lat' dir='ltr'><strong>praeeunte</strong></span> <span class='ocrx_word' id='word_1_222' title='bbox 638 1823 695 1877; x_wconf 84' lang='lat' dir='ltr'><strong><em>eod.</em></strong></span> <span class='ocrx_word' id='word_1_223' title='bbox 716 1837 761 1886; x_wconf 89' lang='lat' dir='ltr'><strong><em>pro</em></strong></span> <span class='ocrx_word' id='word_1_224' title='bbox 780 1816 839 1869; x_wconf 78' lang='grc' dir='ltr'><strong><em>ταῖν</em></strong></span> <span class='ocrx_word' id='word_1_225' title='bbox 861 1817 952 1872; x_wconf 77' lang='grc' dir='ltr'><strong><em>αυτοῦ</em></strong></span> <span class='ocrx_word' id='word_1_226' title='bbox 987 1836 1010 1870; x_wconf 89' lang='grc' dir='ltr'><strong><em>τ.</em></strong></span> <span class='ocrx_word' id='word_1_227' title='bbox 1027 1823 1046 1872; x_wconf 85' lang='grc'><strong>4</strong></span> <span class='ocrx_word' id='word_1_228' title='bbox 1064 1809 1127 1870; x_wconf 83' lang='grc' dir='ltr'><strong><em>ἀλλ’</em></strong></span> 
     </span>
     <span class='ocr_line' id='line_1_24' title="bbox 38 1881 1126 1958; baseline 0.002 -20"><span class='ocrx_word' id='word_1_229' title='bbox 38 1883 94 1951; x_wconf 80' lang='grc' dir='ltr'><strong><em>έξει</em></strong></span> <span class='ocrx_word' id='word_1_230' title='bbox 112 1906 170 1940; x_wconf 88' lang='lat' dir='ltr'><strong><em>cum</em></strong></span> <span class='ocrx_word' id='word_1_231' title='bbox 189 1891 247 1941; x_wconf 88' lang='lat' dir='ltr'><strong><em>eod.</em></strong></span> <span class='ocrx_word' id='word_1_232' title='bbox 268 1901 371 1942; x_wconf 79' lang='lat' dir='ltr'><strong>auctore</strong></span> <span class='ocrx_word' id='word_1_233' title='bbox 386 1893 522 1942; x_wconf 76' lang='lat' dir='ltr'><strong>Friizschio</strong></span> <span class='ocrx_word' id='word_1_234' title='bbox 541 1909 588 1958; x_wconf 86' lang='lat' dir='ltr'><strong><em>pro</em></strong></span> <span class='ocrx_word' id='word_1_235' title='bbox 608 1882 678 1942; x_wconf 86' lang='grc' dir='ltr'><strong><em>άλλά</em></strong></span> <span class='ocrx_word' id='word_1_236' title='bbox 694 1884 765 1952; x_wconf 75' lang='grc' dir='ltr'><strong><em>ἕξεις</em></strong></span> <span class='ocrx_word' id='word_1_237' title='bbox 799 1890 860 1940; x_wconf 84' lang='lat' dir='ltr'><strong><em>ibid.</em></strong></span> <span class='ocrx_word' id='word_1_238' title='bbox 880 1881 975 1955; x_wconf 79' lang='grc' dir='ltr'><em>δεήσει</em></span> <span class='ocrx_word' id='word_1_239' title='bbox 991 1906 1049 1941; x_wconf 88' lang='lat' dir='ltr'><strong><em>cum</em></strong></span> <span class='ocrx_word' id='word_1_240' title='bbox 1067 1891 1126 1940; x_wconf 86' lang='lat' dir='ltr'><strong><em>eod.</em></strong></span> 
     </span>
     <span class='ocr_line' id='line_1_25' title="bbox 38 1948 1127 2042; baseline -0.001 -33"><span class='ocrx_word' id='word_1_241' title='bbox 38 1977 88 2010; x_wconf 83' lang='lat' dir='ltr'><strong><em>rec.</em></strong></span> <span class='ocrx_word' id='word_1_242' title='bbox 105 1951 252 2042; x_wconf 62' lang='lat' dir='ltr'><strong>procssipp</strong></span> <span class='ocrx_word' id='word_1_243' title='bbox 287 1961 348 2013; x_wconf 79' lang='lat' dir='ltr'><strong>ibid.</strong></span> <span class='ocrx_word' id='word_1_244' title='bbox 369 1948 470 2029; x_wconf 68' lang='grc' dir='ltr'><strong><em>οὕτως]</em></strong></span> <span class='ocrx_word' id='word_1_245' title='bbox 494 1949 568 2012; x_wconf 69' lang='grc' dir='ltr'><strong><em>οὕτω</em></strong></span> <span class='ocrx_word' id='word_1_246' title='bbox 593 1963 629 2014; x_wconf 82' lang='lat' dir='ltr'><strong><em>id.</em></strong></span> <span class='ocrx_word' id='word_1_247' title='bbox 667 1979 690 2012; x_wconf 88' lang='lat' dir='ltr'><strong><em>c.</em></strong></span> <span class='ocrx_word' id='word_1_248' title='bbox 710 1961 743 2012; x_wconf 87' lang='grc'><strong><em>10</em></strong></span> <span class='ocrx_word' id='word_1_249' title='bbox 762 1956 856 2027; x_wconf 77' lang='grc' dir='ltr'><strong><em>Βαβαί</em></strong></span> <span class='ocrx_word' id='word_1_250' title='bbox 873 1961 909 2012; x_wconf 88' lang='lat' dir='ltr'><strong><em>id.</em></strong></span> <span class='ocrx_word' id='word_1_251' title='bbox 949 1960 1010 2010; x_wconf 82' lang='lat' dir='ltr'><strong>ibid.</strong></span> <span class='ocrx_word' id='word_1_252' title='bbox 1030 1951 1061 2009; x_wconf 74' lang='grc' dir='ltr'><strong><em>δέ</em></strong></span> <span class='ocrx_word' id='word_1_253' title='bbox 1081 1948 1127 2023; x_wconf 75' lang='grc' dir='ltr'><strong><em>οὔ,</em></strong></span> 
     </span>
     <span class='ocr_line' id='line_1_26' title="bbox 38 2017 1128 2099; baseline 0 -21"><span class='ocrx_word' id='word_1_254' title='bbox 38 2019 119 2094; x_wconf 85' lang='grc' dir='ltr'><strong><em>ἀλλά]</em></strong></span> <span class='ocrx_word' id='word_1_255' title='bbox 137 2019 167 2078; x_wconf 75' lang='grc' dir='ltr'><strong><em>δ’</em></strong></span> <span class='ocrx_word' id='word_1_256' title='bbox 186 2043 238 2093; x_wconf 91' lang='grc' dir='ltr'><strong><em>ου,</em></strong></span> <span class='ocrx_word' id='word_1_257' title='bbox 257 2017 319 2080; x_wconf 82' lang='grc' dir='ltr'><strong><em>ἀλλ’</em></strong></span> <span class='ocrx_word' id='word_1_258' title='bbox 337 2032 374 2082; x_wconf 85' lang='lat' dir='ltr'><strong><em>id.</em></strong></span> <span class='ocrx_word' id='word_1_259' title='bbox 411 2047 434 2084; x_wconf 90' lang='lat' dir='ltr'><strong><em>c.</em></strong></span> <span class='ocrx_word' id='word_1_260' title='bbox 454 2033 484 2082; x_wconf 92' lang='lat'><strong><em>11</em></strong></span> <span class='ocrx_word' id='word_1_261' title='bbox 504 2021 645 2099; x_wconf 83' lang='grc' dir='ltr'><strong><em>έωρακάς]</em></strong></span> <span class='ocrx_word' id='word_1_262' title='bbox 665 2021 790 2097; x_wconf 81' lang='grc' dir='ltr'><strong><em>έσρακως</em></strong></span> <span class='ocrx_word' id='word_1_263' title='bbox 808 2030 843 2080; x_wconf 86' lang='lat' dir='ltr'><strong><em>id.</em></strong></span> <span class='ocrx_word' id='word_1_264' title='bbox 878 2045 900 2082; x_wconf 86' lang='lat' dir='ltr'><strong><em>c.</em></strong></span> <span class='ocrx_word' id='word_1_265' title='bbox 921 2028 953 2080; x_wconf 78' lang='grc'><strong><em>12</em></strong></span> <span class='ocrx_word' id='word_1_266' title='bbox 969 2020 1042 2097; x_wconf 79' lang='grc' dir='ltr'><strong><em>βοὴν</em></strong></span> <span class='ocrx_word' id='word_1_267' title='bbox 1060 2019 1128 2093; x_wconf 84' lang='grc' dir='ltr'><strong><em>ἀγα-</em></strong></span> 
     </span>
     <span class='ocr_line' id='line_1_27' title="bbox 37 2087 1128 2170; baseline 0 -21"><span class='ocrx_word' id='word_1_268' title='bbox 37 2090 97 2150; x_wconf 76' lang='grc' dir='ltr'><strong><em>θάν</em></strong></span> <span class='ocrx_word' id='word_1_269' title='bbox 115 2113 166 2150; x_wconf 85' lang='lat' dir='ltr'><strong><em>rec.</em></strong></span> <span class='ocrx_word' id='word_1_270' title='bbox 186 2115 243 2150; x_wconf 87' lang='lat' dir='ltr'><strong><em>cum</em></strong></span> <span class='ocrx_word' id='word_1_271' title='bbox 259 2102 317 2154; x_wconf 85' lang='lat' dir='ltr'><strong><em>cod.</em></strong></span> <span class='ocrx_word' id='word_1_272' title='bbox 337 2116 384 2169; x_wconf 86' lang='lat' dir='ltr'><strong><em>pro</em></strong></span> <span class='ocrx_word' id='word_1_273' title='bbox 403 2092 475 2170; x_wconf 81' lang='grc' dir='ltr'><strong><em>βόην</em></strong></span> <span class='ocrx_word' id='word_1_274' title='bbox 510 2119 532 2152; x_wconf 91' lang='lat' dir='ltr'><strong><em>c.</em></strong></span> <span class='ocrx_word' id='word_1_275' title='bbox 550 2103 582 2152; x_wconf 83' lang='lat'><strong><em>15</em></strong></span> <span class='ocrx_word' id='word_1_276' title='bbox 601 2098 697 2150; x_wconf 83' lang='grc' dir='ltr'><strong><em>αίτιον</em></strong></span> <span class='ocrx_word' id='word_1_277' title='bbox 715 2088 763 2166; x_wconf 84' lang='grc' dir='ltr'><strong><em>ἀν]</em></strong></span> <span class='ocrx_word' id='word_1_278' title='bbox 782 2087 821 2148; x_wconf 83' lang='grc' dir='ltr'><strong><em>άν</em></strong></span> <span class='ocrx_word' id='word_1_279' title='bbox 839 2115 897 2149; x_wconf 84' lang='lat' dir='ltr'><strong><em>cum</em></strong></span> <span class='ocrx_word' id='word_1_280' title='bbox 913 2099 971 2151; x_wconf 85' lang='lat' dir='ltr'><strong><em>eod.</em></strong></span> <span class='ocrx_word' id='word_1_281' title='bbox 991 2099 1023 2148; x_wconf 88' lang='lat' dir='ltr'><strong><em>de</em></strong></span> <span class='ocrx_word' id='word_1_282' title='bbox 1034 2099 1128 2150; x_wconf 87' lang='lat' dir='ltr'><strong>Schse·</strong></span> 
     </span>
     <span class='ocr_line' id='line_1_28' title="bbox 38 2161 1172 2236; baseline -0.004 -16"><span class='ocrx_word' id='word_1_283' title='bbox 38 2170 87 2220; x_wconf 87' lang='lat' dir='ltr'><strong>ieri</strong></span> <span class='ocrx_word' id='word_1_284' title='bbox 105 2171 170 2222; x_wconf 89' lang='lat' dir='ltr'><strong>coni.</strong></span> <span class='ocrx_word' id='word_1_285' title='bbox 190 2169 287 2221; x_wconf 74' lang='lat' dir='ltr'><strong>addidi.</strong></span> <span class='ocrx_word' id='word_1_286' title='bbox 317 2187 340 2224; x_wconf 90' lang='lat' dir='ltr'><strong><em>c.</em></strong></span> <span class='ocrx_word' id='word_1_287' title='bbox 356 2171 386 2222; x_wconf 86' lang='lat'><strong><em>17</em></strong></span> <span class='ocrx_word' id='word_1_288' title='bbox 406 2161 585 2236; x_wconf 80' lang='grc' dir='ltr'><strong><em>ἀνεγίνωσκε]</em></strong></span> <span class='ocrx_word' id='word_1_289' title='bbox 601 2161 790 2235; x_wconf 74' lang='grc' dir='ltr'><strong><em>ἀνεγίγνωσκε</em></strong></span> <span class='ocrx_word' id='word_1_290' title='bbox 805 2169 842 2219; x_wconf 89' lang='lat' dir='ltr'><strong><em>id.</em></strong></span> <span class='ocrx_word' id='word_1_291' title='bbox 873 2185 896 2222; x_wconf 92' lang='lat' dir='ltr'><strong><em>c.</em></strong></span> <span class='ocrx_word' id='word_1_292' title='bbox 916 2167 949 2219; x_wconf 78' lang='lat'><strong><em>19</em></strong></span> <span class='ocrx_word' id='word_1_293' title='bbox 963 2166 1125 2235; x_wconf 85' lang='grc' dir='ltr'><strong><em>Σατυρίων]</em></strong></span> <span class='ocrx_word' id='word_1_294' title='bbox 1169 2192 1172 2195; x_wconf 93' lang='grc'>-</span> 
     </span>
     <span class='ocr_line' id='line_1_29' title="bbox 37 2229 1128 2306; baseline -0.003 -17"><span class='ocrx_word' id='word_1_295' title='bbox 37 2241 72 2289; x_wconf 79' lang='lat' dir='ltr'><strong>ite</strong></span> <span class='ocrx_word' id='word_1_296' title='bbox 91 2242 142 2289; x_wconf 78' lang='lat' dir='ltr'><strong>ism</strong></span> <span class='ocrx_word' id='word_1_297' title='bbox 155 2255 212 2290; x_wconf 86' lang='lat' dir='ltr'><strong><em>cum</em></strong></span> <span class='ocrx_word' id='word_1_298' title='bbox 229 2242 287 2291; x_wconf 88' lang='lat' dir='ltr'><strong><em>eod.</em></strong></span> <span class='ocrx_word' id='word_1_299' title='bbox 306 2256 352 2306; x_wconf 88' lang='lat' dir='ltr'><strong><em>pro</em></strong></span> <span class='ocrx_word' id='word_1_300' title='bbox 371 2257 401 2292; x_wconf 87' lang='grc' dir='ltr'><strong><em>ευ</em></strong></span> <span class='ocrx_word' id='word_1_301' title='bbox 418 2241 487 2304; x_wconf 90' lang='lat' dir='ltr'>quod</span> <span class='ocrx_word' id='word_1_302' title='bbox 504 2240 565 2291; x_wconf 85' lang='lat' dir='ltr'><strong>olim</strong></span> <span class='ocrx_word' id='word_1_303' title='bbox 582 2242 702 2292; x_wconf 79' lang='lat' dir='ltr'><strong>dederam</strong></span> <span class='ocrx_word' id='word_1_304' title='bbox 720 2229 736 2288; x_wconf 87' lang='grc' dir='ltr'>ὁ</span> <span class='ocrx_word' id='word_1_305' title='bbox 753 2235 904 2303; x_wconf 78' lang='grc' dir='ltr'><strong><em>Σατυρίων</em></strong></span> <span class='ocrx_word' id='word_1_306' title='bbox 932 2253 955 2287; x_wconf 88' lang='lat' dir='ltr'><strong><em>c.</em></strong></span> <span class='ocrx_word' id='word_1_307' title='bbox 972 2238 1006 2289; x_wconf 87' lang='grc'><strong><em>20</em></strong></span> <span class='ocrx_word' id='word_1_308' title='bbox 1020 2230 1128 2304; x_wconf 75' lang='grc' dir='ltr'><strong><em>θάριον</em></strong></span> 
     </span>
     <span class='ocr_line' id='line_1_30' title="bbox 38 2298 1128 2376; baseline 0 -18"><span class='ocrx_word' id='word_1_309' title='bbox 38 2324 96 2359; x_wconf 89' lang='lat' dir='ltr'><strong><em>cum</em></strong></span> <span class='ocrx_word' id='word_1_310' title='bbox 122 2310 178 2360; x_wconf 86' lang='lat' dir='ltr'><strong><em>eod.</em></strong></span> <span class='ocrx_word' id='word_1_311' title='bbox 198 2325 246 2374; x_wconf 85' lang='lat' dir='ltr'><strong><em>pro</em></strong></span> <span class='ocrx_word' id='word_1_312' title='bbox 268 2305 377 2376; x_wconf 70' lang='grc' dir='ltr'><strong><em>θυρίον</em></strong></span> <span class='ocrx_word' id='word_1_313' title='bbox 419 2327 440 2361; x_wconf 86' lang='lat' dir='ltr'><strong><em>c.</em></strong></span> <span class='ocrx_word' id='word_1_314' title='bbox 465 2311 498 2360; x_wconf 89' lang='grc'><strong><em>21</em></strong></span> <span class='ocrx_word' id='word_1_315' title='bbox 522 2301 722 2375; x_wconf 81' lang='grc' dir='ltr'><strong><em>ἀνεγίνωσκεν]</em></strong></span> <span class='ocrx_word' id='word_1_316' title='bbox 746 2298 953 2373; x_wconf 85' lang='grc' dir='ltr'><strong><em>ἀνεγίγνωσκεν</em></strong></span> <span class='ocrx_word' id='word_1_317' title='bbox 974 2309 1009 2357; x_wconf 87' lang='lat' dir='ltr'><strong><em>id.</em></strong></span> <span class='ocrx_word' id='word_1_318' title='bbox 1052 2323 1074 2360; x_wconf 91' lang='lat' dir='ltr'><strong><em>c.</em></strong></span> <span class='ocrx_word' id='word_1_319' title='bbox 1093 2307 1128 2358; x_wconf 82' lang='lat'><strong><em>26</em></strong></span> 
     </span>
     <span class='ocr_line' id='line_1_31' title="bbox 38 2367 1128 2445; baseline -0.003 -17"><span class='ocrx_word' id='word_1_320' title='bbox 38 2371 146 2445; x_wconf 74' lang='grc' dir='ltr'><strong><em>ἕνεκεν]</em></strong></span> <span class='ocrx_word' id='word_1_321' title='bbox 166 2371 249 2429; x_wconf 70' lang='grc' dir='ltr'><strong><em>ἕνεκα</em></strong></span> <span class='ocrx_word' id='word_1_322' title='bbox 264 2380 299 2430; x_wconf 85' lang='lat' dir='ltr'><strong><em>id.</em></strong></span> <span class='ocrx_word' id='word_1_323' title='bbox 337 2396 359 2433; x_wconf 90' lang='lat' dir='ltr'><strong><em>c.</em></strong></span> <span class='ocrx_word' id='word_1_324' title='bbox 380 2379 414 2431; x_wconf 91' lang='grc'><strong><em>28</em></strong></span> <span class='ocrx_word' id='word_1_325' title='bbox 429 2369 719 2445; x_wconf 77' lang='grc' dir='ltr'><strong><em>ἀναγιγνωσκομένων</em></strong></span> <span class='ocrx_word' id='word_1_326' title='bbox 737 2379 773 2428; x_wconf 87' lang='lat' dir='ltr'><strong><em>id.</em></strong></span> <span class='ocrx_word' id='word_1_327' title='bbox 811 2394 834 2428; x_wconf 88' lang='lat' dir='ltr'><strong><em>c.</em></strong></span> <span class='ocrx_word' id='word_1_328' title='bbox 855 2376 889 2428; x_wconf 79' lang='lat'><strong><em>29</em></strong></span> <span class='ocrx_word' id='word_1_329' title='bbox 906 2367 1128 2442; x_wconf 71' lang='grc' dir='ltr'><strong><em>ἀναγιγνώσκων</em></strong></span> 
     </span>
     <span class='ocr_line' id='line_1_32' title="bbox 38 2437 1128 2516; baseline -0.002 -18"><span class='ocrx_word' id='word_1_330' title='bbox 38 2449 74 2500; x_wconf 87' lang='lat' dir='ltr'><strong><em>id.</em></strong></span> <span class='ocrx_word' id='word_1_331' title='bbox 104 2465 128 2498; x_wconf 86' lang='lat' dir='ltr'><strong><em>c.</em></strong></span> <span class='ocrx_word' id='word_1_332' title='bbox 141 2447 174 2500; x_wconf 89' lang='grc'><strong><em>31</em></strong></span> <span class='ocrx_word' id='word_1_333' title='bbox 187 2437 308 2513; x_wconf 87' lang='grc' dir='ltr'><strong><em>άκαιρον</em></strong></span> <span class='ocrx_word' id='word_1_334' title='bbox 325 2466 383 2500; x_wconf 90' lang='lat' dir='ltr'><strong><em>cum</em></strong></span> <span class='ocrx_word' id='word_1_335' title='bbox 398 2451 456 2505; x_wconf 83' lang='lat' dir='ltr'><strong><em>eod.</em></strong></span> <span class='ocrx_word' id='word_1_336' title='bbox 471 2451 556 2516; x_wconf 83' lang='lat' dir='ltr'><strong>recepi</strong></span> <span class='ocrx_word' id='word_1_337' title='bbox 572 2465 618 2516; x_wconf 91' lang='lat' dir='ltr'><strong><em>pro</em></strong></span> <span class='ocrx_word' id='word_1_338' title='bbox 634 2439 754 2513; x_wconf 86' lang='grc' dir='ltr'><strong><em>άκαιρσς</em></strong></span> <span class='ocrx_word' id='word_1_339' title='bbox 781 2463 804 2496; x_wconf 89' lang='lat' dir='ltr'><strong><em>c.</em></strong></span> <span class='ocrx_word' id='word_1_340' title='bbox 821 2446 856 2496; x_wconf 84' lang='grc'><strong><em>34</em></strong></span> <span class='ocrx_word' id='word_1_341' title='bbox 869 2437 1017 2513; x_wconf 81' lang='grc' dir='ltr'><strong><em>γινόμενα]</em></strong></span> <span class='ocrx_word' id='word_1_342' title='bbox 1034 2438 1128 2512; x_wconf 84' lang='grc' dir='ltr'><strong><em>γιγνό-</em></strong></span> 
     </span>
     <span class='ocr_line' id='line_1_33' title="bbox 38 2505 1128 2653; baseline -0.004 -17"><span class='ocrx_word' id='word_1_343' title='bbox 38 2518 162 2636; x_wconf 65' lang='lat' dir='ltr'><strong>sicii·</strong></span> <span class='ocrx_word' id='word_1_344' title='bbox 175 2503 734 2653; x_wconf 58' lang='lat' dir='ltr'><strong><em>...scier</em></strong></span> <span class='ocrx_word' id='word_1_345' title='bbox 752 2513 976 2651; x_wconf 56' lang='grc' dir='ltr'><strong><em>τευτευ</em></strong></span> <span class='ocrx_word' id='word_1_346' title='bbox 995 2516 1037 2636; x_wconf 71' lang='grc' dir='ltr'><strong><em>ε.</em></strong></span> <span class='ocrx_word' id='word_1_347' title='bbox 1055 2515 1128 2649; x_wconf 69' lang='grc' dir='ltr'><strong><em>λλ</em></strong></span> 
     </span>
     <span class='ocr_line' id='line_1_34' title="bbox 39 2602 1129 2724; baseline -0.003 -19"><span class='ocrx_word' id='word_1_348' title='bbox 39 2647 118 2724; x_wconf 72' lang='grc' dir='ltr'><strong><em>αὐτῷ</em></strong></span> <span class='ocrx_word' id='word_1_349' title='bbox 140 2602 277 2722; x_wconf 68' lang='grc' dir='ltr'><strong><em>γέεεεοοιο</em></strong></span> <span class='ocrx_word' id='word_1_350' title='bbox 301 2604 377 2710; x_wconf 54' lang='lat' dir='ltr'><strong>Dius·</strong></span> <span class='ocrx_word' id='word_1_351' title='bbox 400 2674 447 2724; x_wconf 87' lang='lat' dir='ltr'><strong><em>pro</em></strong></span> <span class='ocrx_word' id='word_1_352' title='bbox 470 2630 541 2724; x_wconf 77' lang='grc' dir='ltr'><strong><em>παρ’</em></strong></span> <span class='ocrx_word' id='word_1_353' title='bbox 561 2646 639 2724; x_wconf 73' lang='grc' dir='ltr'><strong><em>αὐτῷ</em></strong></span> <span class='ocrx_word' id='word_1_354' title='bbox 679 2602 739 2706; x_wconf 70' lang='grc' dir='ltr'><strong><em>ι’έέά.</em></strong></span> <span class='ocrx_word' id='word_1_355' title='bbox 762 2650 811 2704; x_wconf 86' lang='grc' dir='ltr'><strong><em>καλ</em></strong></span> <span class='ocrx_word' id='word_1_356' title='bbox 835 2663 894 2704; x_wconf 79' lang='lat' dir='ltr'><strong>unte</strong></span> <span class='ocrx_word' id='word_1_357' title='bbox 917 2646 1044 2718; x_wconf 83' lang='grc' dir='ltr'><strong><em>μέμνησο</em></strong></span> <span class='ocrx_word' id='word_1_358' title='bbox 1067 2653 1129 2704; x_wconf 85' lang='lat' dir='ltr'><strong>olim</strong></span> 
     </span>
     <span class='ocr_line' id='line_1_35' title="bbox 39 2717 1130 2794; baseline -0.004 -17"><span class='ocrx_word' id='word_1_359' title='bbox 39 2729 113 2777; x_wconf 84' lang='lat' dir='ltr'><strong>uncis</strong></span> <span class='ocrx_word' id='word_1_360' title='bbox 131 2726 291 2780; x_wconf 76' lang='lat' dir='ltr'><strong>inclusercm.</strong></span> <span class='ocrx_word' id='word_1_361' title='bbox 326 2729 387 2782; x_wconf 79' lang='lat' dir='ltr'><strong>ibid.</strong></span> <span class='ocrx_word' id='word_1_362' title='bbox 405 2719 462 2778; x_wconf 75' lang='grc' dir='ltr'><strong><em>ἐστι</em></strong></span> <span class='ocrx_word' id='word_1_363' title='bbox 477 2723 537 2794; x_wconf 79' lang='grc' dir='ltr'><strong><em>καὶ]</em></strong></span> <span class='ocrx_word' id='word_1_364' title='bbox 557 2717 618 2776; x_wconf 75' lang='grc' dir='ltr'><strong><em>ἐστί</em></strong></span> <span class='ocrx_word' id='word_1_365' title='bbox 629 2741 658 2775; x_wconf 90' lang='grc' dir='ltr'><strong><em>τι</em></strong></span> <span class='ocrx_word' id='word_1_366' title='bbox 675 2720 724 2775; x_wconf 80' lang='grc' dir='ltr'><strong><em>καὶ</em></strong></span> <span class='ocrx_word' id='word_1_367' title='bbox 739 2725 775 2777; x_wconf 88' lang='lat' dir='ltr'><strong><em>id.</em></strong></span> <span class='ocrx_word' id='word_1_368' title='bbox 793 2732 896 2773; x_wconf 77' lang='lat' dir='ltr'><strong>auctore</strong></span> <span class='ocrx_word' id='word_1_369' title='bbox 908 2725 1034 2773; x_wconf 82' lang='lat' dir='ltr'><strong>Iacobsio.</strong></span> <span class='ocrx_word' id='word_1_370' title='bbox 1059 2738 1082 2776; x_wconf 90' lang='lat' dir='ltr'><strong><em>c.</em></strong></span> <span class='ocrx_word' id='word_1_371' title='bbox 1094 2723 1130 2773; x_wconf 79' lang='lat'><strong><em>39</em></strong></span> 
     </span>
     <span class='ocr_line' id='line_1_36' title="bbox 39 2782 1128 2863; baseline -0.004 -19"><span class='ocrx_word' id='word_1_372' title='bbox 39 2785 130 2845; x_wconf 76' lang='grc' dir='ltr'><strong><em>ταύτά</em></strong></span> <span class='ocrx_word' id='word_1_373' title='bbox 148 2810 207 2845; x_wconf 87' lang='lat' dir='ltr'><strong><em>cum</em></strong></span> <span class='ocrx_word' id='word_1_374' title='bbox 222 2799 278 2850; x_wconf 88' lang='lat' dir='ltr'><strong><em>eod.</em></strong></span> <span class='ocrx_word' id='word_1_375' title='bbox 295 2799 414 2850; x_wconf 79' lang='lat' dir='ltr'><strong>revocavi</strong></span> <span class='ocrx_word' id='word_1_376' title='bbox 432 2813 479 2863; x_wconf 86' lang='lat' dir='ltr'><strong><em>pro</em></strong></span> <span class='ocrx_word' id='word_1_377' title='bbox 492 2793 581 2846; x_wconf 76' lang='grc' dir='ltr'><strong><em>ταῦτα</em></strong></span> <span class='ocrx_word' id='word_1_378' title='bbox 607 2785 710 2846; x_wconf 64' lang='lat' dir='ltr'><strong>fiscii</strong></span> <span class='ocrx_word' id='word_1_379' title='bbox 728 2789 787 2858; x_wconf 80' lang='grc' dir='ltr'><strong><em>δεῖ]</em></strong></span> <span class='ocrx_word' id='word_1_380' title='bbox 803 2782 835 2841; x_wconf 80' lang='grc' dir='ltr'><strong><em>δ’</em></strong></span> <span class='ocrx_word' id='word_1_381' title='bbox 853 2783 911 2842; x_wconf 76' lang='grc' dir='ltr'><strong><em>ἔδει</em></strong></span> <span class='ocrx_word' id='word_1_382' title='bbox 927 2794 962 2843; x_wconf 85' lang='lat' dir='ltr'><strong><em>id.</em></strong></span> <span class='ocrx_word' id='word_1_383' title='bbox 990 2791 1052 2844; x_wconf 76' lang='lat' dir='ltr'><strong>ibid.</strong></span> <span class='ocrx_word' id='word_1_384' title='bbox 1071 2784 1128 2841; x_wconf 72' lang='grc' dir='ltr'><strong><em>ἔδει</em></strong></span> 
     </span>
     <span class='ocr_line' id='line_1_37' title="bbox 40 2851 1130 2932; baseline -0.004 -18"><span class='ocrx_word' id='word_1_385' title='bbox 40 2855 123 2930; x_wconf 81' lang='grc' dir='ltr'><strong><em>ἡμάν</em></strong></span> <span class='ocrx_word' id='word_1_386' title='bbox 141 2866 235 2930; x_wconf 76' lang='lat' dir='ltr'><strong>scripsi</strong></span> <span class='ocrx_word' id='word_1_387' title='bbox 260 2867 291 2917; x_wconf 88' lang='lat' dir='ltr'><strong><em>de</em></strong></span> <span class='ocrx_word' id='word_1_388' title='bbox 309 2867 441 2918; x_wconf 79' lang='lat' dir='ltr'><strong>Fritcsch‘i</strong></span> <span class='ocrx_word' id='word_1_389' title='bbox 462 2869 527 2918; x_wconf 86' lang='lat' dir='ltr'><strong>coni.</strong></span> <span class='ocrx_word' id='word_1_390' title='bbox 552 2882 598 2932; x_wconf 85' lang='lat' dir='ltr'><strong><em>pro</em></strong></span> <span class='ocrx_word' id='word_1_391' title='bbox 619 2855 745 2914; x_wconf 71' lang='grc' dir='ltr'><strong><em>ἐκείνων.</em></strong></span> <span class='ocrx_word' id='word_1_392' title='bbox 766 2863 841 2913; x_wconf 85' lang='lat' dir='ltr'><strong>Dind.</strong></span> <span class='ocrx_word' id='word_1_393' title='bbox 864 2853 922 2911; x_wconf 75' lang='grc' dir='ltr'><strong><em>ἔδει</em></strong></span> <span class='ocrx_word' id='word_1_394' title='bbox 963 2879 985 2914; x_wconf 91' lang='lat' dir='ltr'><strong><em>c.</em></strong></span> <span class='ocrx_word' id='word_1_395' title='bbox 1009 2861 1045 2912; x_wconf 85' lang='lat'><strong><em>40</em></strong></span> <span class='ocrx_word' id='word_1_396' title='bbox 1064 2851 1130 2911; x_wconf 89' lang='grc' dir='ltr'><strong><em>άνε-</em></strong></span> 
     </span>
     <span class='ocr_line' id='line_1_38' title="bbox 40 2883 1131 3001; baseline -0.003 -19"><span class='ocrx_word' id='word_1_397' title='bbox 40 2931 190 3001; x_wconf 86' lang='grc' dir='ltr'><strong><em>γίνωσκεν]</em></strong></span> <span class='ocrx_word' id='word_1_398' title='bbox 209 2883 508 3001; x_wconf 38' lang='grc' dir='ltr'><strong><em>ἀνεγίγνωσκενῶὶσᾱ,</em></strong></span> <span class='ocrx_word' id='word_1_399' title='bbox 545 2953 568 2986; x_wconf 85' lang='lat' dir='ltr'><strong><em>c.</em></strong></span> <span class='ocrx_word' id='word_1_400' title='bbox 586 2923 678 2986; x_wconf 69' lang='lat'>41&#39;11</span> <span class='ocrx_word' id='word_1_401' title='bbox 696 2929 744 2997; x_wconf 84' lang='grc' dir='ltr'><strong><em>σίη</em></strong></span> <span class='ocrx_word' id='word_1_402' title='bbox 765 2921 835 2982; x_wconf 83' lang='grc' dir='ltr'><strong><em>κάτ’</em></strong></span> <span class='ocrx_word' id='word_1_403' title='bbox 859 2921 908 2996; x_wconf 85' lang='grc' dir='ltr'><strong><em>ἀρ’</em></strong></span> <span class='ocrx_word' id='word_1_404' title='bbox 925 2920 1131 2996; x_wconf 67' lang='grc' dir='ltr'><strong><em>Ἀρισταινέτου</em></strong></span> 
     </span>
     <span class='ocr_line' id='line_1_39' title="bbox 41 2995 1128 3072; baseline -0.005 -17"><span class='ocrx_word' id='word_1_405' title='bbox 41 2995 73 3055; x_wconf 77' lang='grc' dir='ltr'><strong><em>έν</em></strong></span> <span class='ocrx_word' id='word_1_406' title='bbox 90 2995 249 3072; x_wconf 81' lang='grc' dir='ltr'><strong><em>μεγάροισι]</em></strong></span> <span class='ocrx_word' id='word_1_407' title='bbox 269 3007 305 3055; x_wconf 79' lang='lat' dir='ltr'><strong>ite</strong></span> <span class='ocrx_word' id='word_1_408' title='bbox 323 3016 426 3056; x_wconf 80' lang='lat' dir='ltr'><strong>auctore</strong></span> <span class='ocrx_word' id='word_1_409' title='bbox 442 3007 515 3066; x_wconf 76' lang='lat' dir='ltr'><strong>eod..</strong></span> <span class='ocrx_word' id='word_1_410' title='bbox 539 3021 613 3070; x_wconf 79' lang='lat' dir='ltr'><strong>quem</strong></span> <span class='ocrx_word' id='word_1_411' title='bbox 633 3019 693 3054; x_wconf 80' lang='lat' dir='ltr'><strong><em>uam</em></strong></span> <span class='ocrx_word' id='word_1_412' title='bbox 712 3019 744 3052; x_wconf 88' lang='lat' dir='ltr'><strong><em>ne</em></strong></span> <span class='ocrx_word' id='word_1_413' title='bbox 761 3004 801 3054; x_wconf 89' lang='lat' dir='ltr'><strong>sic</strong></span> <span class='ocrx_word' id='word_1_414' title='bbox 818 3002 920 3066; x_wconf 80' lang='lat' dir='ltr'><strong>quidem</strong></span> <span class='ocrx_word' id='word_1_415' title='bbox 938 3017 1041 3050; x_wconf 86' lang='lat' dir='ltr'><strong>versum</strong></span> <span class='ocrx_word' id='word_1_416' title='bbox 1060 3003 1128 3051; x_wconf 88' lang='lat' dir='ltr'><strong>omni</strong></span> 
     </span>
     <span class='ocr_line' id='line_1_40' title="bbox 41 3061 1130 3195; baseline -0.003 -3"><span class='ocrx_word' id='word_1_417' title='bbox 41 3088 107 3193; x_wconf 57' lang='lat'><strong><em>{11¹³</em></strong></span> <span class='ocrx_word' id='word_1_418' title='bbox 109 3081 147 3190; x_wconf 66' lang='grc' dir='ltr'><strong><em>ἓῗ</em></strong></span> <span class='ocrx_word' id='word_1_419' title='bbox 149 3090 163 3124; x_wconf 72' lang='lat'>⁰</span> <span class='ocrx_word' id='word_1_420' title='bbox 180 3075 557 3195; x_wconf 46' lang='lat' dir='ltr'><strong>minff‘u‘f‘irissii‘iii’</strong></span> <span class='ocrx_word' id='word_1_421' title='bbox 567 3061 1130 3195; x_wconf 53' lang='grc' dir='ltr'><strong><em>33έῖάῖέαῖέῶἷῗττηέξάῗιῗῖτῗῖἶζ</em></strong></span> 
     </span>
     <span class='ocr_line' id='line_1_41' title="bbox 42 3155 1130 3279; baseline 0.001 -15"><span class='ocrx_word' id='word_1_422' title='bbox 42 3214 110 3264; x_wconf 88' lang='lat' dir='ltr'><strong>coni.</strong></span> <span class='ocrx_word' id='word_1_423' title='bbox 129 3155 505 3279; x_wconf 55' lang='grc' dir='ltr'><strong><em>ρέέεγάάοάξγοάσατταῗτάάν</em></strong></span> <span class='ocrx_word' id='word_1_424' title='bbox 526 3204 638 3264; x_wconf 78' lang='grc' dir='ltr'><strong><em>ἀλλάων</em></strong></span> <span class='ocrx_word' id='word_1_425' title='bbox 678 3213 739 3265; x_wconf 75' lang='lat' dir='ltr'><strong>ibet.</strong></span> <span class='ocrx_word' id='word_1_426' title='bbox 764 3203 901 3275; x_wconf 72' lang='grc' dir='ltr'><strong><em>Κυθέρης</em></strong></span> <span class='ocrx_word' id='word_1_427' title='bbox 925 3199 976 3275; x_wconf 77' lang='grc' dir='ltr'><strong><em>ἡδ’</em></strong></span> <span class='ocrx_word' id='word_1_428' title='bbox 995 3196 1054 3275; x_wconf 75' lang='grc' dir='ltr'><strong><em>ἀρα</em></strong></span> <span class='ocrx_word' id='word_1_429' title='bbox 1076 3157 1130 3273; x_wconf 55' lang='lat' dir='ltr'><strong><em>{pc</em></strong></span> 
     </span>
     <span class='ocr_line' id='line_1_42' title="bbox 38 3267 1128 3359; baseline -0.003 -29"><span class='ocrx_word' id='word_1_430' title='bbox 38 3271 152 3346; x_wconf 78' lang='grc' dir='ltr'><strong><em>Ἑλένης</em></strong></span> <span class='ocrx_word' id='word_1_431' title='bbox 177 3282 210 3332; x_wconf 86' lang='lat' dir='ltr'><strong><em>de</em></strong></span> <span class='ocrx_word' id='word_1_432' title='bbox 234 3285 299 3336; x_wconf 84' lang='lat' dir='ltr'><strong>coni.</strong></span> <span class='ocrx_word' id='word_1_433' title='bbox 325 3282 417 3349; x_wconf 73' lang='lat' dir='ltr'><strong>Guyeti</strong></span> <span class='ocrx_word' id='word_1_434' title='bbox 455 3299 483 3332; x_wconf 88' lang='lat' dir='ltr'><strong><em>ro</em></strong></span> <span class='ocrx_word' id='word_1_435' title='bbox 506 3275 641 3348; x_wconf 75' lang='grc' dir='ltr'><strong><em>Κυθέρης</em></strong></span> <span class='ocrx_word' id='word_1_436' title='bbox 664 3272 714 3346; x_wconf 77' lang='grc' dir='ltr'><strong><em>ηδ’</em></strong></span> <span class='ocrx_word' id='word_1_437' title='bbox 740 3267 779 3333; x_wconf 77' lang='grc' dir='ltr'><strong><em>αὖ</em></strong></span> <span class='ocrx_word' id='word_1_438' title='bbox 799 3276 851 3346; x_wconf 79' lang='grc' dir='ltr'><strong><em>τῆς</em></strong></span> <span class='ocrx_word' id='word_1_439' title='bbox 875 3270 1014 3359; x_wconf 64' lang='grc' dir='ltr'><strong><em>Σελήνης.</em></strong></span> <span class='ocrx_word' id='word_1_440' title='bbox 1037 3277 1128 3328; x_wconf 62' lang='lat' dir='ltr'><strong>Dine:</strong></span> 
     </span>
     <span class='ocr_line' id='line_1_43' title="bbox 39 3341 1130 3418; baseline -0.011 -11"><span class='ocrx_word' id='word_1_441' title='bbox 39 3342 151 3416; x_wconf 72' lang='grc' dir='ltr'><strong><em>Ἑλένης</em></strong></span> <span class='ocrx_word' id='word_1_442' title='bbox 169 3341 220 3418; x_wconf 71' lang='grc' dir='ltr'><strong><em>ἠδ’</em></strong></span> <span class='ocrx_word' id='word_1_443' title='bbox 240 3343 340 3418; x_wconf 75' lang='grc' dir='ltr'><strong><em>ἐρατῆς</em></strong></span> <span class='ocrx_word' id='word_1_444' title='bbox 357 3351 426 3403; x_wconf 66' lang='lat' dir='ltr'><strong><em>Kc&amp;</em></strong></span> <span class='ocrx_word' id='word_1_445' title='bbox 478 3367 492 3410; x_wconf 85' lang='grc' dir='ltr'><strong><em>ς</em></strong></span> <span class='ocrx_word' id='word_1_446' title='bbox 523 3353 584 3402; x_wconf 77' lang='lat' dir='ltr'><strong>ibid.</strong></span> <span class='ocrx_word' id='word_1_447' title='bbox 601 3342 731 3417; x_wconf 81' lang='grc' dir='ltr'><strong><em>κράτιστε</em></strong></span> <span class='ocrx_word' id='word_1_448' title='bbox 748 3345 820 3400; x_wconf 77' lang='grc' dir='ltr'><strong><em>τεῶν</em></strong></span> <span class='ocrx_word' id='word_1_449' title='bbox 839 3346 1009 3417; x_wconf 77' lang='grc' dir='ltr'><strong><em>συνεφηβων</em></strong></span> <span class='ocrx_word' id='word_1_450' title='bbox 1027 3355 1130 3398; x_wconf 80' lang='lat' dir='ltr'><strong>auctore</strong></span> 
     </span>
     <span class='ocr_line' id='line_1_44' title="bbox 44 3411 1130 3488; baseline -0.006 -16"><span class='ocrx_word' id='word_1_451' title='bbox 44 3421 120 3474; x_wconf 88' lang='lat' dir='ltr'><strong>Dind.</strong></span> <span class='ocrx_word' id='word_1_452' title='bbox 139 3435 187 3488; x_wconf 86' lang='lat' dir='ltr'><strong><em>pro</em></strong></span> <span class='ocrx_word' id='word_1_453' title='bbox 202 3420 346 3487; x_wconf 78' lang='grc' dir='ltr'><strong><em>κρατεράν</em></strong></span> <span class='ocrx_word' id='word_1_454' title='bbox 361 3413 491 3487; x_wconf 84' lang='grc' dir='ltr'><strong><em>κράτιστε</em></strong></span> <span class='ocrx_word' id='word_1_455' title='bbox 509 3411 623 3488; x_wconf 76' lang='grc' dir='ltr'><strong><em>ἐφήβων</em></strong></span> <span class='ocrx_word' id='word_1_456' title='bbox 656 3437 679 3471; x_wconf 90' lang='lat' dir='ltr'><strong><em>c.</em></strong></span> <span class='ocrx_word' id='word_1_457' title='bbox 694 3422 728 3472; x_wconf 84' lang='grc'><strong><em>42</em></strong></span> <span class='ocrx_word' id='word_1_458' title='bbox 746 3411 898 3470; x_wconf 76' lang='grc' dir='ltr'><strong><em>ἀνελέσθαι</em></strong></span> <span class='ocrx_word' id='word_1_459' title='bbox 913 3435 972 3469; x_wconf 87' lang='lat' dir='ltr'><strong><em>cum</em></strong></span> <span class='ocrx_word' id='word_1_460' title='bbox 982 3415 1130 3468; x_wconf 81' lang='lat' dir='ltr'><strong>Lehmcunc</strong></span> 
     </span>
     <span class='ocr_line' id='line_1_45' title="bbox 43 3479 1130 3608; baseline -0.006 -67"><span class='ocrx_word' id='word_1_461' title='bbox 43 3491 127 3556; x_wconf 84' lang='lat' dir='ltr'><strong>recepi</strong></span> <span class='ocrx_word' id='word_1_462' title='bbox 158 3509 187 3542; x_wconf 87' lang='lat' dir='ltr'><strong><em>ro</em></strong></span> <span class='ocrx_word' id='word_1_463' title='bbox 205 3481 337 3557; x_wconf 70' lang='grc' dir='ltr'><strong><em>ἀρέσθαι.</em></strong></span> <span class='ocrx_word' id='word_1_464' title='bbox 351 3491 427 3542; x_wconf 80' lang='lat' dir='ltr'><strong>Dind.</strong></span> <span class='ocrx_word' id='word_1_465' title='bbox 442 3487 578 3554; x_wconf 70' lang='grc' dir='ltr'><strong><em>αἴρεσθαι</em></strong></span> <span class='ocrx_word' id='word_1_466' title='bbox 607 3490 670 3541; x_wconf 81' lang='lat' dir='ltr'><strong>ibid.</strong></span> <span class='ocrx_word' id='word_1_467' title='bbox 686 3481 743 3554; x_wconf 83' lang='grc' dir='ltr'><strong><em>ττρό</em></strong></span> <span class='ocrx_word' id='word_1_468' title='bbox 757 3479 847 3540; x_wconf 73' lang='grc' dir='ltr'><strong><em>αὑτοῦ</em></strong></span> <span class='ocrx_word' id='word_1_469' title='bbox 858 3496 998 3608; x_wconf 80' lang='lat' dir='ltr'><strong>praeeunte</strong></span> <span class='ocrx_word' id='word_1_470' title='bbox 1013 3487 1071 3566; x_wconf 63' lang='lat' dir='ltr'><strong><em>ped.</em></strong></span> <span class='ocrx_word' id='word_1_471' title='bbox 1081 3497 1130 3550; x_wconf 82' lang='lat' dir='ltr'><strong><em>pro</em></strong></span> 
     </span>
     <span class='ocr_line' id='line_1_46' title="bbox 44 3503 1128 3624; baseline -0.007 -14"><span class='ocrx_word' id='word_1_472' title='bbox 44 3551 100 3624; x_wconf 79' lang='grc' dir='ltr'><strong><em>τιρά</em></strong></span> <span class='ocrx_word' id='word_1_473' title='bbox 110 3503 201 3611; x_wconf 42' lang='lat' dir='ltr'><strong>acriori</strong></span> <span class='ocrx_word' id='word_1_474' title='bbox 229 3577 251 3616; x_wconf 86' lang='lat' dir='ltr'><strong><em>c.</em></strong></span> <span class='ocrx_word' id='word_1_475' title='bbox 264 3563 299 3612; x_wconf 80' lang='lat'><strong><em>44</em></strong></span> <span class='ocrx_word' id='word_1_476' title='bbox 307 3555 360 3624; x_wconf 72' lang='grc' dir='ltr'><strong><em>μὲν</em></strong></span> <span class='ocrx_word' id='word_1_477' title='bbox 370 3561 430 3612; x_wconf 86' lang='lat' dir='ltr'><strong>olim</strong></span> <span class='ocrx_word' id='word_1_478' title='bbox 439 3562 512 3612; x_wconf 84' lang='lat' dir='ltr'><strong>uncis</strong></span> <span class='ocrx_word' id='word_1_479' title='bbox 521 3559 683 3610; x_wconf 73' lang='lat' dir='ltr'><strong>inclusorem.</strong></span> <span class='ocrx_word' id='word_1_480' title='bbox 711 3575 734 3610; x_wconf 91' lang='lat' dir='ltr'><strong><em>c.</em></strong></span> <span class='ocrx_word' id='word_1_481' title='bbox 745 3560 780 3609; x_wconf 81' lang='lat'><strong><em>45</em></strong></span> <span class='ocrx_word' id='word_1_482' title='bbox 790 3547 856 3608; x_wconf 82' lang='grc' dir='ltr'><strong><em>ἕαυτ</em></strong></span> <span class='ocrx_word' id='word_1_483' title='bbox 875 3556 902 3620; x_wconf 89' lang='grc' dir='ltr'><strong><em>ν]</em></strong></span> <span class='ocrx_word' id='word_1_484' title='bbox 921 3546 1043 3622; x_wconf 80' lang='grc' dir='ltr'><strong><em>έμαυτον</em></strong></span> <span class='ocrx_word' id='word_1_485' title='bbox 1054 3553 1128 3604; x_wconf 81' lang='lat' dir='ltr'><strong>Dind.</strong></span> 
     </span>
    </p>
   </div>
   <div class='ocr_carea' id='block_1_5' title="bbox 0 0 1329 4092">
    <p class='ocr_par' dir='ltr' id='par_1_6' title="bbox 0 0 1329 4092">
     <span class='ocr_line' id='line_1_47' title="bbox 0 0 1329 4092; baseline 0 0"><span class='ocrx_word' id='word_1_486' title='bbox 0 0 1329 4092; x_wconf 95' lang='lat' dir='ltr'><strong><em> </em></strong></span> 
     </span>
    </p>
   </div>
  </div>
 </body>
</html>
