2625 4092
218 244 281 309 254
571 246 876 306 ΛΟΤΚΙΑΝΟΤ

303 414 431 475 ΔΟΡΚ.
452 405 547 476 Ἀλλά
563 408 618 474 καὶ
632 408 856 492 προσέρχεται.

301 512 408 573 ΠΑΝ.
429 503 618 587 Ἐκλύομαι,
641 496 667 570 ιδ
683 503 834 587 Δορκάς,
856 499 924 570 ύπδ
941 509 999 590 τῆς
1014 501 1154 587 άπορίας
1170 505 1218 572 καλ

218 629 333 690 τρεμω.

303 708 433 770 ΛΟΡΚ.
453 698 551 768 Ἀλλά
566 701 619 767 καὶ
637 699 860 780 Φιλόστρατος
878 703 1102 786 προσέρχεται.

302 807 408 867 ΠΑΝ.
436 804 491 877 Τίς
507 799 669 883 γίνωμαι;
690 802 759 874 πῶς
775 794 817 863 ἄν
832 795 905 882 μεὴ
923 805 966 883 γη
980 805 1150 876 καταπίοι;

303 904 331 966 4.
350 906 438 966 ΦΙΛ.
463 904 503 964 Τί
515 893 556 963 ού
571 901 727 980 πίνομεν,
748 887 775 962 ά
792 902 961 982 Παννυχίς

302 1003 408 1064 ΠΑΝ.
422 997 616 1079 Ἄνθρωπε,
633 990 847 1073 άπολάλεκάς
857 1020 906 1080 με.
929 995 973 1060 σύ
985 995 1020 1061 δὲ
1031 1009 1138 1080 χαῖρε,
1153 1002 1218 1063 Πο-

218 1097 343 1180 λέμων,
358 1094 490 1180 χρόνιος
505 1097 629 1178 φανείς.

302 1198 404 1260 ΠΟΛ.
429 1182 537 1269 Οὗτος
560 1184 623 1256 οὖν
638 1197 687 1268 τίς
707 1193 796 1257 ἐστιν
815 1189 832 1257 ὁ
854 1189 1005 1274 προσιών
1026 1189 1121 1276 ὑμῖνς
1145 1210 1221 1258 σιω-

164 1289 166 1293 ’
217 1297 298 1376 πᾷςς
327 1281 366 1354 εύ
388 1314 441 1373 γε,
465 1281 490 1355 ά
511 1294 671 1372 Παννυχί.
703 1286 766 1373 ἐγώ
789 1289 824 1356 δὲ
841 1303 1020 1374 πεμπταῖος
1041 1293 1077 1356 ἐκ
1097 1296 1223 1357 Πυλῶν

218 1388 353 1470 διέπτην
371 1385 582 1472 ἐπειγόμενος
604 1388 656 1452 ἐπὶ
676 1386 834 1471 τοιαύτην
856 1400 1008 1471 γυναῖκα.
1036 1387 1090 1452 καὶ
1112 1390 1223 1453 δίκαια

217 1485 330 1567 μέντοι
350 1485 521 1567 πέπονθα,
546 1489 604 1548 καί
619 1502 672 1549 σοι
687 1483 786 1568 χάριν
805 1490 884 1568 ἔχω·
908 1481 1017 1551 ούκέτι
1032 1481 1097 1569 γὰρ
1114 1483 1224 1565 ἁρπα-

218 1580 386 1666 σθησομαι
405 1579 470 1648 ὑπὸ
489 1591 561 1648 σού.

304 1686 394 1747 ΦΙΛ.
416 1681 470 1748 Σὺ
486 1685 520 1745 δὲ
536 1686 583 1756 τίς
598 1678 641 1764 εἷ,
660 1672 686 1745 οδ
700 1681 863 1765 βίλτιστες

306 1786 405 1846 ΠΟΛ.
427 1777 497 1846 Ὅτι
510 1781 673 1864 Πολέμων
693 1777 710 1845 ὁ
726 1777 900 1863 Στειριεὺς
916 1783 1138 1858 Πανδιονίδος
1155 1806 1227 1865 φυ-

219 1884 292 1962 λῆς,
309 1875 457 1956 άκούεις;
480 1878 690 1964 χιλιαρχήσας
701 1875 738 1944 τδ
754 1885 903 1962 πρῶτον,
919 1886 985 1943 νῦν
997 1877 1033 1944 δὲ
1044 1879 1228 1964 ἐξαναστή-

219 1996 278 2052 σας
300 1983 565 2061 πεντακισχιλίαν
587 1975 726 2060 ἀσπίδα,
755 1973 892 2060 ἐραστὴς
913 1982 1142 2061 Παννυχίδος,
1172 1975 1228 2043 ὅτε
1289 2058 1290 2067 ¹

218 2072 312 2161 ᾤμην
327 2079 373 2138 ἔτι
389 2071 589 2157 άνθρούπινα
605 2089 746 2159 φρονεῖν
760 2072 873 2160 αύτήν.

301 2178 389 2239 ΦΙΛ,
411 2169 507 2238 Ἀλλά
529 2172 567 2238 τά
586 2180 651 2239 νῦν
670 2193 739 2258 σοι,
770 2165 797 2238 ά
818 2177 949 2259 ξεναγέ,
973 2175 1142 2258 Παννυχὶς
1166 2172 1230 2260 ἐμή

218 2275 301 2354 ἐστι,
326 2271 378 2336 καὶ
399 2270 562 2336 τάλαντον
577 2278 708 2356 είληφε,
733 2269 869 2355 λήψεται
891 2273 926 2336 δὲ
946 2269 1009 2356 ἤδη
1026 2273 1079 2337 καί
1095 2273 1229 2353 ἕτερον,
1288 2296 1289 2299 ’

148 2383 206 2437 304
219 2365 354 2436 ἐπειδὰν
369 2366 408 2432 τά
427 2374 546 2450 φορτία
563 2369 770 2453 διαθώμεθα.
800 2372 855 2435 καὶ
869 2375 935 2434 νῦν
955 2367 1138 2436 ἀκολούθει
1157 2395 1231 2454 μοι,

218 2458 245 2533 οἷ
260 2472 427 2550 Παννυχί,
443 2472 564 2532 τοῦτον
579 2466 615 2533 δὲ
630 2464 709 2547 παρ’
725 2465 898 2548 Ὀδρύσαις
913 2475 1090 2552 χιλιαρχεῖν
1108 2473 1157 2534 ἔα.

307 2570 436 2632 ΔΟΡΚ.
463 2561 640 2647 Ἐλευθέρα
660 2569 722 2649 μέν
744 2567 811 2630 ἐστι
835 2565 889 2630 καὶ
911 2562 1157 2650 ἀκολουθήσει,
1188 2561 1234 2650 ἢν

218 2666 325 2749 ἐθέλῃ.

301 2765 407 2826 ΠΑΝ.
434 2766 475 2825 Τί
488 2766 590 2842 ποιῶ,
607 2762 755 2842 Δορκάς;

301 2863 432 2925 ΔΟΡΚ.
455 2860 603 2925 Πίσιέναι
621 2855 778 2942 άμεινον,
801 2854 1001 2946 ὀργιζομένῳ
1019 2853 1078 2941 ούχ
1094 2853 1177 2924 οἷόν
1198 2883 1234 2924 τε

218 2970 372 3037 παρεῖναι
378 2958 564 3040 Πολέμωνι,
575 2957 630 3023 καὶ
642 2963 770 3040 μάλλον
779 2955 1009 3040 ἐπιταθήσεται
1021 2960 1236 3039 ζηλοτυπῶν.

302 3059 409 3119 ΠΑΝ.
432 3059 474 3120 El
487 3057 613 3136 θέλεις,
631 3059 793 3138 είσίωμεν.

301 3156 330 3217 5.
345 3156 448 3217 ΠΟΛ.
467 3147 563 3218 Ἀλλά
577 3155 730 3238 προλέγω
742 3150 822 3236 ὑμῖν
833 3149 884 3218 ὅτι
896 3150 933 3216 τὸ
946 3149 1089 3219 ὕστατον
1106 3158 1238 3218 πίεσθε

217 3248 376 3334 τήμερον,
394 3243 415 3333 ἢ
429 3251 537 3333 μάτην
553 3249 616 3334 ε’γιδ
632 3250 804 3326 τοσούτοις
820 3247 938 3334 φόνοις
954 3252 1238 3336 ἐγγεγυμνασμέ-
1285 3278 1286 3355 χ

219 3369 274 3422 νος
297 3346 442 3430 πάρειμι.
470 3344 548 3422 τούς
569 3354 717 3434 Θρᾷκας,
742 3349 988 3431 οΠαρμένυν·
1021 3344 1239 3431 ὡπλισμένοι
1285 3372 1287 3411 ς

218 3439 368 3523 ηκύντων
388 3443 612 3528 ἐμφράξαντες
635 3441 695 3509 τδν
715 3441 888 3511 στενωπὸν
914 3451 953 3530 τῇ
974 3445 1142 3528 φάλαγγι·
1182 3448 1239 3512 ἐπὶ
