2625 4092
432 324 733 383 ΑΝΑΧΑΡΣΙΣ.
1046 318 1089 380 69

73 485 152 555 ἀλλ’
170 487 221 554 ἐπὶ
244 482 280 552 τό
296 482 447 572 μαλακόν
462 484 619 569 ἀσφαλῶς
635 489 802 549 πίπτοιεν·
832 488 943 550 ἔπειτα
957 477 1089 549 καὶτὸν

73 582 221 652 ὄλισθον
238 581 367 669 ἀνάγκη
384 590 485 650 πλείω
495 591 688 668 γίγνεσθαι,
713 580 899 664 ἱδρούντων
912 581 949 646 ἐν
962 585 1009 669 τῷ
1024 604 1089 665 πη-

73 689 139 770 λῷ,
164 680 244 749 ὃσύ
260 696 329 759 ταῖς
345 684 511 766 ἐγχέλεσιν
530 686 668 763 είκαζες,
692 677 755 746 οὐκ
776 676 911 764 ἀχρεῖον
932 674 1011 745 οὐδὲ
1031 702 1089 762 γε-

73 787 173 847 λοῖον
187 778 244 865 όν,
267 778 351 847 ἀλλά
369 782 424 847 καὶ
445 786 543 846 τοῦτο
559 781 592 856 ἐς
612 774 710 863 ίσχύν
726 779 781 844 καὶ
798 775 900 843 τόνον
914 773 978 842 οόκ
993 772 1088 860 ὀλίγα

73 886 245 961 συντελεῖ,
270 876 398 945 ὁπόταν
419 876 525 954 οὕτως
546 877 689 961 ἐχόντων
705 872 858 961 ἀλλήλων
873 872 1089 959 ἀναγκάζων-

73 1002 127 1041 ται
146 978 313 1062 ἐγκρατῶς
333 974 642 1062 ἀντιλαμβάνεσθαι
663 977 717 1041 καί
738 974 891 1059 συνέχειν
912 968 1089 1040 διολισθαί-

75 1098 215 1151 νοντας·
239 1083 397 1158 αἴρεσθαί
409 1100 444 1140 τε
461 1076 497 1141 ἐν
508 1082 601 1163 πηλῷ
613 1071 780 1155 ίδρωκότα
798 1068 868 1158 μετ’
888 1073 1016 1154 ἐλαίου,
1033 1072 1090 1137 ἐκ-

75 1184 194 1237 πεσεῖν
209 1174 263 1239 καὶ
284 1175 484 1258 διαρρυῆναι
502 1180 569 1239 τῶν
585 1178 707 1256 χειρῶν
721 1171 951 1250 σπουδάζοντα
968 1165 1012 1254 μὴ
1032 1193 1089 1253 μι-

74 1266 162 1351 κρὸν
186 1267 268 1336 εἶναι
291 1270 410 1356 νόμιζε.
444 1273 619 1338 καὶταῦτα
639 1270 764 1351 πάντα,
793 1266 904 1354 ῶσπερ
924 1273 1012 1353 ἔφην
1030 1272 1089 1352 ἐμυ

73 1378 248 1451 προσθεν,
272 1370 304 1447 ἐς
324 1366 403 1448 τούς
417 1374 583 1457 πολέμους
599 1372 653 1437 καί
667 1371 830 1456 χρήσιμα,
853 1374 883 1437 εί
904 1370 973 1435 δέοι
989 1375 1090 1454 φίλον

73 1468 252 1551 τρωθέντα
262 1471 384 1557 ῥᾳδίως
395 1465 566 1555 ἀράμενον
582 1462 849 1554 ύπεξενεγκεῖνῆ
860 1470 914 1535 καὶ
928 1470 1089 1553 πολέμιον

73 1564 342 1647 συναρπάσαντα
351 1564 448 1652 ἥκειν
459 1569 626 1651 μετέωρον
640 1572 826 1652 κομίζοντα.
850 1568 904 1634 καὶ
920 1563 975 1632 διά
990 1571 1090 1634 τοῦτο

74 1666 107 1741 ἐς
123 1660 320 1751 ὑπερβολὴν
332 1664 502 1750 ἀσκοῦμεν
519 1662 559 1731 τά
570 1665 783 1748 χαλεπῶτερα
797 1667 1028 1747 προτιθέντες,
1046 1659 1090 1740 ῶς

73 1757 113 1827 τά
133 1761 317 1847 μικρότερα
331 1769 447 1852 μακρῷ
460 1761 688 1848 εὐκολώτερον
699 1766 842 1847 φέροιεν.
866 1770 917 1831 29.
935 1759 997 1849 τὴν
1008 1763 1090 1847 μίν-

73 1887 123 1927 τοι
149 1860 249 1927 κόνιν
270 1862 322 1929 ἐπὶ
343 1860 379 1928 τό
402 1866 555 1930 ἐναντίον
571 1869 735 1948 χρησίμην
756 1862 898 1948 οἰόμεθα
919 1859 1021 1942 εἶναι,
1047 1857 1090 1937 ὡς

74 1957 119 2045 μὴ
145 1960 399 2028 διολισθάνοιεν
421 1962 704 2048 συμπλεκόμενοι·
739 1959 876 2029 ἐπειδᾶν
896 1958 961 2047 γάρ
987 1962 1024 2028 ἐν
1045 1965 1091 2048 τῷ

73 2064 172 2147 πηλῷ
189 2056 363 2142 ἀσκηθῶσι
379 2064 532 2145 συνέχειν
544 2058 581 2127 τὸ
599 2064 837 2143 διαδιδρᾶσκον
850 2056 916 2127 ὑπό
933 2057 1090 2144 γλισχρό-
1107 2070 1158 2127 911

72 2181 190 2241 τητος,
209 2157 375 2236 ἐθίζονται
390 2162 445 2227 καί
463 2159 641 2244 ἐκφεύγειν
659 2157 753 2226 αὐτοὶ
768 2162 956 2245 ληφθέντες
971 2162 1008 2225 ἐκ
1022 2163 1090 2223 τῶν

73 2260 216 2339 χειρῶν,
232 2257 404 2323 καὶταῦτα
420 2260 457 2324 ἐν
470 2254 610 2348 ἀφύκτῳ
627 2260 785 2344 ἐχόμενοι.
807 2252 942 2343 καὶμὴν
959 2252 1090 2322 καὶτὸν

74 2357 201 2433 ίδρῶτα
222 2356 374 2439 συνέχειν
390 2359 483 2423 δοκεῖ
500 2352 521 2443 ἡ
540 2355 632 2435 κόνις
657 2354 789 2442 ἀθρόον
804 2357 1002 2441 ἐκχεόμενον
1018 2358 1090 2421 ἐπι-

75 2456 266 2539 παττομένη
282 2458 335 2521 καὶ
352 2457 404 2523 ἐπὶ
422 2454 510 2524 πολύ
526 2459 675 2544 διαρκεῖν
690 2471 781 2525 ποιεῖ
797 2455 859 2542 τὴν
873 2456 1021 2543 δύναμιν
1035 2456 1090 2522 καί

75 2553 217 2637 κώλυμα
227 2560 375 2639 γίγνεται
384 2554 427 2643 μη
439 2558 647 2643 βλάπτεσθαι
660 2554 725 2623 ὑπό
737 2564 805 2622 τῶν
815 2554 949 2642 ἀνίμων
961 2553 1091 2637 ἀραιοῖς

76 2651 152 2717 τότε
169 2654 224 2718 καὶ
242 2650 408 2744 ἀνεῳγόσι
422 2670 490 2735 τοῖς
507 2657 660 2740 σῶμασιν
674 2655 914 2739 ἐμπιπτόντων.
938 2654 1045 2732 ἀλλως
1056 2678 1092 2720 τε

77 2754 133 2818 καί
145 2747 205 2818 τὸν
215 2753 327 2839 ῥύπον
339 2751 473 2843 ἀποσμᾷ
485 2757 539 2822 καὶ
550 2752 789 2834 στιλπνότερον
800 2768 892 2821 ποιεῖ
899 2752 959 2821 τόν
970 2752 1088 2838 ἀνδρα.

77 2853 132 2918 καί
156 2855 260 2936 ἐγωγε
283 2850 389 2937 ἡδέως
409 2850 453 2920 ἀν
479 2853 775 2937 παραστησάμενος
797 2859 938 2938 πλησίον
966 2859 1034 2919 τῶν
1054 2876 1092 2919 τε

78 2957 211 3017 λευκῶν
227 2977 303 3019 τινα
317 2955 456 3021 ἐκείνων
474 2955 527 3020 καὶ
546 2949 612 3018 ὑπὸ
630 2958 708 3040 σκιᾷ
723 2954 969 3040 δεδιῃτημένων
983 2947 1092 3019 καλόν

77 3042 121 3114 ἀν
143 3050 202 3136 ἕλη
222 3056 289 3117 τῶν
310 3054 347 3118 ἐν
368 3059 413 3141 τῷ
434 3058 566 3141 Λυκείφ
590 3053 866 3137 γυμναζομένων,
894 3048 1092 3130 ἀποπλύνας

77 3145 139 3232 τὴν
151 3149 249 3215 κόνιν
260 3154 314 3218 καί
326 3150 387 3218 τόν
398 3152 517 3238 πηλόν,
531 3154 669 3237 ἐροίμην
679 3147 723 3216 ἀν
733 3170 771 3217 σε
782 3148 913 3240 ποτέρῷ
921 3146 965 3216 ἀν
976 3149 1091 3236 ὅμοιος

78 3244 191 3324 εὔξαιο
206 3250 381 3331 γενέσθαι·
404 3248 478 3317 οίδα
498 3247 563 3335 γάρ
581 3247 624 3327 ῶς
639 3247 757 3317 αὐτίκα
771 3250 861 3318 ἕλοιο
881 3245 926 3317 ἀν
945 3252 981 3316 ἐκ
997 3250 1091 3335 πρῶ-

78 3370 137 3430 της
151 3347 357 3433 προσόψεως,
375 3354 406 3417 εί
419 3350 474 3417 καί
488 3346 532 3434 μὴ
545 3348 597 3415 ἐπὶ
608 3355 676 3415 τῶν
687 3354 795 3434 ἔργον
809 3357 1002 3436 πειραθείης
1013 3352 1091 3417 ἑκα-

78 3447 196 3531 τέρου,
213 3446 425 3535 συνεστηκός
438 3448 493 3515 καὶ
504 3452 811 3533 συγκεκροτημένος
829 3447 913 3517 εἶναι
927 3443 1091 3535 μᾶλλονῆ
