2625 4092
435 306 736 364 ΑΝΑΧΑΡΣΙΣ.
1049 308 1090 374 78

82 459 187 538 ἀλκάς
209 460 337 548 αύταλν,
360 460 433 531 ἀλλ’
459 471 530 549 είκῆ
552 466 589 531 έν
609 472 655 554 τῷ
677 473 773 554 πηλῷ
793 469 848 535 καὶ
867 478 907 558 τῆ
923 471 1016 537 κόνει
1034 474 1089 539 έκ-

81 564 229 645 χέοντες;

150 665 270 726 ’ΣΟιλ
290 658 437 746 Ἔοικας,
461 653 489 727 εδ
505 659 699 747 Ἀνάχαρσι,
722 664 853 733 τοιόνδε
868 694 899 734 τι
917 672 1090 757 δυνάμεως

80 763 158 840 πέρι
176 762 315 842 ἐννοεῖν,
330 755 375 836 ὡς
387 770 467 849 οίνφ
482 753 504 846 ῆ
519 758 615 847 ὕδατι
630 756 651 846 ῆ
664 760 753 850 ἀλλφ
767 771 835 830 τῶν
846 762 962 853 ὑγρῶν
972 764 1091 852 ὁμοίαν

81 853 191 941 αύτῆν
212 849 333 923 οὖσαν·
357 859 467 935 δέδιας
484 864 570 942 γοῦν
590 856 634 943 μῆ
652 858 763 944 ὥσπερ
785 864 818 940 ἐξ
838 860 976 948 ἀγγείου
991 891 1090 947 κερα-

80 962 166 1039 μεοῦ
186 957 277 1042 λύθη
292 960 486 1038 διαρρυεῖσα
507 958 544 1022 έν
564 971 632 1033 τοῖς
647 959 765 1035 πόνοις
784 952 868 1047 κᾷτα
888 958 967 1045 ἡμῖν
987 961 1089 1031 κενόν
1114 990 1164 1044 9¹6

80 1052 137 1117 καὶ
153 1050 255 1136 ξηρδν
271 1062 397 1139 οἴχηται
408 1051 444 1119 τὰ
457 1060 551 1136 σῶμα
563 1062 790 1122 καταλιποῦσα
802 1055 868 1123 ύπδ
881 1056 1022 1143 μηδενός
1033 1065 1089 1126 ἔνι

80 1154 188 1215 δοθεν
203 1146 513 1235 ἀναπληρούμενον.
537 1149 574 1217 τό
591 1150 626 1218 δὲ
642 1151 703 1237 ούχ
718 1151 825 1230 οὕτως
839 1159 904 1239 ἔχει
920 1175 989 1240 σοι,
1012 1149 1087 1223 ἀλλ’

80 1246 151 1338 ὅσφ
165 1275 216 1325 τις
236 1243 279 1314 ἀν
300 1246 407 1334 αύτῆν
424 1252 562 1337 ἐξαντλῇ
577 1266 645 1328 τοῖς
665 1252 799 1332 πόνοις,
821 1260 946 1342 τοσῷδε
960 1262 1088 1340 μᾶλλον

79 1350 213 1429 έπιρρεί
221 1345 302 1413 κατὰ
318 1345 378 1415 τὸν
398 1350 472 1429 περὶ
487 1354 544 1433 τῆς
555 1346 676 1430 Ὕδρας
690 1355 821 1433 μῦθον.
846 1361 879 1419 εί
895 1378 969 1417 τινα
983 1350 1089 1437 ῆκου·

80 1465 161 1530 σας,
180 1442 224 1523 ὡς
235 1443 308 1513 ἀντὶ
319 1452 397 1531 μιᾶς
413 1451 558 1530 κεφαλῆς
570 1454 749 1531 τμηθείσης
767 1445 821 1513 δύ’
838 1445 887 1515 ἀεὶ
900 1446 996 1515 ἄλλαι
1010 1447 1089 1516 άνε·

79 1546 223 1630 φύοντο.
251 1539 295 1633 ῆν
312 1543 348 1612 δὲ
368 1542 579 1629 ἀγύμναστος
601 1548 632 1623 ἐξ
648 1543 750 1630 ἀρχῆς
765 1549 819 1612 καί
835 1540 988 1635 ἀτουοςῆ
1005 1547 1089 1633 μηδδ

79 1650 201 1729 διαρκῆ
218 1642 280 1730 τῆν
295 1644 381 1729 ύλην
396 1646 452 1730 ἔχη
468 1639 761 1729 ὑποβεβλημένην,
777 1646 850 1711 τότε
866 1642 931 1712 ὑπὸ
944 1653 1012 1712 τῶν
1027 1672 1088 1711 κα-

78 1745 197 1829 μάτων
217 1743 395 1829 βλάπτοιτο
420 1738 463 1808 ἀν
483 1745 538 1809 καὶ
565 1748 857 1826 καταμαραίνοιτο,
886 1738 959 1809 οἷόν
982 1770 1012 1809 τι
1035 1745 1088 1811 ἐπὶ

78 1837 189 1923 πυρὸς
204 1843 258 1907 καὶ
273 1840 400 1924 λύχνου
416 1847 578 1925 γίγνεται·
601 1835 665 1905 ὑπό
679 1836 743 1924 γάρ
755 1847 800 1927 τῷ
813 1837 902 1929 αὐτῷ
918 1841 1087 1925 φυσήματι

78 1937 116 2005 τὸ
135 1938 198 2023 μὲν
219 1944 288 2018 πῦρ
305 1933 529 2013 ἀνακαύσειας
546 1933 589 2002 ἀν
606 1938 659 2003 καὶ
674 1942 785 2022 μεῖζον
806 1942 842 2002 ἐν
856 1944 973 2023 βραχεῖ
990 1940 1088 2023 ποιῆ-

79 2058 172 2112 σειας
190 2034 399 2120 παραθήγων
412 2040 458 2122 τῷ
474 2032 654 2117 πνεύματι,
678 2036 730 2102 καὶ
746 2032 783 2100 τό
800 2042 860 2101 τού
875 2036 1000 2120 λύχνου
1017 2044 1088 2118 φῶς

79 2132 300 2219 ἀποσβέσειας
311 2128 374 2198 ούκ
385 2137 462 2216 ἔχον
472 2127 673 2215 ἀποχρῶσαν
684 2137 740 2216 τῆς
750 2130 832 2217 ύλης
846 2128 908 2217 τῆν
919 2144 1088 2218 χορηγίαν,

79 2230 125 2309 ὡς
138 2236 257 2315 διαρκῆ
273 2226 453 2312 εἶναιπρὸς
467 2226 503 2295 τδ
517 2226 712 2296 ἀντιπνέον·
736 2225 778 2294 ού
792 2226 856 2312 γάρ
870 2226 928 2296 ἀπ’
942 2236 1088 2315 ίσχυράς,

78 2327 189 2414 οἶμαι,
206 2336 262 2412 τῆς
277 2330 364 2414 ῥίζης
380 2326 556 2412 ἀνεφύετο.

168 2430 217 2491 36.
234 2432 369 2492 ΑΝΑΧ.
391 2428 491 2492 Ταυτὶ
501 2426 573 2509 μέν,
590 2416 760 2508 ύΣόλων,
777 2421 819 2490 ού
832 2424 923 2493 πάνυ
934 2432 1087 2509 συνίημι·

80 2522 262 2605 λεπτότερα
277 2522 342 2607 γάρ
356 2518 377 2606 ῆ
392 2517 465 2588 κατ’
484 2522 540 2606 ἐμὲ
556 2530 689 2604 εἴρηκας
700 2518 861 2607 ἀκριβοῦς
875 2547 965 2599 τινος
980 2548 1089 2606 φρον-

79 2625 172 2698 τίδος
183 2622 236 2686 καὶ
248 2624 396 2697 διανοίας
407 2616 468 2697 όξύ
479 2622 675 2701 δεδορκυίας
687 2620 837 2702 δεόμενα,
865 2622 971 2686 ἐκεῖνο
985 2623 1022 2685 δέ
1031 2645 1089 2705 μοι

80 2720 216 2795 πάντας
239 2720 326 2800 εἰπέ,
349 2724 440 2795 τίνος
460 2719 558 2783 ἕνεκα
580 2714 650 2801 οὐχὶ
675 2718 729 2782 καί
750 2720 788 2782 ἐν
809 2731 876 2794 τοῖς
896 2715 1001 2803 ἀγῶσι
1022 2730 1089 2794 τοῖς

78 2816 275 2900 Ὀλυμπίασι
293 2816 347 2881 καὶ
360 2813 491 2899 Ἰσθμοῖ
499 2815 553 2881 καὶ
564 2802 682 2881 Πυθοῖ
690 2818 744 2881 καὶ
762 2829 829 2892 τοῖς
840 2813 969 2901 ἄλλοις,
988 2811 1089 2882 ὁπότε

80 2921 217 2997 πολλοί,
233 2909 277 2990 ὡς
287 2913 370 2997 φής,
388 2918 544 2978 συνίασιν
555 2908 715 2997 ὀψόμενοι
727 2910 806 2991 τούς
817 2917 916 2991 νέους
927 2911 1088 2997 ἀγωνιζο-

80 3017 224 3097 μένους,
242 3007 402 3078 ούδέποτε
414 3014 451 3077 έν
466 3008 582 3088 ὅπλοις
592 3021 743 3079 ποιεῖσθε
753 3010 815 3098 τῆν
827 3010 986 3097 ἅμιλλαν,
1003 3007 1087 3079 ἀλλά
1106 3031 1157 3087 917

79 3104 232 3194 γυμνούς
252 3109 284 3185 ές
303 3105 341 3176 τὸ
365 3112 468 3194 μέσον
490 3109 740 3194 παραγαγόντες
760 3111 1014 3195 λακτιζομένους
1034 3108 1090 3175 καὶ

81 3208 285 3291 παιομένους
307 3208 512 3273 ἐπιδείκνυτε
530 3208 586 3287 καὶΙ
604 3206 757 3291 νικῆσασι
774 3214 862 3292 μῆλα
880 3207 934 3273 καὶ
955 3206 1091 3273 κότινον

81 3306 207 3379 δίδοτε;
231 3301 325 3382 ἀξιον
341 3300 406 3389 γὰρ
422 3307 543 3372 είδέναι
558 3304 658 3371 τοῦτό
671 3328 726 3387 γε,
742 3295 876 3380 οὗτινος
890 3305 988 3370 ἕνεκα
1001 3301 1090 3369 οὕτω

82 3415 215 3469 ποιεῖτε.

168 3505 271 3567 ΣΟΛ.
298 3495 493 3585 Ἠγούμεθα
518 3502 601 3586 γάρ,
633 3493 660 3567 ό
686 3498 877 3585 Ἀνάχαρσι,
907 3498 968 3583 τῆν
990 3502 1022 3575 ές
1049 3494 1110 3572 τάΙ
