2625 4092
174 377 177 382 .
219 275 262 347 νε
474 292 476 300 ’
542 284 548 298 ·
577 282 902 350 Αονιιιεωον
940 303 970 308 ··
1001 304 1004 309 ·

220 446 498 541 εὐγνωμοσύνης,
520 444 569 536 ἢν
581 450 619 518 δὲ
633 451 690 518 καλ
705 445 829 535 λέγωσί
842 478 887 533 τι,
910 448 977 519 ὑπὸ
994 452 1136 535 φθόνου
1152 449 1238 516 αὐτο

219 546 355 626 δόξουσι
372 551 474 628 δρᾶν·
498 552 532 615 ol
546 549 664 616 πολλοὶ
678 546 766 615 δὲτδ
783 555 889 634 σχῆμα
904 550 960 615 καὶ
972 546 1161 635 φωνὴν-καλ
1173 547 1237 635 βά-

218 649 318 730 δισμα
334 648 388 711 καί
406 653 590 728 περίπατον
607 650 661 714 καί
683 648 781 731 μέλος
796 650 851 714 καί
867 652 1012 732 κρηπῖδα
1027 650 1082 715 καὶ
1095 647 1134 715 τὸ
1154 647 1238 712 ἄττα

218 766 281 811 σου
305 745 411 811 ἐκεῖνο
438 745 604 830 τεθήπασι
629 745 685 811 καλ
709 742 770 811 τὸν
793 748 918 824 ίδρωτα
943 743 1088 827 δρῶντες
1114 748 1171 814 καί
1198 742 1237 810 τδ

218 836 334 928 ἆσθμα
352 842 415 910 οὐκ
436 849 571 929 ἔχουσιν
591 842 682 919 ὅπως
704 839 924 927 ἀπιστήσουσι
940 842 984 930 μὴ
1002 841 1074 929 οὐχὶ
1091 843 1238 910 πάνδει-

218 941 281 1007 νόν
292 966 367 1009 τινα
382 944 419 1007 έν
428 956 496 1019 τοῖς
511 943 623 1027 λόγοις
635 938 830 1027 ἀγωνιστὴν,
842 940 929 1011 ελναί
936 964 982 1009 σε.
1005 942 1114 1020 άλλως
1128 943 1238 1009 τεκαὶ

217 1036 255 1106 τδ
270 1038 352 1125 ταχδ
367 1047 466 1107 τοῦτο
482 1038 523 1108 οὐ
541 1039 665 1126 μικράν
680 1047 745 1125 ἔχει
761 1036 822 1125 τὴν
841 1038 1027 1126 άπολογίαν
1041 1042 1096 1108 καὶ
1113 1046 1237 1123 θαῦμα

218 1135 308 1220 παρὰ
325 1152 394 1216 τοῖς
411 1146 561 1229 πολλοῖς·
584 1137 668 1206 ὥστε
685 1135 748 1220 δρα
765 1138 810 1222 μή
826 1164 904 1206 ποτε
917 1134 1087 1227 γράφῃςῆ
1103 1138 1238 1218 σκεψά-

217 1249 318 1325 μενος
331 1244 518 1331 παρέλθῃς,
534 1238 739 1324 ἐλεγχοςγάρ
752 1237 861 1324 σαφὴς
872 1241 975 1306 ταῦτά
989 1266 1038 1326 γε.
1060 1244 1111 1308 21.
1128 1243 1165 1305 οί
1175 1247 1237 1323 φί-

217 1347 269 1406 λοι
285 1339 321 1407 δὲ
337 1340 538 1425 πηδάτωσαν
553 1338 603 1406 ἀεὶ
621 1340 677 1407 καὶ
691 1335 818 1423 μισθόν
831 1345 900 1405 τῶν
915 1344 1060 1407 δείπνων
1074 1335 1238 1405 άποτιυέ-

217 1455 345 1523 τωσαν,
361 1447 395 1505 εί
401 1462 480 1504 ποτε
490 1436 666 1507 αἴσθοιντό
678 1456 716 1502 σε
727 1436 1039 1523 καταπεσοόμενον,
1050 1450 1139 1522 χεῖρα
1151 1432 1238 1519 δρέ-

217 1562 333 1622 γοντες
349 1539 402 1603 καὶ
423 1540 620 1622 παρέχοντες
644 1532 756 1617 εὑρείν
777 1533 814 1602 τδ
837 1534 1087 1621 λεχθησόμενον
1104 1537 1139 1600 ἐν
1160 1547 1237 1610 τοῖς

217 1633 340 1720 μεταξὺ
354 1643 422 1701 των
437 1639 583 1701 ἐπαίνων
598 1639 823 1719 διαλείμμασι·
852 1631 985 1719 καὶγὰρ
1001 1626 1045 1699 αὖ
1059 1634 1114 1699 καὶ
1128 1637 1237 1697 τοῦδε

216 1735 340 1817 μελέτω
352 1755 403 1799 σοι
416 1732 475 1800 τὸν
486 1731 588 1817 χορόν
600 1738 687 1818 ἐχειν
699 1737 822 1799 οίκεῖου
834 1735 888 1800 καὶ
900 1734 1099 1821 συνᾴδοντα.
1111 1737 1234 1815 ταῦτα

216 1834 279 1916 μέν
299 1850 352 1897 σοι
369 1828 409 1896 τά
431 1833 467 1898 ἐν
489 1845 557 1908 τοῖς
573 1830 693 1915 λόγοις.
730 1828 811 1916 μετά
835 1838 938 1897 ταῦτα
956 1830 991 1898 δὲ
1012 1831 1235 1912 προῖόντασε

217 1934 513 2012 δορυφορείτωσαν
523 1932 813 2015 ἐγκεκαλυμμένου
825 1927 929 1996 αὐτὸν
938 1932 1077 2013 καὶπερὶ
1087 1921 1135 1995 ὧν
1143 1935 1235 2013 ἔφης

212 2026 337 2113 μεταξὺ
362 2026 640 2115 διαλαμβάνοντα.
678 2031 733 2096 καὶ
752 2028 795 2113 ἤν
818 2056 865 2105 τις
889 2029 1024 2115 ἐντύχῃ,
1053 2029 1233 2113 θαυμάσια

166 2142 201 2199 σε
218 2127 293 2216 περὶ
306 2114 434 2193 σαυτοῦ
446 2126 586 2213 λέγεκαὶ
601 2125 816 2210 ὑπερεπαίνει
831 2129 885 2194 καὶ
896 2124 1044 2212 ἐπαχθὴς
1053 2134 1150 2213 γίνου
1163 2125 1233 2193 αό-

213 2231 276 2313 τῷ.·
298 2232 331 2291 τί
348 2221 413 2309 γάρ
434 2220 650 2303 δ’Παιανιεδς
668 2222 752 2308 πρδς
769 2226 842 2309 ε’μές
864 2233 922 2292 καί
927 2251 940 2306 3·
956 2221 1050 2307 Πρός
1065 2226 1125 2291 ἕνα
1145 2232 1233 2303 ῖσως

213 2348 270 2407 μοι
285 2330 353 2390 τῶν
369 2330 521 2390 ’παλαιῶν
538 2320 679 2408 ὁάγοάν·
703 2328 758 2391 καί
773 2321 813 2390 τά
828 2331 973 2390 τοιαῦτα.

298 2428 348 2489 22.
360 2418 399 2489 “0
411 2422 447 2488 δὲ
458 2414 613 2507 μέγιστον
628 2426 683 2490 καὶ
698 2420 782 2506 πρὸς
792 2426 828 2489 τό
842 2419 1032 2506 εὐδοκιμεῖν
1042 2419 1231 2506 άναγκαιό-

213 2528 313 2589 τατον
328 2516 445 2605 ὀλίγον
461 2525 531 2586 δεῖν
545 2522 785 2603 παραλέλοιπα,
801 2518 962 2586 ἁπάντων
977 2522 1141 2604 καταγέλα
1156 2528 1231 2589 τῶν

213 2619 397 2705 λεγόντων·
420 2619 475 2685 καλ
492 2613 536 2704 ἢν
550 2620 612 2704 μέν
628 2645 676 2697 τις
690 2626 799 2697 καλῶς
814 2629 907 2707 είπῃ,
921 2617 1082 2702 άλλότρια
1098 2620 1152 2686 καὶ
1163 2617 1231 2706 οὐχ

214 2722 338 2786 ἑαυτοῦ
352 2718 522 2786 δεικνύειν
535 2722 687 2784 δοκείτω·
710 2713 754 2803 ἢν
765 2718 801 2784 δὲ
812 2726 952 2801 μετρίως
965 2720 1097 2804 ένεχθῃ,
1114 2716 1230 2784 πάντα

212 2822 295 2883 ἔστω
322 2816 512 2901 ἐπιλήψιμα.
536 2804 606 2881 ’καὶ
633 2818 670 2881 ἐν
694 2830 764 2892 ταῖς
788 2814 967 2896 ἀκροάσεσι
988 2813 1070 2898 μετὰ
1097 2816 1229 2893 πάντας

214 2914 349 2980 εἰσιέναι
365 2914 439 2998 χρή,
457 2916 618 2997 ἐπίσημον
633 2912 713 2997 γάρ·
737 2914 792 2978 καὶ
806 2914 1049 2997 σιωπησάντων
1062 2910 1230 2982 ἁπάντων

213 3012 309 3088 ξένον
327 3007 403 3075 τινά
425 3015 563 3075 ἔπαινον
581 3010 730 3077 ἐπειπεῖν
749 3007 807 3086 τάς
829 3007 933 3087 ἀκοάς
955 3016 1023 3077 τῶν
1044 3011 1228 3094 παρόντων

202 3110 458 3193 Ιἐπιστρέφοντα
468 3111 522 3176 καί
536 3111 774 3195 ἐνοχλήσοντα,
792 3106 835 3185 ὡς
852 3116 994 3176 ναυτιᾶν
1010 3108 1160 3199 ἅπαντας
1170 3112 1227 3177 ἐπὶ

211 3214 257 3295 τῷ
280 3214 429 3296 φορτικῷ
447 3215 514 3275 τῶν
531 3198 707 3292 ὀνομάτων
726 3208 780 3274 καὶ
796 3209 1059 3292 ἐπιφράττεσθαι
1078 3205 1120 3279 τά
1143 3200 1224 3275 ὦτα.

211 3308 266 3373 καὶ
287 3309 452 3395 ἐπισείσῃς
472 3304 575 3393 δὲμὴ
597 3307 757 3384 πολλάκις
778 3306 840 3392 τὴν
859 3322 969 3393 χεῖρα,
998 3304 1124 3383 εὐτελὲς
1144 3305 1226 3392 γάρ,

211 3406 293 3489 μηδὲ
308 3401 468 3493 ἀναστῇς,
485 3402 573 3491 πλὴν
587 3403 674 3484 άπαξ
685 3430 724 3489 γε
735 3400 756 3490 ἢ
767 3403 868 3483 δλςτδ
886 3414 1058 3473 πλεῖστον·
1077 3401 1226 3490 ὑπομει-

211 3507 264 3570 δία
284 3506 319 3570 δὲ
336 3500 375 3568 τά
397 3500 504 3571 πολλά
528 3505 582 3571 καλ
601 3507 700 3588 δῆλος
719 3511 818 3588 γίνου
839 3502 884 3590 μὴ
905 3501 1130 3587 ἀρεσκόμενος
1151 3517 1226 3581 τοῖς
