2625 4092
370 311 814 369 ΨΕΤΔΟΛΟΓΙΣΤΗΣ.
1037 307 1096 371 175

84 468 168 538 αὐτὸ
185 469 288 555 εἶδεν,
308 470 363 537 ὅτε
375 470 435 537 τὸν
450 471 626 550 Ταρσόθεν
640 468 765 555 ἥκοντα
777 472 905 538 ἐκείνου
920 477 1097 538 νεανίσκον

83 564 270 653 άπαγαγον
273 621 365 637 .....
391 566 473 637 άλλά
492 570 546 635 καὶ
568 567 745 651 ἀναδέρειν
763 565 846 634 αὐτά
865 566 1002 652 αι’σχρὸν
1018 579 1097 646 λ’σως

85 668 167 750 ἐμοί.
191 667 278 751 πλὴν
293 665 377 734 άλλά
389 675 483 734 ίσασί
494 668 594 752 γεκαὶ
609 667 792 751 μέμνηνται
803 670 837 732 οί
846 667 919 732 τότε
936 664 1015 749 ὑμῖν
1025 669 1097 733 ἐπι-

85 765 223 842 στάντες
238 767 291 832 καί
302 767 339 833 σέ
353 768 415 849 μὲν
430 768 463 842 ἐς
476 764 563 849 γόνυ
577 764 840 849 συγκαθήμενον
856 763 997 848 ἰδόντες,
1014 767 1098 832 ἐκεί-

84 888 150 929 νον
167 864 202 929 δὲ
224 862 324 930 οἶσθα
340 861 360 930 ό
374 891 404 929 τι
420 865 474 930 καὶ
490 870 668 929 ποιοῦντα.
693 869 723 930 εἰ
735 859 779 947 μὴ
798 863 1010 928 παντάπασιν
1025 865 1098 928 ἐπι-

87 960 223 1045 λήσμων
238 988 287 1038 τις
303 960 347 1045 εἷ,
374 959 411 1028 τό
432 961 547 1046 στόμα.
581 967 631 1030 21.
649 957 725 1028 ἄλλ’
742 966 776 1026 οί
792 964 828 1026 ἐν
843 963 1001 1049 Αἰγύπτῳ
1019 969 1098 1037 ίσως

84 1053 293 1142 οἷγνοησουσί
300 1078 336 1124 σε
347 1064 381 1127 οί
391 1058 471 1145 μετά
483 1058 561 1138 τούς
573 1063 609 1127 ἐν
619 1066 730 1147 Συρίᾳ
741 1057 958 1143 θαυμαστοὺς
968 1059 1096 1136 άθλους

84 1157 236 1232 ἐκείνους
248 1155 489 1243 ὑποδεξάμενοι
504 1159 674 1244 φεύγοντα
690 1157 744 1243 ἐφ’
765 1154 813 1236 οἷς
829 1156 936 1236 εἷπον,
951 1153 1015 1224 ύπό
1029 1162 1097 1222 τῶν

84 1256 354 1340 ἱματιοκαπήλων
367 1258 588 1342 διωκόμενον,
602 1256 682 1339 παρ’
696 1250 744 1325 ὦν
754 1261 895 1342 έσθητας
907 1263 1097 1332 πολυτελεῖς

85 1351 267 1436 πριάμενος
285 1354 402 1439 ἐφόδια
418 1355 507 1441 εἶχες.
533 1354 606 1424 ἀλλ’
624 1353 686 1423 ούκ
703 1357 825 1423 ἐλάττω
841 1377 893 1420 σοι
907 1353 928 1439 ἡ
944 1351 1096 1431 Ἀλεξάν-

85 1455 181 1531 δρεια
196 1452 369 1538 σύνοιδεν,
386 1453 464 1521 οὐδὲ
479 1453 524 1538 μά
536 1463 602 1522 Δία
613 1457 712 1539 ἐχρῆν
725 1457 884 1535 δευτέραν
899 1460 956 1536 τῆς
969 1448 1095 1519 Ἀντιο-

85 1554 175 1633 χείας
192 1557 367 1631 κεκρίσθαι
390 1549 512 1637 αύτήν·
541 1549 614 1620 ἀλλ’
633 1550 656 1636 ἦ
674 1576 707 1618 τε
729 1549 889 1618 άκολασία
910 1546 1096 1635 γυμνοτέρα

85 1648 140 1712 καὶ
156 1644 177 1731 ἡ
190 1653 407 1733 αἰσχρουργία
419 1669 471 1715 σοι
485 1652 554 1717 ἐκεῖ
567 1651 804 1734 ἐπιμανεστέρα
817 1649 871 1715 καί
885 1645 1034 1731 τοῦνομα
1045 1645 1097 1713 ἐπὶ

86 1747 216 1825 τούτοις
238 1755 350 1833 μεῖζον
366 1751 420 1817 καί
443 1753 492 1816 ἐπὶ
515 1759 618 1817 πᾶσιν
634 1747 860 1834 άκάλυπτοςὴ
882 1745 1019 1834 κεφαλή.
1052 1740 1097 1823 εἰς

85 1844 190 1929 μόνος
202 1839 247 1912 ἂν
263 1849 435 1914 ἐπίστευσέ
444 1868 496 1914 σοι
510 1848 635 1936 ἐξάρνῳ
646 1851 812 1937 γινομένῳ
827 1846 931 1933 μηδὲν
943 1852 1098 1912 τοιοῦτον

87 1943 263 2028 εἰργάσθαι
275 1949 329 2012 καὶ
347 1944 475 2032 βοηθός
490 1941 534 2013 άν
549 1949 685 2032 κατέστη
698 1944 715 2012 ὁ
731 1955 916 2023 τελευταῖος
931 1944 1095 2029 μισθοδό-
1118 1959 1167 2016 179

86 2066 158 2126 της,
184 2037 270 2126 άνηρ
289 2046 325 2108 ἐν
339 2058 407 2121 τοίς
425 2041 572 2125 άρίστοις
587 2041 763 2129 Ῥωμαίων,
793 2043 941 2129 τούνομα
962 2045 997 2110 δὲ
1015 2038 1096 2109 αύτό

87 2139 205 2215 διόσεις
220 2137 453 2226 ἀποσιωπῆσαί
462 2170 534 2228 μοι,
550 2147 721 2210 καὶταῦτα
733 2142 816 2226 πρὸς
830 2144 955 2219 πάντας
971 2141 1098 2218 εἰδότας

86 2233 127 2303 ὃν
146 2239 241 2321 λέγω.
272 2241 396 2317 ἐκεῖνος
413 2249 529 2308 τοίνυν
545 2241 585 2308 τά
606 2244 668 2327 μὲν
684 2242 767 2310 ἄλλα
782 2239 888 2308 ὁπόσα
905 2246 980 2324 ἐτλη
1001 2245 1037 2305 ἐν
1058 2246 1097 2326 τῇ

86 2344 251 2425 συνουσίᾳ
262 2343 469 2425 τολμηθέντα
481 2339 546 2408 ὑπὸ
562 2348 635 2425 σοῦ,
652 2349 686 2408 τί
694 2339 756 2427 χρὴ
768 2343 893 2426 λέγειν;
908 2337 982 2406 ἀλλ’
997 2336 1096 2423 ἡνίκα

86 2457 123 2502 σε
138 2440 298 2524 κατέλαβε
314 2446 376 2506 τού
386 2448 562 2525 μειρακίου
573 2446 633 2506 τού
645 2441 800 2526 οἰνοχόου
815 2447 875 2506 τοῦ
888 2444 1096 2514 Οἰνοπίωνος

87 2538 124 2602 ἐν
135 2537 255 2624 γόνασι
272 2545 442 2623 κείμενον,
462 2547 497 2608 τί
509 2550 587 2618 οίεις
611 2543 804 2606 ἐπίστευσεν
822 2536 864 2603 ύν
882 2559 934 2603 σοι
952 2536 995 2622 μὴ
1012 2535 1096 2603 εἶναι

87 2641 243 2700 τοιοῦτον
258 2633 339 2702 αύτό
355 2634 444 2718 ὁρῶν
459 2637 495 2704 τό
512 2644 635 2723 ἐργων;
660 2635 738 2718 ούκ,
757 2648 789 2705 εί
800 2663 837 2722 γε
849 2635 893 2722 μὴ
906 2635 1095 2703 παντάπασι

87 2731 214 2818 τυφλός
231 2725 283 2820 ἦν.
312 2734 395 2803 ἀλλά
412 2740 559 2824 ἐδήλωσε
575 2737 636 2823 τὴν
652 2738 791 2823 γνώμην
806 2732 924 2802 αὐτίκα
944 2736 1097 2813 ἐξελάσας

86 2840 145 2918 τῆς
161 2840 266 2912 οἰκίας
281 2837 333 2902 καὶΙ
350 2839 540 2918 καθάρσιόν
558 2863 611 2922 γε,
631 2836 674 2914 ὥς
692 2856 790 2919 φασι,
807 2832 1033 2919 περιενεγκών
1045 2836 1097 2900 ἐπὶ

86 2941 126 3021 τῇ
142 2941 184 3021 ση
202 2933 312 3024 ἐξόδῳ.
346 2942 396 3002 22.
413 2935 521 3021 Ἀχαΐα
533 2936 594 3021 μὲν
609 2934 673 3020 γάρ
692 2937 745 3002 καὶ
760 2932 877 3002 Ἰταλία
892 2941 981 3001 πᾶσα
997 2933 1096 3017 ἐμπέ-

86 3040 229 3116 πλησται
251 3040 320 3098 τῶν
336 3042 405 3101 σαῑν
424 3041 531 3119 ἔργων
548 3039 600 3101 καὶ
623 3042 679 3120 τῆς
701 3031 751 3101 ἐπ’
771 3031 883 3110 αύτοϊς
901 3033 1013 3117 δόξης·
1043 3033 1097 3098 καί

85 3131 184 3199 ὄναιό
192 3158 230 3216 γε
240 3140 296 3217 της
306 3130 461 3211 εύκλείας.
477 3133 560 3199 ὥστε
571 3130 653 3215 πρός
663 3131 742 3211 τούς
751 3134 984 3218 θαυμάζοντας
993 3135 1095 3215 ἔγωγε

84 3227 125 3298 τά
139 3233 176 3297 ἐν
188 3227 312 3320 Ἐφέσῳ
326 3239 391 3298 νῦν
403 3231 612 3317 πραττόμενα
627 3229 692 3299 ύπὸ
706 3238 768 3297 σοῦ
778 3236 885 3299 ἐκεῖνο
902 3232 998 3316 λέγω,
1013 3227 1095 3310 ὅπερ

84 3329 333 3415 άληθέστατον,
357 3328 399 3408 ὡς
420 3328 483 3397 ούκ
504 3326 548 3396 άν
565 3331 774 3415 ἐθαύμαζον,
799 3337 829 3397 εἰ
841 3328 879 3395 τά
902 3329 1014 3410 πρῶτά
1033 3349 1095 3394 σου

85 3430 232 3520 ᾔδεισαν.
257 3439 362 3498 καίτοι
377 3429 498 3498 καινόν
519 3434 668 3497 ἐνταῦθα
683 3429 737 3496 καὶ
754 3428 790 3494 τό
808 3427 891 3510 πρὸς
907 3425 964 3505 τάς
977 3441 1094 3512 γυναί-

84 3556 147 3605 κας
162 3532 380 3609 προσέμαθες.
404 3536 453 3596 23.
472 3526 514 3596 ού
528 3533 602 3610 περὶ
616 3531 703 3595 πόδα
718 3521 783 3593 ούν
794 3536 838 3611 τῳ
850 3529 1008 3612 τοιούτῳ,
1026 3531 1097 3594 εἰπέ
