2625 4092
226 304 268 367 60
574 305 881 365 AOYKIANOY

224 464 292 551 γάρ
306 468 454 548 θατέρου
469 465 601 540 πάντως
616 460 679 529 ούκ
699 458 744 527 ἀν
758 459 979 547 ἁμάρτοιμεν,
1001 458 1023 549 ἦ
1038 464 1074 530 σέ
1090 470 1233 551 βεβαίως

226 571 406 650 πεισθῆναι
427 565 583 647 ἐκχέαντα
604 559 713 628 ὁπόσα
734 569 797 627 οίει
817 558 1013 627 ἀντιλεκτέαΙ
1027 559 1112 628 εἶναι
1132 557 1155 647 ἢ
1176 561 1232 647 ἐμὲ

225 660 490 745 ἀναδιδαχθῆναι
513 657 557 736 ὡς
578 656 640 725 οὐκ
669 655 782 743 ὀρθῶς
805 658 983 743 γιγνώσκω
1007 660 1082 743 περὶ
1107 656 1231 726 αύτῶν.

225 761 279 826 καὶ
294 760 331 825 έν
346 758 454 845 τούτῳ
473 763 563 823 πᾶσα
585 753 628 821 ἀν
651 774 704 821 σοι
720 752 741 839 ἡ
759 752 888 840 πόλιςή
905 752 1096 841 Ἀθηναίων
1109 754 1173 821 ούκ
1189 748 1233 820 ἀν

225 857 354 944 φθάνοι
374 856 473 941 χάριν
494 850 720 938 ὁμολογοῦσα·
748 848 811 917 ὅσα
828 848 894 935 γάρ
913 846 957 916 ἀν
979 852 1036 936 ἐμλ
1050 854 1232 940 παιδεύσῃς
1289 851 1290 862 ’

224 956 279 1021 καὶ
293 958 489 1039 μεταπείσῃς
503 947 586 1034 πρὸς
601 946 638 1016 τό
654 951 802 1036 βέλτιον,
819 950 952 1033 ἐκείνην
965 945 1005 1014 τά
1020 953 1158 1035 μέγιστα
1173 955 1231 1037 ἐσῃ

226 1048 414 1136 ὠφεληκώς.
449 1044 550 1115 οὐδέν
571 1044 636 1132 γάρ
660 1041 704 1112 ἀν
724 1042 986 1131 ἀποκρυψαίμην
1003 1044 1129 1131 αύτήν,
1155 1044 1230 1113 ἀλλ’

226 1146 332 1226 εὐθύς
347 1154 392 1225 είς
405 1142 443 1213 τό
461 1150 563 1230 μέσον
574 1142 757 1228 καταθήσω
771 1144 886 1229 φέρων
898 1146 954 1211 καὶ
963 1140 1126 1223 καταστάς
1143 1147 1181 1212 ἐν
1192 1152 1231 1231 τῃ

225 1248 327 1314 πνυκὶ
347 1250 411 1331 ἐριό
427 1241 511 1328 πρός
531 1241 696 1322 ἅπαντας,
712 1239 853 1324 ’Ἄνδρες
876 1240 1063 1326 Ἀθηναῖοι,
1089 1240 1153 1327 ἐγώ
1171 1244 1234 1329 μέν

225 1342 307 1429 ὑμῖν
320 1349 449 1429 έγραψα
461 1338 538 1418 τούς
551 1339 675 1424 νόμους
685 1342 778 1417 οἴους
788 1335 833 1405 ἀν
848 1338 942 1428 ᾤμην
954 1338 1232 1425 ὠφελιμωτάτους
1291 1343 1293 1420 χ

225 1447 361 1509 ἐσεσθαι
372 1447 412 1528 τῃ
427 1439 532 1522 πόλει,
547 1436 566 1505 ό
580 1436 617 1505 δέ
631 1439 724 1517 ξένος
739 1435 905 1504 οὑτοσί·ὰ
916 1442 1023 1517 δείξας
1032 1442 1079 1523 σέ,
1095 1430 1234 1505 ύἈνά-

226 1558 323 1625 χαρσι
341 1578 378 1589 -
396 1536 538 1622 Σκύθης
556 1537 618 1621 μέν
637 1538 723 1619 ἐστι,
745 1533 851 1621 οοφὸς
871 1535 908 1603 δὲ
924 1532 974 1601 όν
995 1539 1233 1620 μετεπαίδευσέ

155 1653 208 1710 897
227 1662 267 1721 με
283 1638 338 1703 καί
352 1634 435 1702 ἀλλα
452 1639 570 1720 βελτίω
586 1633 767 1719 μαθήματα
786 1636 840 1701 καὶ
857 1635 1098 1719 ἐπιτηδεύματα
1119 1636 1233 1702 ἐδιδά-

226 1738 319 1812 ξατο·
350 1731 433 1799 ὥστε
449 1729 623 1817 εὐεργέτης
642 1728 740 1818 ὑμῶν
759 1730 776 1800 δ
796 1731 882 1818 ἀνήρ
904 1731 1156 1820 ἀναγεγράφθω
1176 1734 1233 1800 καὶ

225 1836 372 1916 χαλκοῦν
387 1826 490 1895 αύτόν
508 1826 714 1915 ἀναστήσατε
735 1828 825 1913 παρὰ
840 1827 920 1907 τούς
939 1831 1139 1914 ἐπωνύμους
1155 1825 1181 1916 ἦ
1196 1832 1233 1897 έν

226 1930 320 1995 πόλει
331 1924 421 2012 παρὰ
433 1925 495 2013 τήν
505 1924 661 2011 Ἀθηνᾶν.
685 1928 739 1994 καὶ
753 1920 793 1993 εύ
804 1936 878 1996 ίσθι
892 1924 937 2005 ὡς
950 1924 1014 1995 ούκ
1028 1934 1232 2014 αἰσχυνεῖται

224 2024 244 2113 ή
258 2023 445 2110 Ἀθηναίων
459 2024 554 2101 πόλις
568 2024 658 2107 παρά
673 2025 849 2111 βαρβάρου
863 2026 917 2091 καί
932 2028 1033 2103 ξένου
1044 2023 1087 2092 τά
1100 2027 1233 2111 συμφέ-

225 2148 328 2209 ροντα
344 2123 622 2206 ἐκμανθάνοντες.

310 2226 359 2290 18.
377 2227 514 2288 ANAX.
543 2226 650 2287 Τοῦτο
662 2222 770 2287 ἐκεῖνο
780 2213 825 2305 ήν
835 2218 917 2306 άρα,
931 2217 952 2287 δ
965 2218 1031 2305 έγά
1046 2222 1122 2305 περὶ
1133 2217 1233 2305 ὑμῶν

223 2318 351 2405 ἤκουον
364 2324 432 2384 τῶν
445 2314 648 2405 Ἀθηναίων,
669 2313 714 2393 ὡς
725 2316 811 2401 εἴητε
823 2327 960 2401 εἴρωνες
973 2324 1093 2396 ἐντοῖς
1106 2317 1230 2404 λύγοις.

224 2418 293 2485 ἐπεὶ
313 2414 423 2482 πόθεν
444 2410 490 2481 ἀν
508 2412 573 2500 ἐγά
594 2412 700 2499 νομὰς
722 2416 779 2482 καὶ
797 2416 924 2502 πλάνης
945 2414 1144 2502 ἅνθρωπος,
1174 2415 1230 2501 ἐφ’

224 2512 351 2599 ἀμάξης
364 2512 551 2599 βεβιωκώς,
566 2510 686 2581 ἀλλοτε
699 2510 806 2598 ἀλλην
822 2522 887 2599 γῆν
902 2511 1050 2602 ἀμείβων
1056 2563 1071 2601 ,ψ
1081 2516 1184 2583 πόλιν
1196 2516 1233 2582 δέ

223 2610 300 2678 ούτε
317 2609 452 2696 οἰκήσας
465 2611 598 2677 πώποτε
613 2608 691 2677 οὔτε
706 2608 823 2679 ἀλλοτε
839 2609 861 2697 ή
877 2621 945 2680 νύν
964 2615 1134 2697 ἑωρακώς,
1154 2615 1233 2694 περὶ

223 2714 390 2785 πολιτείας
411 2711 563 2793 διεξίοιμι
580 2710 637 2776 καδ
659 2707 849 2796 διδάσκοιμι
871 2708 1081 2798 αὐτόχθονας
1104 2712 1235 2795 ἀνδρας

224 2806 325 2873 πόλιν
340 2806 465 2890 ταύτην
477 2804 699 2892 ἀρχαιοτάτην
713 2807 885 2886 τοσούτοις
901 2808 965 2895 ήδη
978 2808 1112 2897 χρόνοις
1124 2814 1162 2877 ἐν
1173 2808 1234 2876 εύ-

222 2908 322 2989 νομίᾳ
336 2903 581 2993 κατῳκηκότας,
597 2903 653 2970 καὶ
663 2902 805 2987 μάλιστα
816 2908 855 2971 σε’
860 2956 869 2987 ,
888 2898 1066 2988 άΣόλων,
1081 2897 1110 2993 ᾧ
1118 2913 1233 2991 τοῦτο,

224 2998 269 3077 ὡς
280 3007 393 3085 φασίν,
407 3004 439 3080 ἐξ
448 2998 549 3086 ἀρχῆς
558 3006 613 3069 καὶ
624 3001 763 3086 μάθημα
775 3004 915 3088 ἐγένετο,
931 3008 1129 3072 ἐπίστασθαι
1140 3002 1235 3084 ὅπως

153 3104 206 3160 898
225 3090 269 3163 ἀν
284 3094 402 3177 άριστα
418 3100 513 3175 πόλις
529 3106 650 3166 οἰκοῖτο
668 3102 722 3166 καὶ
737 3095 857 3167 οἷστισι
872 3103 988 3188 νόμοις
999 3102 1154 3188 χρωμένη
1173 3100 1235 3169 εύ-

224 3194 453 3279 δαιμονήσειες
468 3193 555 3281 πλήν
567 3193 650 3263 ἀλλά
663 3199 825 3263 καὶτοῦτο
841 3195 887 3274 άς
898 3200 1067 3284 νομοθέτῃ
1076 3200 1236 3265 πειστέον

223 3312 294 3373 σοι,
319 3294 372 3357 καὶ
394 3288 538 3374 ἀντερῶ,
563 3292 607 3378 ἤν
627 3300 661 3359 τί
679 3320 735 3377 μοι
756 3300 839 3382 δοκῇ
858 3294 902 3381 μή
926 3294 1039 3377 ὀρθῶς
1059 3299 1233 3381 λέγεσθαι,

223 3386 268 3467 ὡς
284 3387 499 3475 βεβαιότερον
518 3391 670 3476 μάθοιμι.
695 3393 750 3457 καὶ
770 3390 845 3459 ἰδού
862 3393 927 3478 γάρ
942 3392 1007 3480 ήδη
1024 3393 1235 3479 ἐκφυγόντες

222 3484 282 3554 τόν
302 3486 399 3571 ἥλιον
420 3490 457 3578 ἐν
481 3496 527 3575 τῷ
547 3503 735 3577 συνηρεφεῖ
753 3492 868 3575 ἐσμεν,
894 3494 949 3559 καὶ
968 3496 1121 3576 καθέδρα
1139 3494 1234 3578 μάλα
