2625 4092
360 337 563 396 ΠΛΟΙΟΝ
580 341 607 392 H
628 338 791 396 EYXAI.
1017 337 1080 397 213

70 499 133 584 μὲν
159 501 301 566 ἐπετέλει
322 505 391 564 τῶν
416 494 672 582 ὑπεσχημένων,
698 494 737 563 τά
762 495 793 563 δ’
816 495 914 584 ἀτελῆ
941 496 1081 585 ἀπελίμ-

71 621 187 664 πανευ.

477 744 677 752 ——-

329 921 550 990 ΠΛΟΙΟΝ
577 929 611 985 Η
642 920 822 990 ΕΥΧΑΙ.
1097 935 1148 992 να

157 1090 185 1150 l.
202 1089 420 1152 AYKINOZ.
441 1080 513 1150 Οάκ
526 1079 589 1167 ἐγώ
605 1079 716 1167 ’λέγον
727 1079 779 1148 ὅτι
790 1078 1080 1164 θάττοντούςγῦ-

70 1204 135 1258 πας
154 1183 257 1258 ἕωλος
276 1179 395 1265 νεκρὸς
411 1185 448 1248 ἐν
468 1187 604 1269 φανερῷ
625 1187 775 1264 κείμενος
790 1173 812 1263 ἢ
828 1178 938 1262 θέαμά
958 1205 989 1244 τι
1010 1186 1078 1244 τείν

70 1279 272 1359 παραδόξων
291 1279 459 1363 Τιμόλαον
474 1276 647 1360 διαλάθοι,
671 1273 737 1344 κάν
752 1283 798 1354 είς
813 1276 988 1363 Κόρινθον
1010 1279 1078 1341 δέοι

69 1375 232 1445 ἀπνευστὶ
247 1381 371 1445 θέοντα
392 1376 525 1444 ἀπιέναι
542 1373 598 1443 διά
613 1384 729 1456 τοῦτος
752 1374 840 1444 οὕτω
859 1376 1079 1462 φιλοθεάμων

69 1479 113 1544 οό
128 1504 168 1561 γε
183 1479 237 1544 καὶ
252 1474 374 1556 ἀοκνος
390 1475 430 1544 τά
446 1484 592 1545 τοιαῦτα.

159 1583 409 1644 ΤΙΜΟΛΑΟΣ.
441 1582 484 1643 Τί
502 1573 567 1661 γὰρ
592 1579 658 1642 ἔδει
679 1576 734 1644 καὶ
748 1589 871 1652 ποιεῖν,
896 1566 921 1640 ἀ
941 1580 1079 1655 Λυκῖνε,

69 1671 194 1758 σχολὴν
215 1673 339 1758 ἀγοντα
354 1673 554 1757 πυθόμενον
569 1671 676 1750 οὕτως
691 1670 902 1758 ὑπερμεγέθη
922 1679 1009 1737 ναῦν
1025 1671 1080 1738 καὶ

69 1773 155 1852 πέρα
170 1777 231 1837 τοῦ
251 1772 374 1856 μέτρου
394 1772 427 1848 ἐς
445 1766 506 1837 τόν
520 1777 663 1851 Πειραιοῖ
681 1773 985 1836 καταπεπλευκέναι
999 1775 1079 1854 μίαν
1128 1789 1131 1797 ·

69 1874 140 1933 τῶν
155 1865 213 1934 ἀπ’
229 1870 405 1954 Αίγύπτου
422 1872 468 1944 είς
481 1864 621 1934 Ἰταλίαν
635 1875 845 1952 σιταγωγῶνς
867 1865 957 1952 οἶμαι
973 1864 1009 1934 δδ
1024 1869 1079 1933 καὶ

69 1967 164 2052 σφω’,
188 1971 229 2037 σέ
244 1972 350 2037 τεκαὶ
366 1969 548 2054 Σάμιππον
562 1975 714 2054 τουτονί,
736 1967 779 2054 μὴ
802 1967 875 2035 κατ’
897 1969 977 2038 ἀλλο
996 1995 1026 2036 τι
1046 1972 1078 2047 ἐξ

70 2068 188 2146 ἀστεος
201 2067 298 2155 ἥκειν
310 2065 332 2156 ἢ
346 2067 533 2154 ὀψομένους
547 2068 584 2138 τό
602 2080 728 2140 πλοῖον.

157 2172 254 2234 ΛΤΚ.
277 2167 333 2253 Νὴ
345 2175 429 2251 Δία,
444 2168 498 2236 καί
509 2164 749 2254 Ἀδείμαντοςὸ
763 2171 1017 2254 Μυρρινούσιος
1032 2173 1081 2236 ε’ί-

68 2287 149 2329 πετο
166 2264 245 2348 μεθ’
261 2263 374 2350 ἡμῶν,
398 2263 472 2335 ἀλλ’
490 2263 552 2345 οὐκ
569 2263 633 2332 οἷδ’
656 2265 744 2334 ὅπου
763 2275 829 2335 νῦν
845 2269 971 2346 ἐκεῖνός
989 2270 1080 2334 ἐστιν

70 2359 321 2446 ἀποπλανηθεὶς
337 2367 374 2431 έν
387 2370 433 2454 τῷ
448 2365 571 2452 πλήθει
585 2373 653 2432 τῶν
668 2373 817 2433 θεατῶν·
845 2365 920 2452 άχρι
940 2368 1001 2452 μὲν
1014 2364 1079 2452 γάρ

70 2469 128 2547 τῆς
139 2459 223 2539 νεεδς
233 2460 301 2548 ἅμα
315 2461 466 2548 ἤλθομεν
481 2464 536 2531 καὶ
552 2461 705 2543 ἀνιόντες
715 2467 749 2543 ἐς
760 2462 866 2551 αὐτὴν
880 2464 923 2532 σύ
934 2470 1011 2550 μέν,
1029 2464 1079 2534 οἶ-

69 2587 147 2645 μαι,
167 2561 341 2646 Σάμιππε,
364 2563 516 2650 προῄεις,
537 2559 619 2648 μετά
641 2564 678 2628 σέ
699 2565 734 2629 δὲ
756 2559 773 2628 ὁ
797 2560 1004 2648 Ἀδείμαντος
1024 2556 1079 2649 ἦν,

70 2655 131 2726 εἶτ’
148 2656 211 2743 ἐγω
236 2657 307 2745 μετ’
333 2663 462 2729 ἐκεῖνον
478 2661 633 2748 ἐχόμενος
658 2659 763 2728 αὐτοῦ
787 2658 1003 2746 ἀμφοτέραις,
1025 2668 1084 2728 καί

69 2783 112 2843 με
127 2755 182 2824 διά
197 2766 254 2843 τῆς
264 2756 464 2845 ἀποβάθρας
474 2758 554 2846 όλης
565 2762 759 2842 παρέπεμψε
770 2766 984 2845 χειραγωγῶν
995 2757 1081 2825 ὑπο-

69 2859 251 2940 δεδεμένον
260 2855 469 2945 ἀνυπόδητος
478 2857 578 2935 αὐτὸς
592 2854 649 2940 ωὐ,
660 2852 696 2922 τό
710 2853 774 2922 ἀπὸ
786 2856 909 2923 τούτου
921 2858 957 2924 δὲ
968 2853 1082 2927 οὐκέτι

69 2953 177 3022 αὐτόν
192 2953 282 3024 εἶδον
299 2955 376 3024 οὔτε
390 2963 489 3025 ένδον
503 2954 579 3024 οὔτε
595 2955 663 3022 ἐπεὶ
680 2957 964 3042 κατεληλύθαμεν.
1099 2972 1151 3028 248

158 3062 188 3120 α.
210 3063 468 3125 mmm
505 3054 633 3136 οῖσοα,
666 3045 858 3136 dmm,
887 3051 974 3120 ὅπου
997 3050 1082 3140 ἡμᾶς

3 3171 13 3225 ’,
69 3150 250 3232 ἀπέλιπευς
269 3151 386 3235 ὁπότε,
408 3153 513 3238 οἶμαι,
535 3151 570 3220 τδ
589 3147 715 3236 ὡραῖον
730 3154 836 3219 έκεῖνο
857 3154 1031 3238 μειράκιον
1044 3157 1082 3221 ἐκ

69 3257 128 3336 τῆς
143 3251 298 3336 θαλάμης
315 3260 467 3338 προῆλθε
488 3255 523 3319 τό
539 3252 603 3338 τὴν
623 3249 780 3338 καθαρὰν
796 3248 927 3336 ὀθόνην
944 3253 1082 3320 ἐνδεδυ-

70 3348 146 3432 κός,
161 3345 407 3433 ἀναδεδεμένον
423 3356 468 3428 είς
484 3347 633 3418 τούπίσω
647 3346 709 3433 τὴν
721 3348 829 3435 κόμην
844 3347 895 3417 ἐπ’
910 3347 1082 3435 ἀμφότερα

68 3453 132 3514 τοῦ
143 3448 299 3532 μετώπου
310 3447 515 3534 ἀπηγμένην.
532 3455 562 3516 εί
571 3456 687 3517 τοίνυν
698 3447 762 3534 ε’γά
774 3447 987 3533 Ἀδείμαντον
997 3446 1082 3533 οἶδα,

69 3543 177 3632 οἶμαι,
198 3547 378 3631 γλαφυρόν
393 3546 482 3614 οὕτω
503 3552 612 3634 θέαμα
637 3550 762 3625 ἐκεῖνος
779 3544 862 3615 ίδιόν
884 3547 993 3634 μακρά
1011 3554 1087 3632 χαί-
