2625 4092
426 272 553 333 ΔΙΟΝ
562 272 695 341 mox.
1005 271 1066 333 125

52 434 111 501 καὶ
122 432 330 529 δημιουργόν
341 432 534 521 ἠμειψάμην
548 441 593 523 τῷ
604 434 703 523 λόγῳ.
726 438 756 501 εί
766 435 801 503 δὲ
812 432 893 513 θεὸς
903 435 1066 519 παράσχοι

51 538 109 602 καὶ
125 534 317 602 λούσασθαί
334 559 430 619 ποτε,
453 530 598 610 πολλοὺς
613 530 687 599 οἶδα
708 534 791 612 ἕξων
805 532 885 611 τούς
898 529 1064 617 κοινωνη-
1081 527 1083 530 ’

50 632 176 719 σοντάς
191 659 247 719 μοι
262 640 328 701 τῶν
343 635 498 700 ἐπαίνων.

459 830 657 838 —————-

137 971 149 1000 ⁹
225 1027 504 1099 ΠΡοκιΛιι
536 1023 897 1094 οιιοανΣοΣ.
938 1090 942 1097 .

144 1207 170 1269 l.
194 1200 268 1269 Ὅτε
288 1198 487 1279 όΔιόνυσος
507 1195 559 1267 ἐπ’
579 1197 704 1276 Ἰνδούς
725 1196 883 1283 στρατιάν
903 1197 1004 1285 ἤλασε
1024 1238 1061 1249 -

50 1300 179 1368 κωλύει
193 1297 257 1385 γάρ
273 1298 396 1384 οὐδέν,
406 1298 513 1385 οἶμαι,
538 1300 593 1365 καὶ
609 1289 724 1383 μῦθον
744 1295 825 1383 ὑμῖν
840 1297 1063 1383 διηγήσασθαι
1080 1319 1113 1373 75

50 1399 223 1484 Βακχικόν
237 1440 272 1449 -
288 1389 391 1484 φασὶν
406 1394 494 1463 οὑτω
509 1402 761 1482 καταφρονῆσαι
773 1392 879 1463 αὑτοῦ
894 1392 934 1462 τά
950 1402 1063 1476 πρῶτα

51 1497 133 1576 τούς
152 1494 358 1579 ἀνθρώπους
381 1494 560 1592 τούς-ἐκεί,
588 1494 672 1563 ὥστε
693 1503 879 1582 καταγελᾶν
901 1494 1079 1576 ἐπιόντος,Ι

51 1604 184 1682 μᾶλλον
203 1594 239 1661 δὲ
256 1598 359 1662 ἐλεεῖν
379 1596 440 1681 την
457 1594 583 1679 τόλμαν
600 1591 720 1661 αὐτίκα
737 1595 825 1679 μάλα
843 1602 1081 1680 συμπατηθη·Ι

52 1696 203 1780 σομένου
218 1689 283 1761 ὑπό
305 1702 372 1760 τῶν
393 1694 601 1779 ἐλεφάντων,
631 1700 661 1761 εί
681 1690 903 1772 ἀντιτάξαιτο·
935 1690 1071 1779 ἤκουον

49 1794 128 1879 γάρ,
146 1790 248 1877 οἶμαι,
265 1799 334 1859 τῶν
345 1800 481 1859 σκοπῶν
492 1790 654 1859 ἀλλόκοτα
667 1790 751 1875 ὑπὲρ
764 1798 822 1876 τῆς
833 1784 988 1874 στρατιᾶς
1000 1788 1063 1857 νύ·-

50 1899 113 1981 τοῦ
134 1888 384 1975 ἀγγελλόντων,
409 1889 452 1970 ῶς
473 1890 491 1977 ἡ
514 1891 575 1977 μὲν
590 1889 823 1980 φάλαγξάύτῷ
843 1890 899 1957 καὶ
919 1894 953 1957 os
970 1888 1060 1975 λόχοι

51 2004 212 2067 νυναϊκες
223 1986 290 2056 εἶεν
301 1995 462 2075 ἔκφρονες
474 1994 528 2058 καὶ
539 2003 729 2076 μεμηνυῖαι,
744 1998 844 2080 κιττῷ
858 1990 1062 2074 ἐστεμμέναι,

52 2093 211 2175 νεβρίδας
233 2091 427 2176 ἐνημμέναι,
452 2089 590 2172 δοράτια
610 2087 712 2175 μικρά
736 2095 886 2174 ἔχουσαι,
909 2086 1079 2183 ἀσίδηρα,

51 2194 267 2273 κιττοποίητα
283 2189 338 2255 καὶ
353 2197 472 2274 ταῦτα,
488 2195 547 2255 καί
560 2215 635 2255 τινα
653 2188 812 2271 πελτάρια
828 2196 939 2269 κοῦφα
949 2235 963 2271 ,-
979 2194 1063 2273 βομ-

51 2294 200 2373 βοῦντα,
216 2294 250 2353 εί
259 2312 307 2363 τις
322 2288 429 2372 μόνον
446 2288 655 2371 προσάψαιτο
674 2329 709 2338 -
724 2286 838 2355 ἀσπίσι
851 2285 916 2372 γάρ
934 2291 1064 2365 εἴκαζον

51 2387 106 2453 καὶ
117 2382 159 2451 τά
171 2385 326 2469 τύμπανα
335 2426 377 2437 -
387 2383 519 2472 ὀλίγους
528 2391 566 2454 δέ
575 2413 668 2465 τινας
678 2384 857 2472 ἀγροίκους
867 2390 1065 2459 νεανίσκους

51 2490 180 2553 ἐνεῖναι
193 2484 361 2569 γυμνούς,
377 2486 525 2568 κόρδακα
541 2483 783 2572 ὀρχουμένους,
799 2482 904 2569 ούράς
918 2491 1062 2569 ἔχοντας,
1165 2510 1169 2520 ·

50 2583 234 2677 κεράστας,
252 2577 305 2649 οἱα
323 2597 390 2663 τοῖς
405 2582 478 2668 ἀρτι
493 2596 708 2671 γεννηθεῖσιν
722 2588 849 2669 ἐρίφοις
863 2582 1060 2667 ὑποφύεται.
1102 2586 1106 2595 ’

50 2690 79 2750 2.
94 2684 152 2751 καὶ
172 2678 231 2747 τόν
246 2684 308 2766 μὲν
322 2684 550 2770 στρατηλάτην
565 2682 669 2765 αὐτὸν
684 2682 737 2770 ἐφ’
755 2684 900 2769 ἀρματος
911 2681 1061 2767 ὀχεῖσθαι
1077 2696 1111 2751 76

51 2782 256 2873 παρδάλεων
272 2779 540 2867 ὑπεζευγμένων,
565 2782 716 2870 ἀγένειον
730 2781 893 2869 ἀκριβῶς,
916 2779 992 2850 οὐδ’
1008 2775 1068 2853 ἐπ’4

51 2882 170 2967 ὀλίγον
197 2879 258 2966 τὴν
281 2878 424 2964 παρειάν
448 2889 618 2969 χνοῶντα,
644 2884 876 2968 κερασφόρον,
902 2880 1063 2967 βότρυσιν

51 2982 344 3065 ἐστεφανωμένον,
356 2985 453 3071 μίτρᾳ
465 2979 526 3066 τὴν
538 2982 646 3069 κόμην
661 2982 916 3067 ἀναδεδεμένον,
931 2984 968 3048 ἐν
979 3005 1063 3061 πορ-

51 3084 174 3165 φυρίδι
197 3082 252 3147 καὶ
271 3088 376 3170 χρυση
393 3081 531 3168 ἐμβάδι·
562 3081 826 3167 ὑποστρατηγεῖν
847 3081 883 3148 δέ
899 3080 979 3163 δύο,
1004 3079 1063 3144 ἕνα

51 3182 114 3265 μέν
131 3204 208 3245 τινα
225 3180 369 3265 βραχύν,
391 3180 598 3267 πρεσβύτην,
622 3180 818 3269 ὑπόπαχυν,
841 3179 1063 3265 προγάστορα,

52 3280 248 3365 ῥινόσιμον,
266 3272 333 3348 εἶτα
347 3281 474 3367 μεγάλα
488 3278 590 3361 ὄρθια
606 3287 738 3366 ἔχοντα,
754 3278 962 3365 ὑπότρομον,
979 3278 1063 3359 νάρ-

52 3387 137 3464 θηκι
155 3378 425 3465 ἐπερειδόμενον,
449 3376 500 3446 ἐπ’
521 3378 604 3447 όνου
623 3378 663 3446 τά
683 3376 787 3445 πολλὰ
804 3378 1005 3461 ίππεύοντα,
1027 3379 1062 3442 ἐν

52 3485 214 3574 κροκωτῷ
227 3481 281 3547 καὶ
294 3486 432 3564 τοῦτον,
449 3477 540 3545 πάνυ
554 3474 705 3546 πιθανόν
718 3504 793 3545 τινα
808 3471 1062 3561 συνταγματάρέ
