2625 4092
197 283 259 345 τεο
540 281 865 358 [Λονεικαου]

196 471 260 531 μεν
270 444 408 530 ἑκάστης
418 441 553 530 ἡμέρας,
565 440 609 522 ὡς
618 444 694 525 περὶ
703 449 817 510 καλῶν
827 443 1021 528 ποιούμεθα
1030 440 1093 528 την
1106 461 1211 509 σπου-

197 543 277 628 δήν,
299 540 404 611 αὐτοῦ
422 541 458 610 δὲ
477 549 538 609 τοῦ
559 541 704 618 κάλλους
724 537 847 608 οὐδένα
868 540 1080 628 ποιησόμεθα
1098 541 1213 627 λόγον,
1281 627 1282 630 ¹

198 639 271 710 ἀλλ’
289 639 378 708 οὕτω
398 638 639 726 καθεδούμεθα
662 646 738 760 σιγη
754 636 866 722 ὥσπερ
888 640 1075 718 δεδοικότες
1091 637 1140 725 μὴ
1157 639 1214 706 λα’·

198 749 315 826 θωμεν
328 739 415 826 ἡμᾶς
436 737 561 816 αύτούς
582 735 667 822 ὑπὲρ
690 763 731 804 ου
752 737 983 823 σπουδάζομεν
1004 732 1066 804 τόν
1082 735 1214 803 ἅπαντα

197 837 323 922 χρόνον
338 841 496 916 εἰπόντες.
520 843 627 904 καίτοι
642 844 710 902 πού
724 862 771 914 τις
786 831 831 904 άν
844 836 1002 923 χρησαιτο
1018 833 1215 919 πρεπόντως

197 952 267 1017 τοῖς
281 939 410 1024 λόγοις,
433 945 463 1006 εί
476 939 551 1019 περὶ
567 943 635 1004 τῶν
646 934 789 1022 μηδενός
804 932 906 1016 άξίωυ
924 934 1126 1016 σπουδάζων
1142 937 1215 1019 περὶ
1283 936 1284 962 ¹

198 1044 260 1102 τού
274 1043 454 1104 καλλίστου
469 1035 574 1125 σιγςόη
585 1041 653 1101 τῶν
671 1032 798 1114 όντωνς
818 1028 842 1120 ἢ
856 1039 927 1111 πῶς
937 1028 981 1099 άν
996 1030 1032 1099 τδ
1048 1035 1086 1098 ἐν
1102 1033 1216 1116 λόγοις

198 1133 304 1202 καλόν
319 1135 455 1214 σύζοιτο
470 1134 608 1202 κάλλιον
619 1139 749 1219 μᾶλλον
763 1128 841 1222 ἢτηλ
852 1132 962 1199 πάντα
973 1123 1077 1200 τάλλα
1089 1133 1217 1216 παρέν-

197 1259 256 1310 τας
280 1234 354 1316 περλ
378 1229 485 1300 αὐτοῦ
509 1236 619 1318 λέγειν
645 1239 707 1298 τοῦ
727 1233 843 1309 τέλους
864 1227 950 1317 ἡμᾶς
971 1238 1040 1298 τοῖν
1059 1231 1217 1298 ἑκάστοτε

197 1336 452 1418 πραττομένους
474 1331 548 1400 ἀλλ’
564 1335 621 1400 ἵνα
636 1329 681 1416 μη
699 1330 785 1410 δόξω
800 1333 909 1416 λέγειν
924 1331 986 1416 μὲν
1003 1327 1047 1408 ὡς
1061 1328 1126 1416 χρὴ
1144 1331 1218 1410 περὶ

198 1438 297 1498 τοῦτο
321 1435 510 1500 διακεῖσθαι
532 1430 672 1512 είδέυαι,
700 1436 804 1496 εἰπεῖν
827 1429 862 1497 δὲ
886 1427 991 1515 μηδὲν
1016 1431 1219 1496 ἐπίστασθαι

198 1532 273 1614 περὶ
288 1528 412 1615 αὐτοῦ,
439 1528 483 1608 ὡς
500 1525 575 1598 οἷόν
590 1555 625 1597 τε
640 1533 763 1615 βραχέα
780 1530 854 1613 περὶ
872 1530 996 1596 τούτου
1014 1530 1219 1615 πειράσομαι

199 1632 356 1697 διελθεῖν.
372 1629 518 1707 κάλλους
527 1627 592 1714 γάρ
604 1624 645 1714 δὴ
655 1629 777 1706 πάντες
787 1629 849 1713 μὲν
860 1627 1082 1715 ἐπεθύμησαν
1093 1643 1219 1714 τυχεῖν,

198 1727 291 1793 πάνυ
312 1723 343 1794 δ’
366 1725 560 1812 ἠξιώθησαν
581 1724 688 1811 ὀλίγοι
709 1727 812 1804 τινές*
844 1732 880 1793 οἳ
896 1727 932 1792 δὲ
955 1725 1080 1813 ταύτης
1099 1731 1221 1812 ἔτυχον

198 1834 256 1912 τῆς
270 1831 408 1912 δωρεάς,
424 1824 718 1913 εὐδαιμονέστατοι
730 1827 867 1896 πάντων
878 1831 997 1907 έδοξαν
1008 1833 1219 1912 γεγενῆσθαι
1284 1885 1285 1894 ,

198 1926 254 1994 καὶ
268 1923 352 2010 πρός
365 1934 459 1993 θεῶν
475 1927 530 1995 καὶ
545 1923 629 2010 πρὸς
646 1923 842 2009 ἀνθρώπων
856 1925 896 1994 τά
911 1925 1023 1995 εἰκότα
1039 1932 1220 2012 τετιμημέ-

198 2049 261 2090 νοι.
283 2023 463 2109 τεκμήριον
478 2026 530 2093 δέ·
552 2031 621 2092 τῶν
635 2032 722 2110 γοῦν
733 2033 826 2094 θεῶν
838 2027 871 2106 ἐξ
884 2023 1008 2112 ἡρύον
1018 2029 1219 2112 γενομένων

193 2117 357 2207 Ἡρακλῆς
369 2127 407 2189 τέ
418 2127 509 2191 ε’στιν
526 2121 545 2190 ὁ
560 2121 644 2201 Διός
659 2126 714 2191 καὶ
728 2125 936 2210 Διόσκουροι
950 2125 1005 2193 καὶ
1016 2121 1153 2210 Ἑλένη,
1170 2115 1219 2190 τόν

198 2216 293 2304 ὁμὲν
311 2217 467 2305 ἀνδρείας
489 2223 588 2290 ἕνεκα
608 2222 732 2308 ταύτης
752 2227 880 2309 λέγεται
898 2237 1008 2310 τυχεῖν
1028 2228 1087 2308 τῆς
1108 2231 1218 2308 τιμῆς,

191 2315 306 2406 Ἑλένη
331 2321 367 2388 δὲ
390 2328 451 2388 τού
475 2324 621 2400 κάλλους
639 2323 740 2408 χάριν
766 2322 873 2410 αὑτήν
888 2349 923 2390 τε
944 2328 1147 2408 μεταβαλεῖν
1173 2327 1219 2398 είς
1287 2385 1288 2404 ,

127 2435 179 2488 δκθ
198 2417 286 2487 θεὸν
298 2423 353 2489 καλ
366 2436 433 2499 τοῖς
444 2421 670 2505 Διοσκούροις
684 2427 771 2490 αίτία
781 2424 941 2508 γενέσθαι
953 2425 1033 2504 πρὶν
1048 2418 1160 2506 αὐτὴν
1172 2427 1219 2498 είς

198 2515 349 2602 οὐρανόν
359 2517 519 2588 ἀνελθεῖν
531 2534 599 2599 τοῖς
611 2517 678 2587 ὑπό
689 2527 754 2607 γῆν
763 2524 1068 2606 συνεξητασμένοις.
1086 2523 1115 2587 7.
1131 2516 1218 2587 άλλᾶ

197 2616 265 2704 μὴν
287 2617 377 2699 ὅστις
403 2617 598 2704 ἀνθρώπων
623 2618 754 2706 ἠξιώθη
775 2635 842 2699 τοῖς
863 2630 956 2698 θεοῖς
977 2617 1125 2704 ὁμιλεῖν,
1153 2616 1219 2686 ούκ

198 2723 288 2784 ἔστιν
304 2716 432 2804 εὑρεῖν,
449 2718 537 2804 πλὴν
547 2718 622 2787 ὅσοι
633 2720 850 2806 μετεσχήκασι
865 2719 1023 2797 κάλλους·
1046 2720 1166 2798 Πέλοψ
1182 2745 1218 2784 τε

197 2812 261 2900 γάρ
272 2819 396 2885 τούτου
411 2821 508 2904 χάριν
525 2832 593 2896 τοῖς
608 2829 701 2897 θεοῖς
716 2817 899 2906 ἀμβροσίας
911 2823 1059 2904 μετέσχε,
1077 2819 1135 2888 καὶ
1145 2824 1219 2886 Γα-

202 2917 349 3002 νυμήδης
359 2914 377 2985 ὁ
387 2927 449 2986 τοῦ
458 2919 644 3000 Δαρδάνου
656 2917 746 2985 οὕτω
758 2921 996 3004 κεκρατηκέναι
1010 2920 1143 3002 λέγεται
1154 2924 1219 2984 τοῦ

196 3014 334 3082 πάντων
347 3014 478 3083 ὑπάτου
492 3026 604 3104 θεῶν,
620 3015 699 3086 'ov'
713 3014 818 3086 αὐτόν
832 3015 894 3085 ούκ
909 3015 1115 3102 άνασχέσθαι
1127 3038 1219 3102 συμ-

196 3128 370 3199 μετασχεῖν
386 3113 477 3206 αύτῷ
501 3142 576 3184 τινα
596 3123 666 3184 τῶν
687 3117 801 3186 άλλοιν
821 3123 915 3186 θεῶν
930 3123 987 3202 τῆς
1008 3113 1121 3202 θήρας
1144 3121 1219 3183 τῶν

197 3215 380 3300 παιδικῶν,
397 3212 471 3283 ἀλλ’
490 3212 581 3306 αὐτῷ
598 3217 692 3306 μόνῳ
708 3219 904 3300 πρέπουσαν
920 3213 1112 3300 ἡγούμενον
1129 3211 1218 3281 εἶναι

198 3319 243 3390 είς
259 3313 439 3398 Γάργαρον
454 3318 668 3383 καταπτάντα
684 3315 836 3402 τῆςἼδης
852 3312 1034 3400 άναγαγεῖν
1050 3316 1159 3382 ἐκεῖσε
1174 3311 1217 3380 τά

197 3412 350 3495 παιδικά,
376 3410 465 3480 ὅπου
485 3418 690 3483 συνέσεσθαι
712 3415 772 3483 τόν
792 3413 923 3482 ἅπαντα
939 3418 1053 3499 ἔμελλε
1074 3413 1217 3498 χρόνον.

198 3510 364 3594 τοσαύτην
381 3508 412 3575 δ’
429 3514 618 3596 ἐπιμέλειαν
633 3512 684 3582 άελ
699 3521 875 3600 πεποίηται
891 3520 960 3580 τάν
973 3519 1104 3594 καλῶν,
1131 3509 1216 3580 ὥστ’
