2625 4092
254 321 562 383 ΣΥΜΠΟΣΙΟΝ
582 328 609 379 H
628 326 860 385 ΛΑΠΙΘΑΙ.
998 324 1061 386 339

59 480 202 563 τούτοις,
224 483 277 548 καὶ
292 480 518 566 συμπεσόντες
535 487 652 549 έπαιον
668 482 832 569 ἀλλήλους
848 498 917 562 ταῖς
932 483 1061 569 ὄρνισιν

56 574 169 654 αύταῖς
186 580 218 655 ές
233 576 273 646 τά
290 578 467 663 πρόσωπα,
491 580 546 645 καὶ
559 586 627 646 τών
641 582 815 666 πωγώνων
829 584 1059 667 ἐπειλημμένοι

56 678 277 743 ἐπεκαλοῦντο
298 683 454 761 βοηθεῖν,
479 673 574 762 ὁμὲν
590 674 649 744 τδν
666 680 862 765 Κλεόδημον
883 678 900 745 ὁ
915 677 1059 764 Ἕρμων,

56 774 74 838 ὁ
100 772 135 839 δὲ
155 773 343 858 Ζηνόθεμις
364 772 603 859 Ἀλκιδάμαντα
626 777 681 842 καὶ
700 782 865 859 Δίφιλον,
890 778 944 844 καὶ
965 782 1060 844 συνί-

56 890 175 937 σταντο
191 875 225 939 ol
242 874 303 957 μὲν
322 869 365 949 ὡς
381 879 517 945 τούτου,
542 876 577 940 οῖ’
589 870 619 939 δ’
644 870 687 950 ὡς
703 878 831 942 ἐκεῖνον
846 872 934 961 πλήν
952 875 1060 961 μόνου

55 974 118 1034 τού
130 967 258 1046 Ἴωνος·
286 972 409 1046 ἐκεῖνος
427 970 462 1036 δὲ
478 973 580 1053 μέσον
599 969 719 1038 ἑαυτὸν
736 971 926 1055 ἐφύλαττεν.
960 978 1010 1040 44.
1028 976 1063 1039 οί

56 1062 88 1131 δ’
104 1068 260 1151 ἐμάχοντο
276 1069 536 1151 συμπλακέντες,
552 1069 606 1135 καὶ
621 1065 638 1134 ὁ
653 1068 716 1153 μέν
727 1070 915 1155 Ζηνόθεμις
926 1071 1060 1155 σκύφον

54 1160 220 1248 ἀράμενος
237 1162 301 1231 άπὸ
318 1171 374 1248 τῆς
392 1166 549 1249 τραπέζης
565 1172 719 1249 κείμενον
733 1164 797 1251 πρὸ
815 1173 876 1234 τοῦ
894 1165 1057 1249 Ἀριστατ-
1076 1180 1127 1233 448

53 1261 154 1327 νέτου
168 1264 273 1348 ῥίπτει
291 1264 342 1328 ἐπὶ
357 1258 588 1345 τὸνἝρμωνα,

117 1355 273 1425 κάκείνου
287 1360 349 1443 μὲν
363 1355 505 1441 ἅμαρτε,
523 1360 622 1439 παραὶ
637 1362 676 1425 δέ
688 1364 721 1428 οί
734 1358 885 1444 ἐτράπετ’
904 1359 997 1447 άλλη,

51 1475 154 1538 διεῖλε
175 1471 211 1537 δὲ
232 1476 291 1536 τοῦ
308 1478 458 1555 νυμφίου
478 1466 514 1536 τό
532 1477 672 1553 κρανίον
688 1473 721 1549 ές
741 1472 803 1539 δύο
819 1479 949 1561 χρηστῷ
969 1473 1057 1557 μάλα

56 1573 109 1639 καὶ
130 1579 233 1657 βαθεῖ
250 1580 296 1661 τῷ
314 1573 485 1656 τραύματι.
522 1569 583 1657 βοὴ
607 1566 674 1637 ούν
693 1570 782 1656 παρὰ
800 1580 868 1640 τών
887 1579 1057 1658 γυναικών

49 1671 182 1755 εγένετο
195 1670 249 1737 καὶ
265 1669 494 1755 κατεπήδησαν
507 1672 539 1746 ές
553 1664 591 1735 τό
604 1679 794 1756 μεταίχμιον
810 1674 846 1737 αι’
859 1676 987 1754 πολλαί,
1002 1670 1057 1737 καὶ

50 1768 194 1851 μάλιστα
208 1764 229 1853 ή
245 1767 350 1852 μήτηρ
367 1773 427 1833 τοῦ
443 1772 632 1851 μειρακίου,
654 1770 722 1836 ἐπεὶ
743 1766 781 1835 τό
798 1763 877 1852 αἷμα
893 1764 972 1832 εἶδε·
1002 1768 1056 1833 καὶ

48 1863 69 1949 ἡ
88 1864 205 1950 νύμφη
218 1868 253 1931 δὲ
266 1862 451 1950 ἀνεπήδησε
463 1870 649 1950 φοβηθεῖσα
660 1867 735 1947 περὶ
747 1864 860 1932 αὐτοῦ.
885 1867 921 1931 έν
934 1863 1056 1930 τοσού-

48 1988 97 2053 τρτ
114 1962 148 2029 δὲ
164 1959 181 2028 ὁ
195 1959 390 2047 Ἀλκιδάμας
403 1959 575 2046 ἠρίστευσε
591 1968 636 2051 τῷ
647 1965 852 2048 Ζηνοθέμιδι
863 1968 1054 2046 συμμαχῶν,

47 2061 106 2127 καὶ
117 2061 261 2139 πατάξας
271 2066 310 2147 τή
325 2066 485 2147 βακτηρία
499 2065 558 2123 τοῦ
572 2061 769 2145 Κλεοδήμου
780 2061 841 2145 μέν
855 2056 891 2127 τό
905 2063 1054 2139 κρανίον,

46 2163 111 2224 τοῦ
125 2156 294 2241 Ἕρμωνος
310 2154 344 2224 δέ
366 2154 427 2241 τήν
441 2155 581 2240 σιαγόνα
597 2158 748 2239 ἐπέτριψε
762 2158 815 2224 καὶ
834 2164 902 2223 τών
917 2161 1055 2224 οἰκετῶν

46 2258 160 2332 ένίους
171 2261 311 2339 βοηθεῖν
322 2250 432 2331 αὐτοῖς
443 2256 688 2338 ἐπιχειροῦντας
699 2259 918 2338 κατέτρωσεν·
935 2251 976 2320 ού
988 2251 1054 2338 μήν

46 2353 280 2439 ἀπετράποντο
302 2354 438 2433 ἐκεῖνοι,
467 2347 539 2417 ἄλλ’
563 2348 579 2417 ὁ
600 2354 662 2435 μὲν
679 2356 873 2439 Κλεόδημος
892 2352 987 2443 ὀρθῷ
1008 2360 1053 2441 τῷ

46 2449 203 2540 δακτύλῳ
220 2447 280 2517 τόν
299 2446 480 2535 ὀφθαλμόν
499 2457 559 2515 τοῦ
577 2454 803 2535 Ζηνοθέμιδος
818 2451 977 2533 ἐξώρυττε
999 2452 1053 2518 καλ

44 2548 109 2634 τήν
123 2550 199 2634 βῖνα
216 2546 369 2632 προσφὺς
386 2544 586 2633 ἀπέτραγεν,
604 2547 620 2615 ὁ
638 2551 673 2616 δὲ
683 2548 816 2634 Ἕρμων
830 2548 890 2616 τόν
906 2555 1053 2634 Δίφιλον

44 2649 100 2714 ἐπὶ
117 2654 301 2731 ξυμμαχίαν
317 2643 440 2731 ἥκοντα
461 2652 522 2711 τοῦ
536 2650 764 2731 Ζηνοθέμιδος
779 2645 909 2732 άφήκεν
924 2647 975 2714 ἐπὶ
996 2670 1052 2711 κε-

46 2741 163 2828 φαλήν
180 2741 244 2810 άπδ
261 2749 321 2809 τοῦ
336 2749 518 2828 κλιντῆρος.
543 2747 592 2809 45.
609 2743 739 2828 ἐτρώθη
755 2742 791 2811 δέ
806 2746 861 2811 καλ
869 2741 1018 2819 Ἱστιαῖος
1033 2738 1050 2808 ὁ

42 2838 275 2928 γραμματικός
292 2841 441 2908 διαλύειν
458 2839 579 2919 αύτούς
594 2844 768 2926 ἐπιχειρῶν
782 2844 857 2928 λάξ,
878 2840 984 2927 οἶμαι,
1006 2846 1052 2918 είς

40 2937 126 3015 τούς
143 2936 282 3017 ὀδόντας
297 2935 362 3006 ύπδ
377 2946 438 3006 τοῦ
449 2938 646 3024 Κλεοδήμου
657 2947 805 3024 Δίφιλον
817 2938 899 3008 εἶναι
915 2942 1051 3027 οίηθέν-

38 3062 108 3113 τος.
133 3041 236 3102 ἔκειτο
252 3028 316 3103 οὖν
331 3034 349 3102 ὁ
363 3035 482 3114 άθλτος
502 3036 583 3103 κατὰ
600 3035 661 3104 τὸν
676 3036 780 3105 αὑτοῦ
793 3037 940 3124 ’Όμηρον
954 3032 1048 3123 ,,αλμ’

40 3136 186 3218 ἐμέων.“
208 3131 296 3219 πλήν
309 3142 450 3219 ταραχῆς
464 3160 502 3218 γε
518 3134 572 3202 καὶ
588 3136 745 3217 δακρύων
756 3133 856 3221 μεστά
871 3129 914 3221 ἦν
929 3135 1048 3201 πάντα.

38 3233 100 3301 καὶ
122 3237 159 3300 οιί
172 3232 233 3318 μὲν
250 3247 405 3319 γυναῖκες
429 3232 577 3299 ἐκώκυον
598 3241 644 3321 τῷ
661 3236 786 3321 Χαιρέᾳ
807 3242 1047 3318 περιχυθεῖσαι,

36 3335 79 3399 οἱ
93 3333 128 3397 δὲ
145 3329 238 3398 ἄλλοι
255 3335 451 3399 κατέπαυον.
481 3332 636 3416 μέγιστον
651 3331 687 3399 δέ
704 3325 745 3417 ήν
762 3330 919 3397 ἁπάντων
934 3337 1047 3397 κακῶν
1066 3340 1116 3393 449

35 3428 58 3497 ὸ
77 3424 289 3513 Ἀλκιδάμας,
307 3431 375 3497 ἐπεὶ
390 3426 477 3508 άπαξ
492 3427 529 3495 τό
542 3426 623 3495 καθ’
640 3428 743 3495 αὑτὸν
758 3431 924 3513 ἐτρέψατο,
941 3435 1048 3494 παίων

34 3525 103 3595 τόν
118 3527 357 3614 προστυχόντα·
380 3529 434 3595 καλ
452 3530 568 3596 πολλοὶ
585 3527 638 3605 ἄν,
655 3522 694 3596 εύ
709 3538 792 3611 λσθι,
809 3534 939 3677 ἐπῖεχτιχν,
955 3531 985 3593 εί
1000 3522 1045 3611 μή
