2625 4092
359 313 560 374 ΠΛΟΙΟΝ
579 317 607 371 Π
627 314 794 372 ΕΥΧΑΙ.
1020 305 1081 372 227

70 469 381 559 δεόμεθα-οὐδείς
396 468 490 558 γάρὸ
504 471 836 557 ἐναντιωθησόμενος
847 469 926 558 ἡμῖν
939 471 980 538 τα
995 469 1081 538 ὅπλα

69 571 243 650 τοσούτοις
261 564 377 655 οὖσιν,
402 568 475 639 ἀλλ’
492 568 618 638 ἀκονιτὶ
640 577 885 654 κρατοῦμεν-
908 570 1081 657 ἐπιβάντες

70 670 125 736 ἐπὶ
139 667 198 746 τάς
211 669 358 756 τριήρεις
372 673 428 736 καί
441 665 520 746 τούς
534 671 658 744 ἵππους
675 670 708 745 ἐς
721 666 779 744 τάς
794 663 1010 754 ίππαγοεμοάς
1024 669 1081 752 ἐμ-

69 766 271 852 βιβάσαντες
287 808 329 818 -
343 767 608 848 παρεσκεύασται
623 763 654 832 δ’
676 767 713 832 ἐν
728 771 906 851 Κεγχρεαῖς
926 767 980 832 καὶ
995 779 1082 842 σῖτος

70 860 190 940 ίκανός
202 864 255 929 καὶ
265 861 304 930 τά
316 871 414 930 πλοῖα
427 866 544 948 διαρκῆ
556 865 611 930 καὶ
623 861 662 929 τά
676 861 758 929 ἀλλα
769 864 876 930 πάντα
888 904 928 912 -
942 861 1081 947 διαβάλ-

70 958 405 1046 λωμεντόνΑίγαῑον
420 965 467 1038 εἰς
479 958 541 1045 τὴν
554 958 691 1045 Ἰωνίαν,
707 959 775 1027 εἶτα
790 963 859 1028 ἐκεῖ
868 967 908 1048 τῇ
921 957 1082 1044 Ἀρτέμιδι

70 1057 241 1133 θύσαντες
250 1058 304 1124 καὶ
314 1054 494 1134 τάςπόλεις
505 1055 707 1143 ἀτειχίστους
716 1054 875 1142 λαβόντες
886 1059 1009 1145 ῥᾳδίως
1018 1054 1080 1136 ἀρ-

70 1180 193 1242 χοντας
203 1153 425 1234 ἀπολιπόντες
435 1165 661 1242 προχωρῶμεν
672 1157 724 1223 ἐπὶ
737 1163 865 1237 Συρίας
875 1153 930 1223 διά
942 1161 1080 1239 Καρίας,

72 1249 143 1320 εἶτα
158 1259 285 1332 Λυκίας
300 1255 354 1320 καί
371 1260 572 1338 Παμφυλίας
593 1255 646 1319 καὶ
658 1257 808 1320 Πισιδῶν
826 1255 880 1319 καὶ
900 1259 957 1338 της
973 1277 1082 1336 παρα-

70 1358 149 1419 λίου
171 1355 225 1419 καὶ
243 1350 375 1439 ὀρεινῆς
396 1359 560 1430 Κιλικίας,
585 1351 660 1437 ἀχρι
683 1347 726 1417 ἀν
744 1353 795 1419 ἐπὶ
816 1349 877 1418 τόν
897 1348 1081 1436 Εὐφράτην

71 1447 286 1536 ἀφικώμεθα.

158 1554 209 1617 33.
232 1556 331 1618 ΛΤΚ.
350 1547 426 1632 Ἐμέ
430 1601 440 1633 ,
456 1541 482 1614 ό
497 1555 651 1634 βασιλεῦ,
669 1554 699 1616 εί
713 1554 818 1632 δοκεῖ,
838 1546 1011 1632 σατράπην
1025 1553 1082 1631 της

67 1645 225 1725 Ἐλλάδος
238 1649 415 1715 κατάλιπε·
445 1645 552 1724 δειλός
572 1647 637 1730 γάρ
658 1651 723 1732 είμι
741 1647 795 1714 καί
809 1653 878 1712 τοόν
893 1653 977 1712 οίκοι
993 1641 1080 1713 πολὺ

72 1743 236 1812 ἀπελθεῖν
257 1743 319 1812 οάκ
340 1741 383 1811 ἀν
399 1743 505 1829 ἡδέως
521 1743 755 1829 ὑπομείναιμι·
783 1742 826 1810 σδ
844 1743 879 1811 δὲ
901 1749 1010 1820 ἔοικας
1028 1746 1080 1810 ἐπὶ

69 1841 262 1929 Ἀρμενίους
273 1847 327 1911 καὶ
340 1848 561 1925 Παρθυαίους
571 1841 703 1910 ἐλάσειν
714 1843 837 1928 μάχιμα
848 1849 939 1928 φῦλα
953 1844 1007 1909 καί
1020 1838 1081 1926 τὴν

72 1940 207 2025 τοξικὴν
219 1940 366 2026 εὔστοχα.
385 1939 468 2008 ὥστε
481 1939 570 2030 ἀλλφ
582 1939 753 2020 παραδοὺς
765 1938 800 2006 τό
814 1936 923 2020 δεξιόν
939 1938 994 2024 ἐμὲ
1006 1936 1079 2004 Ἀν-

74 2040 233 2121 τίπατρόν
243 2065 318 2106 τινα
330 2041 382 2106 ἐπὶ
396 2048 452 2125 τῆς
462 2039 617 2118 Ἑλλάδος
629 2044 739 2120 ἐασον,
755 2038 799 2124 μη’
811 2063 851 2123 με
864 2039 918 2106 καὶ
929 2042 1081 2124 διαπείρῃ

74 2164 122 2214 τις
131 2143 229 2226 οίστῷ
239 2137 361 2214 ἀθλιον
371 2135 486 2223 βαλάν
496 2140 528 2214 ἐς
537 2135 576 2203 τά
586 2135 698 2221 γυμνά
709 2137 907 2220 περὶΣοῦσα
919 2131 1081 2221 ἢΒάκτρα

75 2231 264 2320 ἡγούμενόν
279 2255 332 2303 σοι
347 2243 404 2320 τῆς
421 2235 603 2321 φάλαγγος.

158 2343 268 2402 ΣΑΜ.
298 2333 584 2419 Ἀποδιδράσκεις,
607 2326 791 2418 ἀΛυκίνε,
818 2331 877 2401 τόν
895 2334 1081 2418 κατάλογον

74 2431 183 2510 δειλός
197 2432 253 2500 ἀν.
277 2431 294 2499 ό
314 2436 350 2500 δὲ
362 2432 463 2519 νόμος
474 2430 725 2519 ἀποτετμῆσθαι
737 2434 799 2520 την
809 2433 975 2517 κεφαλήν,
992 2440 1079 2508 εἴτις
1099 2447 1150 2502 27⁰

73 2527 183 2598 λιπών
193 2538 346 2615 φαίνοιτο
359 2529 421 2617 τὴν
431 2531 533 2610 τάξιν.
558 2528 633 2599 ἀλλ’
651 2536 720 2599 ἐπεὶ
732 2531 814 2600 κατά
826 2530 884 2597 τὸν
897 2527 1081 2614 Εὐφράτην

73 2628 138 2714 ἤδη
149 2630 247 2715 ἐσμὲν
259 2633 313 2698 καί
325 2627 501 2715 όποταμός
512 2636 661 2710 ἔζευκται
672 2635 725 2698 καὶ
738 2632 879 2697 κατόπιν
891 2626 998 2694 ὁπόσα
1012 2631 1080 2694 διε-

73 2728 270 2814 ληλάθαμεν
286 2726 444 2814 ἀσφαλῶς
458 2734 590 2814 ἔχεικαὶ
606 2731 716 2797 πάντα
727 2729 870 2817 ὕπαρχοι
885 2731 1081 2813 κατέχουσιν

73 2823 134 2893 ὑπ’
152 2829 233 2910 ἐμοῦ
251 2826 377 2917 ἑκάστφ
397 2833 490 2895 ἔθνει
506 2829 772 2914 ἐπεισαχθέντες,
798 2833 831 2894 οί
845 2828 880 2894 δὲ
895 2827 950 2894 καὶ
967 2823 1079 2892 ἀπίασι

73 2923 137 3010 τὴν
148 2931 310 3010 Φοινίκην
325 2923 406 3012 ἡμῖν
417 2930 453 2994 ἐν
467 2925 617 3016 τοσοότφ
631 2932 686 2996 καί
701 2924 763 3014 τὴν
774 2933 1002 3010 Παλαιστίνην
1013 2922 1079 2990 εἶτα

74 3026 130 3091 καὶ
144 3021 204 3109 τὴν
218 3032 392 3110 Αἴγυπτον
407 3024 666 3113 προσαξόμενοι,
685 3024 728 3094 σὺ
744 3034 890 3111 πρῶτος,
906 3016 1080 3100 άΑυκϊνε,

75 3123 227 3208 διάβαινε
245 3121 282 3190 τό
299 3123 408 3202 δεξιόν
424 3122 532 3208 ἀμων,
552 3122 621 3191 εἶτα
635 3124 700 3210 ἐμά
718 3128 770 3192 καὶ
789 3123 860 3210 μετ’
874 3124 930 3208 ἐμὲ
945 3119 963 3189 ὁ
980 3121 1081 3208 Τιμό-

74 3232 167 3300 λαος·
184 3225 236 3291 ἐπὶ
245 3231 325 3290 πᾶσι
336 3226 372 3290 δὲ
381 3222 418 3289 τὸ
427 3221 567 3290 ἱππικόν
577 3225 637 3310 ἀγε
648 3227 701 3308 σύ,
714 3218 741 3292 ά
752 3222 950 3308 Ἀδείμαντε.
963 3227 1014 3290 34.
1027 3224 1081 3289 καὶ

74 3317 132 3387 διά
146 3323 207 3406 μὲν
222 3329 280 3408 τῆς
289 3328 550 3405 Μεσοποταμίας
567 3322 675 3399 οὐδεὶς
690 3319 880 3408 ἀπήντηκεν
891 3318 971 3408 ἡμῖν
982 3323 1081 3388 πολέ-

74 3445 159 3504 μιος,
175 3415 259 3488 ἀλλά
271 3421 403 3498 ἑκόντες
414 3419 538 3497 αὑτούς
551 3445 586 3486 τε
598 3423 652 3488 καί
664 3418 722 3499 τάς
736 3418 933 3505 ἀκροπόλεις
944 3418 1081 3504 ἀνθρω-

75 3545 132 3585 ποι
143 3521 359 3604 ἐνεχείρισαν,
375 3522 429 3586 καὶ
441 3521 492 3587 ἐπὶ
504 3527 689 3605 Βαβυλῶνα
705 3519 859 3596 ἐλθόντες
871 3516 1080 3670 οχιχροσδόκη-
