2625 4092
403 278 528 339 ΦΙΛΟ
542 278 753 337 ΨΕΤΔΗΣ.
1019 277 1082 341 105

68 440 127 505 καὶ
143 433 199 504 διά
214 434 320 522 πυρός
331 438 494 518 διεξιόντα
506 440 561 506 καὶ
573 446 676 524 σχολή
688 440 743 507 καὶ
753 440 878 525 βάδην;
901 440 955 506 Σν“
966 445 1079 521 ταῦτα,

68 528 115 619 ἦν
129 531 162 601 δ’
177 536 252 620 ἐγώ,
267 533 360 619 εἶδες,
373 534 432 603 τόν
444 534 665 623 ’Τπερβόρεον
678 536 787 619 ἀνδρα
800 538 983 623 πετόμενον
995 533 1017 623 ή
1029 540 1080 605 ἐπί

69 638 131 699 τοῦ
144 629 265 709 ὕδατος
283 634 464 719 βεβηκότας
486 636 552 702 Καὶ
563 634 669 719 μάλα,
680 630 705 720 ἦ
717 634 748 702 δ’
761 634 815 719 ός,
833 633 1081 720 ὑποδεδεμένον
1098 652 1129 703 ει

70 754 110 815 γε
126 737 343 816 καρβατίνας,
366 728 418 799 οἷα
433 733 574 817 μάλιστα
590 736 711 804 ἐκείνοι
727 731 941 802 ὑποδοῦνται.
964 730 1081 818 τὰμὲν

70 825 137 912 γάρ
160 828 282 914 σμικρά
300 837 403 898 ταῦτα
427 838 461 899 τί
479 831 540 916 χρή
562 833 617 899 καί
635 835 761 918 λέγειν,
786 830 849 899 ὅσα
869 836 1079 899 ἐπεδείκνυτο

68 932 197 1007 ἔρωτας
218 930 413 1015 ἐπιπέμπων
441 933 495 997 καὶ
521 934 682 1015 δαίμονας
699 927 838 1016 ἀνάγων
863 931 918 997 καὶ
939 926 1081 1013 νεκροὺς

69 1021 200 1102 έοέλους
220 1023 399 1094 ἀνακαλῶν
414 1028 469 1095 καὶ
484 1025 546 1113 τήν
564 1026 704 1113 Ἑκάτην
718 1025 826 1112 αὐτήν
840 1032 963 1111 ἐναργή
981 1050 1081 1107 παρι-

69 1119 153 1200 στάς
170 1125 225 1192 καλ
241 1122 303 1209 τήν
318 1126 473 1211 Σελήνην
489 1132 684 1205 κατασπῶνς
712 1131 762 1194 14.
778 1122 842 1212 ἐγω
861 1132 947 1213 γοῦν
963 1124 1080 1209 διηγή-

69 1240 173 1305 σομαι
189 1218 269 1307 ὑμίν
280 1220 302 1289 δι’
313 1221 403 1291 εἶδον
417 1223 580 1310 γενόμενα
595 1220 654 1290 ὑπ’
667 1223 773 1291 αὐτοῦ
787 1226 824 1291 ἐν
836 1230 1005 1292 Γλαυκίου
1019 1227 1079 1288 τοῦ

64 1316 305 1400 Ἀλεξικλέους·
333 1320 407 1406 ἄρτι
421 1322 486 1408 γάρ
508 1319 525 1389 ὁ
541 1328 708 1401 Γλαυκίας
727 1329 788 1389 τοῦ
806 1318 930 1405 πατρὸς
946 1319 1080 1410 ἀποθα-

67 1420 192 1497 νόντος
202 1419 408 1509 παραλαβιδν
418 1422 478 1508 τήν
490 1419 608 1489 οὐσίαν
618 1419 754 1510 ἠράσθη
763 1424 929 1507 Χρυσίδος
940 1427 997 1506 τῆς
1006 1430 1080 1504 Δη-

66 1517 230 1605 μαινέτου
243 1521 425 1605 θυγατρός,
442 1521 513 1606 ἐμοὶ
528 1523 564 1587 δὲ
580 1520 769 1610 διδασκάλῳ
780 1521 896 1605 ἐχρῆτο
906 1514 990 1602 πρός
1001 1514 1080 1594 τούς

67 1613 211 1701 λόγους,
230 1618 284 1683 καὶ
299 1625 333 1685 εί
339 1643 378 1702 γε
393 1616 437 1705 μή
453 1615 472 1685 ὁ
485 1622 568 1703 ἔρως
581 1620 707 1695 ἐκεῖνος
717 1614 948 1703 ἀπησχόλησεν
963 1613 1078 1699 αὐτόν,

67 1710 203 1780 ἅπαντα
214 1709 258 1780 ἀν
267 1712 333 1801 ἤδη
342 1712 382 1782 τά
394 1723 455 1783 τοῦ
463 1715 658 1803 Περιπάτου
670 1712 845 1799 ἠπίστατο,
861 1709 898 1792 δς
908 1715 963 1781 καὶ
971 1710 1080 1782 ’ὀκτω-

66 1813 284 1899 καιδεκαέτης
299 1808 347 1879 ιδν
363 1810 484 1882 ἀνέλυε
500 1817 554 1882 καὶ
565 1811 628 1899 τήν
642 1809 790 1899 φυσικήν
805 1809 969 1894 ἀκρόασιν
984 1834 1080 1895 μετε-

67 1908 214 1994 ληλύθει
232 1915 278 1988 εἰς
292 1912 400 1991 τέλος·
427 1911 608 1998 ἀμηχάνων
622 1914 658 1977 δὲ
678 1908 768 1996 ὅμως
785 1917 831 2000 τῷ
846 1914 943 1993 ἔρωτι
958 1905 1079 1992 μηνύει

66 2032 126 2090 μοι
137 2001 174 2073 τό
191 2013 268 2073 πᾶν.
290 2007 354 2096 ἐγώ
367 2012 403 2077 δέ
416 2008 527 2093 ὥσπερ
539 2005 626 2087 εἰκός
639 2000 683 2094 ήν
696 2009 900 2076 διδάσκαλον
912 2007 1005 2091 ὄντα,
1019 2003 1080 2073 τόν

69 2104 287 2191 Τπερβόρεον
304 2110 433 2177 ἐκεῖνον
449 2110 559 2193 μάγον
578 2105 648 2191 άγω
670 2104 753 2190 πρός
778 2103 881 2173 αάτδν
907 2108 960 2173 ἐπὶ
983 2117 1080 2189 μναῖς

65 2206 219 2286 τέτταρσι
229 2203 291 2289 μέν
301 2201 338 2272 τό
348 2209 663 2291 παραυτίκα-ἔδει
674 2201 739 2289 γάρ
750 2205 945 2285 προτελέσαι
955 2228 985 2267 τι
995 2197 1081 2283 πρός

66 2296 128 2379 τάς
140 2309 264 2381 θυσίας
274 2343 316 2355 —·
326 2306 500 2373 ἑκκαίδεκα
515 2308 568 2389 δέ,
585 2309 615 2371 εί
627 2302 721 2388 τύχοι
737 2308 794 2388 τῆς
807 2303 983 2383 Χρυσίδος.
1006 2296 1024 2365 ὁ
1044 2297 1080 2365 δέ

66 2395 259 2485 αὐξομένην
279 2402 424 2491 τηρήσας
437 2403 499 2490 τήν
514 2403 659 2489 σελήνην
674 2442 715 2451 -
730 2401 803 2467 τότε
823 2396 887 2484 γάρ
908 2394 952 2476 ὡς
971 2400 1024 2465 ἐπὶ
1040 2394 1077 2463 τό

66 2495 157 2566 πολι)
173 2496 212 2565 τά
228 2508 364 2569 τοιαῦτα
375 2511 653 2587 τελεσιουργεῖται
663 2540 706 2552 -
717 2498 849 2584 βόδρον
864 2523 898 2563 τε
913 2494 1078 2581 όρυξάμε-
1093 2518 1128 2571 42

66 2624 128 2675 νος
145 2599 183 2665 ἐν
200 2604 322 2690 αἰθρίῳ
337 2604 400 2669 τινὶ
415 2611 472 2689 τής
488 2608 594 2680 οἰκίας
609 2601 685 2683 περὶ
699 2603 800 2684 μέσας
816 2597 938 2674 νάκτας
955 2592 1080 2662 ἀνεκά-

66 2705 168 2763 λεσεν
183 2693 264 2782 ἡμίν
285 2708 420 2785 πρῶτον
436 2700 498 2785 μὲν
513 2698 573 2767 τόν
593 2696 776 2779 Ἀλεξικλέα
797 2692 857 2763 τόν
873 2698 997 2777 ποτέρα
1018 2701 1079 2762 τοῦ

64 2801 240 2864 Γλαυκίου
260 2795 325 2880 πρό
347 2797 427 2867 έπτά
448 2806 565 2885 μηνῶν
584 2805 769 2865 τεθνεῶτα·
805 2793 984 2881 ἠγανάκτει
1005 2792 1078 2861 δὲὸ

64 2894 179 2979 γέρων
192 2897 245 2964 ἐπὶ
259 2904 304 2986 τῷ
321 2902 418 2983 έρωτι
435 2901 490 2967 καί
507 2896 678 2984 ὠργίζετο,
699 2894 738 2963 τά
753 2903 922 2963 τελευταῖα
935 2894 971 2959 δὲ
989 2891 1080 2977 ὅμως

66 2998 195 3080 ἐφῆκεν
216 2994 305 3086 αὐτῷ
327 2998 417 3080 ἐρᾶν.
449 2994 530 3083 μετά
552 2999 588 3065 δὲ
610 2995 672 3082 τήν
693 2995 831 3081 Ἑκάτην
852 3019 887 3059 τε
910 2990 1080 3078 ἀνήγαγεν

67 3097 280 3181 ἐπαγομένην
301 3123 362 3164 τον
375 3099 546 3182 Κέρβερον
561 3098 617 3164 καὶ
641 3094 703 3180 τήν
718 3093 873 3179 Σελήνην
895 3094 1080 3159 κατέσπασε

66 3192 294 3279 πολύμορφόν
306 3222 338 3261 τι
353 3194 465 3281 θέαμα
479 3197 533 3262 καὶ
544 3193 663 3264 ἀλλοτε
677 3190 815 3260 ἀλλοῖόν
828 3214 859 3256 τι
871 3192 1080 3275 φανταζόμε-

67 3318 149 3358 νον·
182 3289 220 3360 τό
243 3294 305 3378 μέν
331 3290 396 3379 γάρ
420 3300 554 3377 πρῶτον
575 3297 773 3379 γυναικείαν
796 3285 933 3374 μορφήν
953 3292 1077 3357 ἐπεδεί-

68 3417 189 3476 κνυτο,
216 3390 283 3460 εἶτα
300 3400 382 3481 βοῦς
399 3395 528 3479 ἐγένετο
545 3393 731 3477 πάγκαλος,
757 3385 825 3455 εἶτα
843 3388 968 3466 σκύλαξ
982 3390 1079 3473 ἐφαί-

69 3515 154 3558 νετο.
186 3494 278 3571 τέλος
297 3488 328 3558 δ’
350 3482 414 3560 οὖν
432 3488 449 3560 ό
465 3488 685 3578 Ὑπερβόρεος
704 3492 741 3557 ἐκ
763 3492 872 3573 πηλοῦ
888 3485 1027 3570 ἐρώτιόν
1049 3513 1080 3551 τι
