2625 4092
276 322 397 379 ΠΕΡΙ
418 320 513 379 ΤΗΣ
528 321 717 379 mm
736 320 873 381 OEOY.
1015 321 1077 385 353

71 479 179 567 δωρεὴ
195 478 342 560 ἀπίξεται
360 481 482 565 χρυσός
504 504 539 547 τε
558 477 681 558 πολλὰς
700 483 755 549 καὶ
771 480 917 568 ἀργυρος
938 482 1078 561 ἄπλετος

71 582 126 647 καὶ
150 583 288 667 ε’σθητες
304 577 474 666 Ἀσσύριαι
495 581 550 647 καὶ
567 582 663 645 λ’πποι
681 580 858 665 βασιλήιοι.
892 578 1021 659 άπιξεαι
1041 580 1078 649 δέ

70 675 152 760 παρ’
163 675 266 765 ἡμέας
278 675 362 745 ἀνευ
372 680 565 763 ἐσαγγελέος
576 672 658 743 οὐδέ
665 701 716 755 τις
725 675 857 762 ἀπέρξει
871 699 909 745 σε
921 675 1080 765 ἡμετέρης

70 776 185 861 ὄψιος,
201 773 275 843 οὐδ’
288 770 333 861 ἦν
346 775 479 860 γυναικὶ
489 771 557 856 ἅμα
569 770 765 859 εὐνάζωμαι.
788 775 867 841 τάδε
881 773 954 842 εἶπέ
965 801 1000 842 τε
1012 773 1079 860 ἅμα

71 878 127 941 καὶ
142 876 263 941 ἐποίεε·
286 874 387 941 καλοί
399 872 462 990 μὲν
472 867 590 937 αὐτίκα
602 872 634 947 ές
650 872 760 955 φόνον
775 872 961 962 ἤγοντο,
929 879 974 939 τά
988 875 1024 939 δὲ
1038 872 1078 937 τά

15 990 16 1025 ἐ
70 977 164 1053 δῶρα
187 972 314 1039 ἐδίδοτο
331 968 421 1037 κάλ’
406 996 425 1055 η
450 975 544 1054 φιλίη
567 971 712 1083 μέζων’
695 970 876 1055 εγεγόνεεν
909 940 1021 1037 έδύκεε
1042 970 1078 1037 δὲ

14 1211 19 1223 ·
71 1176 207 1245 εἴκελος.
241 1172 292 1235 26.
308 1192 389 1253 μετα
378 1163 479 1233 oza
458 1166 676 1252 αἰτησάμενος
690 1165 904 1234 ἐκτελέσαι
867 1194 908 1234 τα
922 1176 1078 1236 λείποντα

15 1304 16 1321 ι
70 1273 118 1355 τῷ
133 1271 203 1354 νηῷ
218 1302 257 1316 ··-
273 1261 388 1332 ἀτελέα
403 1262 468 1350 γάρ
486 1290 545 1347 μιν
559 1260 797 1331 ἀπολελοίπεεν
812 1305 853 1316 -
869 1257 963 1342 αὐτις
979 1267 1074 1350 ἐπέμ-

15 1394 17 1403 ’
70 1392 169 1448 πετο,
185 1365 240 1431 καὶ
250 1364 310 1430 τόν
321 1389 357 1430 τε
368 1359 452 1449 νηδν
464 1366 624 1443 ἐξετέλεσε
640 1364 695 1429 καλ
706 1360 743 1429 τδ
755 1361 874 1431 λοιπδν
888 1361 994 1431 αὐτοῦ
1003 1370 1077 1449 έμε-

14 1495 17 1530 i
70 1490 141 1531 νεν.
173 1466 275 1529 ἔδωκε
297 1464 335 1527 δέ
348 1465 381 1527 οί
395 1458 550 1547 βασιλεὺς
567 1458 685 1546 ἀρετῆς
701 1486 736 1527 τε
755 1463 811 1527 κοιλ
825 1458 1016 1547 εὐεργεσίης
1031 1465 1079 1529 εἴ·

14 1577 22 1642 }
69 1587 152 1629 νεκα
168 1562 206 1627 έν
220 1566 265 1646 τῷ
283 1563 344 1649 ἱρῷ
359 1559 492 1627 ἑστάναι
506 1558 662 1642 χάλκεον·
690 1560 745 1625 καὶ
760 1563 805 1625 έτι
820 1560 853 1635 ές
866 1556 965 1645 τιμὴν
981 1563 1017 1626 έν
1033 1567 1078 1649 τῷ

15 1697 16 1731 3
69 1664 134 1745 ἱρῷ
149 1657 329 1743 Κομβάβος
349 1658 487 1741 χάλκεος
505 1651 722 1740 Ἑρμοκλέους
735 1662 797 1722 τοῦ
814 1655 939 1724 Ῥοδίου
953 1664 1078 1743 ποίημα

14 1794 24 1829 f
70 1751 209 1843 μορφὴν
222 1754 283 1839 μέν
298 1751 392 1838 ὁκοίη
406 1753 510 1839 γυνή,
528 1756 652 1838 ἐσθῆτα
664 1757 699 1820 δὲ
711 1752 875 1840 ἀνδρηίην
888 1761 962 1842 ἔχει.
984 1758 1078 1843 λέγε-

68 1882 125 1923 ται
141 1852 177 1919 δὲ
194 1858 262 1917 ταῖν
282 1858 391 1936 φίλων
406 1849 485 1929 τούς
501 1850 642 1937 μάλιστά
659 1856 694 1918 oc
708 1850 904 1931 εὐνοέοντας
920 1855 953 1931 ἐς
969 1880 1078 1936 παρα-

14 1988 30 2032 γ,
70 1957 203 2039 μυθίην
219 1956 280 2015 τοῦ
301 1950 428 2028 πάθεος
449 1956 630 2035 κοινωνίην
652 1952 786 2017 ἑλέσθαι
809 1959 867 2037 τῆς
886 1958 1076 2037 συμφορῆς·

15 2090 28 2132 ,ς
71 2058 190 2135 ε”τεμον
205 2044 269 2133 γάρ
287 2048 432 2127 ἑωυτούς
447 2053 499 2116 καὶ
515 2054 644 2115 δίαιταν
660 2045 722 2134 τὴν
738 2046 846 2134 αὐτὴν
863 2052 978 2138 ἐκείνῳ
991 2054 1078 2115 διαι-

69 2150 196 2215 τέοντο.
220 2143 315 2214 ἀλλοι
328 2148 363 2214 δὲ
377 2152 607 2232 ίρολογέουσιν
619 2148 671 2213 ἐπὶ
684 2153 730 2236 τῷ
744 2148 911 2234 πρήγματι
926 2153 1078 2233 λέγοντες

15 2289 30 2331 1,ι
69 2243 118 2321 ὡς
131 2241 152 2329 ἡ
165 2242 252 2330 Ἥρη
268 2248 430 2330 φιλέουσα
444 2244 629 2331 Κομβάβον
649 2253 800 2312 πολλοῖσι
820 2241 883 2331 τὴν
903 2242 1009 2330 τομὴν
1025 2248 1076 2312 έπλ
1096 2258 1152 2311 473

18 2384 31 2431 11·
69 2345 157 2412 νόον
168 2349 297 2431 ἔβαλεν,
313 2343 399 2424 ὅκως
409 2342 454 2430 μὴ
464 2350 589 2430 μοῦνος
600 2346 652 2411 ἐπὶ
663 2350 703 2432 τῇ
716 2340 902 2467 άνανδρμίη
912 2347 1075 2411 λυπέοιτο.

15 2490 36 2533 :25
68 2449 123 2514 27.
143 2470 179 2510 το
169 2442 231 2510 δὲ
247 2448 327 2521 έθος
340 2468 439 2510 τουτο
455 2439 566 2529 ἐπειδη
580 2441 666 2523 ἀπαξ
681 2448 827 2527 ἐγένετο,
844 2468 891 2511 ετι
905 2451 971 2509 νῦν
985 2447 1076 2528 μένει

68 2546 127 2611 καλ
141 2542 288 2609 πολλοὶ
271 2542 412 2609 εκάστου
426 2547 514 2619 ἔτεος
526 2545 563 2607 έν
577 2568 621 2631 τφ
609 2546 693 2631 ίρῷ
705 2544 887 2627 τάμνονται
902 2570 957 2608 και
946 2543 1076 2628 θηλά-

26 2668 188 2711 νουται
203 2650 267 2708 είτε
278 2641 461 2729 Κομβάβον
472 2610 769 2726 παραμύθεύμενοι
783 2650 848 2708 είτε
861 2642 916 2706 καὶ
922 2638 1007 2727 Ἡρη
1018 2666 1077 2759 χα-

16 2702 235 2842 μ’ρίζονται
256 2737 487 2824 τάμνονταιδ’
508 2765 572 2822 ων,
597 2740 722 2824 ἐσθῆτα
740 2737 776 2805 δὲ
791 2741 861 2805 οἵδε
883 2736 994 2804 οὐκέτι
1015 2736 1077 2804 άν-

15 2833 194 2945 μμδρηίην
208 2844 357 2923 ἔχουσιν,
373 2834 504 2904 ἀλλά”
472 2837 587 2922 ειματά
601 2864 636 2905 τε
653 2863 832 2956 γυναικηια
847 2840 1006 2923 φορέουσι
1022 2838 1077 2905 καί

66 2946 152 3022 εργα
163 2963 333 3021 γυναικων
347 2938 579 3005 ἐπιτελέουσιν.
603 2963 646 3015 ως
657 2938 694 3005 δὲ
706 2934 802 3021 έγω
781 2962 924 3023 ηκουου
939 2932 1077 3003 ἀνακέε

28 3064 126 3115 ·,ται
143 3064 197 3103 και
186 3036 387 3104 τουτέων’
371 3062 404 3114 ες
418 3033 638 3155 Κομβάβον“
621 3064 644 3155 ιχ
663 3063 684 3101 α
686 3043 766 3120 ίτίη·
794 3042 993 3121 συνενείχθη
1012 3037 1077 3121 γάρ

16 3110 107 3245 μυί
120 3140 174 3203 καὶ
189 3136 277 3202 τάδε.
300 3140 388 3219 ξείνη
404 3161 489 3219 γυνη
478 3132 538 3213 ές
554 3160 746 3220 πανηγυριν
763 3132 946 3219 ἀπικομένη
958 3139 1077 3202 ἰδοῦσα

17 3214 179 3323 μ’μκαλόν
189 3259 223 3299 τε
235 3234 332 3300 ἐόντα
344 3234 397 3299 καὶ
409 3236 533 3317 ἐσθῆτα
545 3239 592 3301 έτι
603 3233 767 3320 ἀνδρηίην
782 3240 899 3319 έχοντα
910 3238 1006 3316 ἔρωτι
1017 3260 1077 3319 με·
1171 3268 1174 3273 -

20 3334 164 3429 γαλω
174 3338 295 3417 ἔσχετο,
304 3358 385 3417 μετα
374 3329 431 3399 δὲ
439 3340 595 3418 μαθονσα
605 3331 721 3400 ατελεα
729 3331 854 3401 έοντα
836 3358 963 3419 εωυτην
974 3339 1078 3418 διειρ·

18 3423 208 3555 μγάσατο.
230 3432 283 3499 έπλ
297 3445 382 3499 τοῖσι
392 3430 570 3518 Κομβάβος
581 3428 795 3517 ἀθυμέων,
774 3458 826 3499 οτι
839 3434 873 3499 ot
881 3429 1072 3516 ἀτυχέως
1036 3460 1076 3499 τα

18 3498 105 3609 ψές
120 3526 347 3679 Αφροδιττμιῖ
330 3554 411 3617 εχει
428 3532 551 3617 ἐσθῆτα
566 3536 766 3617 γυναικηίην
778 3531 1077 3682 ένεδυσμὲοψκως

157 3639 252 3677 wem<

15 3002 37 3045 χξλ

24 3584 37 3651 λι
