2625 4092
288 335 373 394 ΔΙΣ
389 333 880 393 ΚΛΤΗΓΟΡΟΤΜΕΝΟΣ.
1067 331 1087 396 7

80 495 169 574 ὅστις
184 487 281 573 οὗτος
301 493 318 562 ὁ
335 493 483 577 προσιών
499 495 604 577 ἐστιν,
628 489 645 558 ὁ
662 493 886 579 κερασφόρος,
910 487 928 560 ὁ
948 492 1009 580 τὴν
1024 494 1082 560 σά-

80 621 193 680 ριγγα,
212 591 229 660 ὁ
247 595 359 671 λάσιος
373 596 408 660 ἐκ
425 607 497 660 τοῖν
514 602 655 661 σκελοῖν.

164 727 265 788 ΕΡΜ.
293 727 335 788 Τί
355 720 435 805 φήςς
464 717 595 804 ἀγνοεῖς
615 716 675 786 τόν
692 728 806 804 Πᾶνα,
827 729 895 788 τῶν
911 722 1085 789 Διονύσου

78 817 300 899 θεραπόντων
316 813 376 882 τόν
387 816 651 902 βακχικώτατονς
675 809 773 895 οὗτος
787 816 865 906 ᾤκει
876 817 937 903 μὲν
947 817 984 885 τό
1000 820 1085 902 πρό·

77 926 163 982 σθεν
178 913 243 981 ἀνά
259 913 296 982 τό
311 917 522 998 Παρθένιον,
547 913 612 982 ὑπό
632 915 668 982 δὲ
684 913 745 982 τόν
760 916 905 993 Δάτιδος
925 919 1085 983 ἐπίπλουν

77 1017 131 1081 καλ
158 1015 219 1099 τὴν
243 1013 485 1098 Μαραθῶνάδε
511 1021 579 1080 τῶν
603 1013 785 1100 βαρβάρων
812 1013 979 1099 ἀπόβασιν
1003 1007 1084 1097 ἧκεν

75 1111 216 1197 ἄκλητος
234 1127 302 1190 τοῖς
322 1111 511 1198 Ἀθηναίοις
533 1111 715 1198 ξύμμαχος,
741 1112 795 1181 καὶ
818 1111 854 1179 τό
876 1110 933 1179 ἀπ’
954 1116 1085 1180 ἐκείνου

74 1209 112 1277 τὸ
125 1207 191 1277 ὑπὸ
204 1219 242 1296 τῇ
255 1208 434 1295 ἀκροπόλει
448 1211 612 1296 σπήλαιον
623 1217 723 1277 τοῦτο
735 1208 987 1297 ἀπολαβόμενος
1002 1216 1087 1278 οἰκεῖ

74 1307 197 1394 μικρόν
213 1307 297 1394 ὑπὲρ
317 1318 378 1379 τοῦ
394 1319 605 1396 Πελασγικοῦ
621 1314 653 1388 ἐς
670 1308 706 1377 τό
723 1318 890 1396 μετοίκιον
905 1313 1081 1393 ξυντελεῖν,
1102 1329 1152 1380 802

74 1411 129 1476 καλ
148 1417 215 1477 νῦν
230 1409 273 1488 ὡς
287 1408 324 1477 τό
342 1410 428 1488 είκός
444 1409 526 1478 ίδών
541 1408 626 1496 ἡμᾶς
641 1413 677 1477 ἐκ
691 1410 852 1495 γειτόνων
871 1411 1083 1494 προσέρχεται

72 1507 319 1593 δεξιωσόμενος.

161 1640 208 1700 10.
232 1641 339 1703 ΠΑΝ.
361 1643 516 1722 Χαίρετε,
535 1631 674 1723 ἀἙρμῆ
688 1638 742 1703 καὶ
756 1643 854 1720 Δίκη.

158 1753 250 1814 ΔΙΚ.
274 1751 339 1843 Καὶ
360 1748 473 1836 σύγε,
498 1743 524 1817 ἀ
543 1753 635 1834 Πάν,
658 1749 884 1836 μουσικώτατε
904 1751 958 1814 καλ
976 1750 1082 1831 πηδη-

71 1845 230 1912 τικώτατε
246 1848 413 1929 Σατύρων
428 1845 601 1932 ἁπάντων,
628 1847 788 1933 Ἀθήνησι
811 1847 846 1914 δὲ
868 1846 923 1913 καὶ
944 1854 1081 1930 πολεμι-

70 1971 205 2011 κωτατε.

155 2065 264 2124 ΠΑΝ.
291 2066 347 2138 Τίς
364 2063 417 2129 δοιλ
434 2059 534 2148 ὑμᾶς,
551 2055 703 2146 ἀἙρμῆ,
721 2065 812 2145 χρεία
828 2056 920 2141 δεῦρ’
937 2057 1078 2143 ἤγαγενς

155 2176 257 2238 ΕΡΜ.
280 2169 376 2254 Αὕτη
397 2192 449 2239 σοι
471 2173 660 2259 διηγήσεται
677 2169 717 2239 τά
739 2172 864 2238 πάντα·
887 2168 950 2254 ἐγὼ
971 2171 1007 2235 δὲ
1027 2172 1078 2236 ἐπὶ

68 2265 130 2352 τὴν
147 2265 332 2349 ἀκρόπολιν
347 2271 400 2336 καὶ
415 2267 451 2336 τό
468 2268 631 2355 κήρυγμα.

156 2400 249 2463 ΔΙΚ.
273 2394 310 2463 Ὁ
332 2396 433 2482 Ζεύς,
459 2390 592 2482 ἀΠάν,
614 2400 803 2482 κατέπεμψέ
819 2421 859 2480 με
879 2392 1077 2478 ἀποκληρώ-

68 2514 199 2559 σουσαν
213 2490 271 2572 τάς
287 2499 388 2574 δίκας.
412 2499 465 2563 σολ
480 2498 515 2563 δὲ
531 2504 600 2572 πῶς
615 2493 654 2562 τά
673 2498 709 2562 ἐν
724 2493 880 2579 Ἀθήναις
898 2499 978 2578 ἔχεις

152 2630 261 2690 ΠΑΝ.
289 2621 332 2690 Τό
348 2627 410 2710 μὲν
423 2624 507 2694 όλου
522 2623 563 2692 οὐ
578 2621 650 2690 κατ’
669 2621 764 2702 ἀξίαν
778 2630 899 2708 τιμῶσί
913 2649 969 2708 με,
992 2619 1076 2688 ἀλλά

66 2719 156 2788 πολὺ
170 2724 429 2806 καταδεέστερον
442 2731 500 2810 τῆς
520 2727 665 2804 ἐλπίδος,
687 2724 741 2786 καὶ
761 2728 863 2786 ταῦτα
878 2727 1077 2807 τηλικοῦτον

66 2820 288 2905 ἀπωσάμενος
308 2819 473 2908 κυδοιμόν
492 2821 554 2888 τόν
573 2825 608 2889 ἐκ
629 2829 697 2886 τῶν
714 2818 904 2906 βαρβάρων.
936 2818 1025 2905 ὅμως
1040 2820 1076 2886 δὲ

66 2923 116 2997 δλς
130 2915 152 3006 ἢ
167 2921 237 3002 τρὶς
251 2926 311 2985 τοῦ
322 2926 416 2998 ἔτους
432 2918 583 2998 ἀνιόντες
597 2919 824 3004 ἐπιλεξάμενοι
838 2919 963 3005 τράγον
978 2924 1076 3000 ἔνορ-

64 3047 120 3105 χιν
133 3018 264 3087 θύουσί
274 3046 330 3104 μοι
346 3028 468 3105 πολλῆς
479 3029 535 3106 τῆς
547 3019 707 3106 κινάβρας
719 3015 893 3102 ἀπόζοντα,
911 3016 978 3085 εἶτα
991 3015 1076 3084 εὐω-

64 3126 203 3204 χοῦνται
216 3116 257 3184 τά
273 3121 371 3203 κρέα,
393 3119 615 3204 ποιησάμενοί
628 3144 669 3204 με
688 3125 746 3204 τῆς
761 3115 973 3202 εὐφροσύνης
987 3118 1073 3202 μάρ-
1092 3138 1143 3192 803

64 3242 151 3298 τυρα
168 3218 222 3283 καὶ
238 3219 324 3304 ψιλῷ
339 3215 532 3302 τιμήσαντες
547 3223 592 3308 τῷ
608 3217 733 3305 κρότῳ·
756 3213 830 3285 ἀλλ’
848 3223 912 3302 ἔχει
927 3218 1002 3283 τινά
1019 3244 1073 3302 μοι

64 3320 282 3400 ψυχαγωγίαν
298 3311 316 3380 ὁ
332 3317 435 3399 γέλως
451 3313 563 3383 αὐτῶν
579 3319 632 3383 καὶ
647 3312 668 3400 ἡ
684 3317 809 3383 παιδιά.

151 3449 200 3510 11.
217 3448 311 3510 ΔΙΚ.
339 3441 386 3509 Τά
403 3442 434 3510 δ’
452 3444 551 3528 ἀλλα,
577 3439 603 3512 ολ
618 3446 709 3529 Πάν,
725 3443 882 3530 ἀμείνους
897 3441 980 3527 πρός
994 3443 1071 3529 ἀρε

62 3540 124 3627 τήν
139 3545 292 3628 ἐγένοντο
308 3541 373 3610 ὑπό
389 3550 457 3610 τῶν
472 3543 687 3629 φιλοσόφωυς
