2625 4092
404 314 524 379 ΦΙΛΟ
538 315 750 371 ΨΕΥΔΗΣ.
1017 312 1077 374 101

74 490 141 553 τοῖς
157 474 336 551 Πλάτωνος
357 475 468 557 λόγοις
488 471 721 559 θαυμάζεσθαι
741 472 896 555 ἀξιοῦντα
912 472 957 553 ῶς
972 473 1078 560 μόνον

74 571 217 659 ἀκριβῶς
230 570 496 657 κατανενοηκότα
508 568 571 657 τὴν
585 571 794 656 γνῶμηντοῦ
807 569 930 656 ἀνδρὸς
944 577 996 640 καλ
1010 587 1079 649 τοῖς

74 671 184 748 ἀλλοις
204 666 434 754 ὑποφητεῦσαι
449 669 649 754 δυνάμενον.
682 666 762 756 ὁρᾷς
778 671 870 746 οίους
885 668 1011 751 ἀνδρας
1025 674 1080 735 σοί

74 794 167 853 φημι,
183 766 380 853 πανσόφους
390 768 445 837 καί
454 770 671 849 παναρέτους,
688 764 709 832 ὅ
722 791 753 832 τι
767 792 829 848 περ
839 762 877 833 τδ
892 766 1078 851 κεφάλαιον

74 863 153 931 αὐτὰ
170 868 203 945 ἐξ
224 863 362 950 ἑκάστης
382 868 621 950 προαιρέσεως,
645 867 836 949 αἰδεσίμους
854 861 1002 942 ἅπαντας
1021 865 1077 931 καὶ
1092 875 1126 928 35

74 964 252 1049 μονονουχὶ
269 960 436 1048 φοβερούς
449 960 512 1049 τήν
522 962 704 1045 πρόσουινς
726 958 989 1046 ἐτικαὶὸίατρδς
1002 958 1077 1028 ’Av-
1143 994 1145 1002 υ

75 1068 202 1147 τίγονος
212 1068 323 1147 παρῆν
334 1058 417 1129 κατά
426 1066 557 1147 χρείαν,
573 1057 679 1145 οἶμαι,
694 1068 752 1145 τῆς
761 1059 867 1128 νόσου
878 1062 1077 1146 ἐπικληθείς,

72 1158 126 1226 καὶ
146 1160 232 1247 ῥᾷον
253 1157 361 1225 ἐδόκει
381 1156 444 1243 ήδη
467 1162 553 1242 ἐχειν
575 1154 592 1223 ὁ
614 1153 789 1242 Εὐκράτης
811 1157 866 1223 καὶ
887 1154 925 1223 τὸ
946 1156 1077 1242 νόσημα

73 1262 138 1321 τῶν
153 1252 355 1339 συντρόφων
370 1248 428 1340 ῆν·
457 1252 493 1321 τό
510 1256 623 1341 ῥεῦμα»
632 1252 698 1339 γάρ
713 1255 745 1332 ἐς
762 1249 840 1331 τούς
856 1253 962 1330 πόδας
975 1245 1077 1331 αὖθις

73 1351 160 1443 αύτῷ
182 1352 411 1437 κατεληλύθει.
440 1354 640 1433 καθίζεσθαι
656 1344 721 1418 ούν
741 1376 781 1436 με
803 1348 883 1435 παρ’
900 1348 1004 1418 αύτὸν
1024 1353 1078 1419 ἐπὶ

72 1458 126 1536 τῆς
149 1456 265 1536 κλίνης
291 1446 309 1517 ὁ
333 1448 507 1536 Εὐκράτης
531 1453 708 1518 ἐπένευσεν
734 1447 838 1536 ῆρέμα
864 1451 1015 1533 ἐγκλίνας
1037 1454 1077 1535 τῆ

73 1556 168 1637 φωνῇ
186 1551 219 1627 ἐς
233 1547 270 1615 τό
293 1546 492 1631 ἀσθενικόν,
520 1546 619 1617 ὁπότε
641 1546 709 1617 εἶδέ
720 1574 777 1635 με,
803 1555 909 1617 καίτοι
928 1555 1076 1636 βοῶντος

72 1640 175 1713 αὐτοῦ
201 1648 257 1716 καί
284 1649 532 1731 διατεινομένου
556 1672 587 1712 τι
614 1644 736 1731 μεταξύ
760 1643 872 1714 είσιῶν
897 1645 1073 1733 ἐπήκουον.

72 1740 161 1827 κάγῶ
178 1744 268 1827 μάλα
279 1746 556 1831 πεφυλαγμένως,
569 1742 613 1831 μή
624 1746 789 1831 ψαύσαιμι
803 1750 872 1811 τῶν
885 1749 1001 1812 ποδῶν
1012 1742 1075 1811 αύ·

71 1849 146 1926 τού,
163 1839 458 1929 ἀπολογησάμενος
471 1843 511 1910 τά
528 1843 663 1929 συνήθη
678 1848 800 1927 ταῦτα,
816 1838 862 1921 ῶς
876 1838 1076 1928 ἀγνοήσαιμι

74 1946 238 2006 νοσοῦντα
251 1942 306 2007 καὶ
317 1936 371 2025 ῶς,
388 1941 457 2008 ἐπεὶ
471 1945 609 2026 ἔμαθον,
627 1945 785 2026 δρομαῖος
794 1946 934 2026 ἔλθοιμι,
954 1942 1076 2007 ἐκαθε-

71 2036 171 2123 ζόμην
186 2044 336 2122 πλησίον.
360 2042 389 2107 7.
406 2042 440 2105 οί
450 2040 513 2124 μὲν
524 2036 563 2124 δή
579 2038 762 2124 ἐτύγχανον
774 2036 837 2125 ήδη
852 2040 928 2123 περὶ
940 2045 1002 2105 τοῦ
1016 2064 1076 2105 νο-

72 2135 214 2219 σήματος
222 2131 265 2203 τά
275 2134 335 2221 μὲν
344 2135 409 2223 ήδη
421 2136 664 2222 προειρηκότες,
679 2134 720 2203 τά
736 2137 835 2204 δὲκαὶ
845 2138 919 2203 τότε
933 2136 1074 2218 διεξιόν-

71 2256 135 2317 τες,
158 2237 207 2299 ἔτι
222 2230 257 2299 δὲ
272 2234 327 2299 καὶ
346 2240 527 2314 θεραπείας
546 2231 639 2311 τινάς
661 2234 797 2311 ἕκαστος
813 2231 1073 2319 ὑποβάλλοντες·

71 2326 87 2394 ὁ
100 2334 187 2413 γοῦν
197 2328 401 2416 Κλεόδημος,
417 2336 595 2416 Είτοίννν,
610 2338 702 2417 φησί,
718 2340 758 2420 τῆ
768 2329 926 2420 ἀριστερᾷ
936 2358 986 2409 τις
995 2329 1075 2399 ἀνε-

72 2425 207 2511 λόμενος
227 2426 377 2513 χαμόθεν
395 2428 456 2495 τόν
473 2426 593 2497 ὀδόντα
609 2438 667 2515 τῆς
680 2438 828 2515 μυγαλῆς
844 2428 933 2496 οὕτω
947 2455 1073 2513 φονευ-

73 2531 200 2609 θείσης,
225 2522 269 2603 ῶς
282 2539 460 2611 προεῖπον,
483 2526 649 2612 ἐνδήσειεν
664 2533 709 2605 είς
731 2531 833 2612 δέρμα
851 2532 984 2605 λέοντος
1000 2525 1075 2610 ἀρτι
1190 2567 1196 2579 =

72 2618 302 2707 ἀποδαρέντος,
316 2622 382 2690 εἶτα
395 2624 565 2705 περιάψειε
576 2626 650 2707 περὶ
661 2622 701 2691 τά
713 2631 823 2711 σκέλη,
839 2623 957 2692 αὐτίκα
968 2627 1072 2691 παύε-

71 2743 121 2784 ται
135 2718 173 2785 τό
191 2718 330 2806 ἀλγημα.
356 2718 428 2788 Ούκ
441 2727 486 2799 τίς
500 2726 649 2806 λέοντος,
664 2726 728 2806 ἐφη
740 2718 757 2789 ὁ
769 2722 991 2809 Δεινόμαχος,
1006 2721 1070 2807 ἐγῶ
1087 2742 1122 2796 36

72 2812 213 2901 ἤκουσα,
235 2818 362 2904 ἐλάφου
383 2820 419 2886 δὲ
439 2824 577 2905 θηλείας
594 2824 640 2885 ἔτι
662 2820 836 2903 παρθένον
855 2821 910 2887 καὶ
929 2817 1072 2907 ἀβάτου·

71 2914 122 2980 καὶ
141 2911 178 2981 τό
194 2921 329 3001 πρᾶγμα
349 2914 438 2984 ούτω
458 2917 708 3001 πιθανῶτερον·
738 2914 808 2985 ῶκύ
824 2915 887 3003 γάρ
908 2916 929 3002 ἡ
951 2924 1073 3003 ἔλαφος

71 3012 122 3078 καλ
137 3016 277 3097 ἔρρωται
291 3014 432 3101 μάλιστα
449 3018 485 3083 ἐκ
500 3020 567 3081 τῶν
579 3020 702 3081 ποδῶν.
732 3017 785 3082 καὶ
802 3012 819 3083 ὁ
835 3018 921 3083 λέων
935 3014 1074 3103 ἀλκιμος

71 3114 147 3193 μέν,
164 3114 217 3179 καλ
232 3109 267 3179 τδ
287 3120 381 3193 λίπος
396 3109 503 3179 αύτοδ
515 3115 570 3181 καλ
586 3111 606 3199 ή
622 3111 726 3200 χελρή
744 3113 832 3194 δεξιά
848 3116 903 3183 καί
919 3120 955 3183 αλ
966 3123 1073 3202 τρίχες

71 3209 104 3273 ἐκ
118 3216 178 3274 τοῦ
194 3209 354 3295 πώγωνος
364 3215 401 3279 αί
409 3207 511 3294 ὀρθαὶ
521 3209 638 3297 μεγάλ’
653 3206 697 3278 ἀν
710 3212 885 3297 δύναιντο,
902 3224 934 3282 εί
941 3240 989 3292 τις
1000 3217 1073 3282 ἐπί-

71 3325 178 3373 σταιτο
195 3305 308 3386 αύτοσς
322 3316 466 3394 χρῆσθαι
480 3307 559 3395 μετά
575 3316 632 3396 τῆς
650 3315 771 3388 οίκείας
786 3313 914 3399 ἐπῳδῆς
927 3311 1071 3401 ἑκάστῳ·

71 3407 181 3471 ποδῶν
198 3408 234 3473 δέ
249 3414 339 3475 ίασιν
353 3404 469 3493 ήκιστα
485 3409 726 3492 ἐπαγγέλλεται.
748 3410 813 3475 Καὶ
827 3405 942 3489 αύτός,
957 3402 1023 3493 ἧδ’
1035 3405 1072 3485 ὃς

71 3494 87 3563 ὃ
101 3502 309 3589 Κλεόδημος,
328 3502 417 3572 οὕτω
428 3504 529 3573 πάλαι
540 3509 746 3592 ἐγίγνωσκον
760 3506 887 3592 ἐλάφου
903 3515 1022 3593 χρῆναι
1033 3511 1073 3573 τδ
