2625 4092
292 273 423 334 ΠΡΟΣ
442 273 540 336 ΤΟΝ
558 273 904 334 ΑΠΑΙΛΕΤΤΟΝ.
1040 270 1098 334 151

98 445 168 510 κελς
181 429 232 499 ότι
243 429 301 511 τάς
311 428 443 517 ἀγαθάς
454 435 587 511 ἐλπίδας
598 429 640 500 ού
651 429 741 518 παρά
752 439 820 499 τῶν
831 435 1101 520 βιβλιοκαπήλων

98 537 151 596 δεῖ
166 533 288 614 ζητεῖν,
309 525 393 597 ἀλλά
408 526 488 610 παρ’
504 528 610 597 αὑτοῦ
630 531 761 598 καὶτοῦ
781 527 861 596 καθ’
880 526 1009 617 ἡμέραν
1022 537 1099 617 βίον

97 624 290 712 λαμβάνειν.
321 624 364 694 σύ
385 624 419 694 δ’
441 635 503 694 οἴει
522 627 712 713 συνήγορον
733 624 851 695 κοινόν
871 629 925 694 καὶ
947 628 1099 714 μάρτυρα

96 730 237 792 ἔσεσθαί
250 747 303 792 σοι
320 723 380 791 τόν
400 721 546 791 Ἀττικόν
560 727 615 791 καί
629 731 799 792 Καλλῖνον
813 723 891 802 τούς
906 726 1098 811 βιβλιογρά-

95 847 203 907 φουςς
224 821 303 908 ούκ,
324 819 397 891 ἀλλ’
414 819 525 907 ῶμούς
540 848 633 899 τινας
648 819 853 905 ἀνθρώπους
868 823 1099 905 ἐπιτρίψοντάς

94 947 151 1010 σε,
176 919 220 1010 ήν
233 928 268 991 ολ
280 925 356 992 θεολ
370 927 525 1006 ἐθέλωσι,
549 926 603 992 καλ
620 922 704 1008 πρὸς
720 929 856 1010 ἔσχατον
871 931 986 1000 πενίας
1001 928 1099 1002 ξυνε-
1119 937 1166 991 120

94 1023 275 1099 λύσοντας·
304 1026 380 1088 δέον
399 1026 446 1088 ἔτι
464 1029 529 1087 νῦν
545 1023 810 1108 σωφρονήσαντα
829 1019 1018 1089 ἀποδόσθαι
1038 1025 1099 1106 μέν

94 1146 164 1187 τινι
178 1127 245 1186 τῶν
259 1122 533 1203 πεπαιδευμένων
543 1119 583 1186 τά
597 1126 709 1207 βιβλία
720 1128 823 1187 ταῦτα
837 1123 892 1189 καὶ
906 1117 972 1187 σύν
987 1117 1099 1196 αύτολς

93 1218 158 1306 τήν
169 1219 361 1286 νεόκτιστον
374 1219 499 1304 ταύτην
511 1224 630 1304 οἰκίαν,
646 1217 833 1287 ἀποδοῦναι
846 1220 882 1286 δέ
895 1229 963 1297 τὀῑς
973 1216 1099 1301 ἀνδρα-

92 1316 341 1403 ποδοκαπήλοις
354 1320 452 1401 μέρος
462 1323 547 1402 γοῦν
559 1316 623 1384 ἀπό
637 1326 770 1385 πολλῶν
780 1325 848 1386 τῶν
859 1316 1097 1403 ὀφειλομένων.

92 1419 147 1482 25.
167 1415 221 1482 καλ
236 1412 300 1499 γάρ
319 1416 425 1481 ἐκεῖνο
445 1414 517 1497 περὶ
536 1414 598 1480 δύο
619 1421 722 1481 ταῦτα
743 1419 859 1492 δεινῶς
879 1415 1097 1497 ἐσπούδακας,

92 1519 235 1600 βιβλίων
257 1538 292 1579 τε
317 1521 385 1578 τῶν
405 1518 596 1579 πολυτελῶν
616 1520 733 1597 κτῆσιν
753 1515 807 1580 καί
830 1519 1010 1597 μειρακίων
1029 1517 1097 1578 τῶν

93 1610 229 1694 ἐξύρων
242 1612 295 1677 καλ
306 1609 370 1697 ήδη
381 1617 551 1693 καρτερῶν
563 1608 665 1695 ῶνήν,
681 1611 734 1677 καλ
748 1607 784 1676 τό
796 1611 931 1695 πράγμά
944 1629 995 1676 σοι
1006 1607 1098 1675 πάνυ

92 1709 314 1787 σπουδάζεται
335 1711 388 1791 καλ
405 1707 594 1794 θηρεύεται.
628 1705 797 1774 ἀδύνατον
818 1709 854 1774 δέ
870 1712 994 1795 πένητα
1017 1705 1096 1773 ὄντα

92 1804 179 1889 πρός
199 1803 300 1890 ἀμφω
321 1809 477 1888 διαρκεῖν.
512 1804 628 1872 σκόπει
649 1812 781 1888 τοίνυν,
812 1801 855 1882 ὡς
877 1801 969 1885 ίερόν
988 1811 1095 1890 χρῆμα

92 1902 279 1989 συμβουλή.
303 1899 383 1982 ἀξιῶ
397 1903 463 1988 γύρ
479 1922 515 1969 σε
528 1898 697 1986 ἀφέμενον
708 1909 775 1970 τῶν
788 1903 893 1988 μηδὲν
906 1900 1096 1986 προσηκόν-

92 2027 164 2069 των
184 1998 245 2086 τήν
267 2002 382 2084 ἑτέραν
403 2001 506 2068 νόσον
526 2001 730 2083 θεραπεύειν
750 2001 803 2067 καλ
831 1997 908 2078 τούς
931 1996 1095 2085 ὑπηρέτας

91 2103 242 2176 ἐκείνους
258 2095 435 2183 ἀνεῖσθαι,
452 2097 542 2176 ὅπως
555 2097 599 2185 μή
615 2098 853 2166 ἐπιλειπόντων
869 2120 905 2166 σε
919 2107 988 2167 τῶν
1004 2108 1094 2166 οίκο-

90 2208 160 2265 θεν
174 2197 404 2282 μεταστέλλοιό
425 2223 517 2274 τινας
532 2203 599 2262 τῶν
616 2199 820 2280 ἐλευθέρων,
842 2191 890 2274 οἷς
911 2193 1094 2264 ἀκίνδυνον

91 2293 318 2372 ἀπελθοῦσιν,
347 2291 390 2379 ἢν
412 2293 456 2379 μή
478 2295 625 2381 λα’βωσιν
644 2292 790 2371 ἅπαντα,
816 2298 1028 2378 ἐξαγορεῦσαι
1053 2292 1093 2360 τά

91 2395 286 2478 πραχθέντα
297 2389 377 2478 ὑμῖν
387 2389 468 2479 μετά
480 2390 539 2459 τὸν
552 2392 671 2473 πότον,
688 2386 740 2459 οἷα
755 2393 809 2459 καλ
821 2391 936 2481 πρῴην
947 2403 1095 2478 αίσχιστα

91 2491 168 2570 περὶ
182 2496 245 2555 σού
256 2492 398 2574 διηγεῖτο
409 2486 555 2567 έξελθῶν
569 2484 587 2554 ὁ
600 2487 725 2571 πόρνος
738 2493 784 2555 ἐτι
796 2491 850 2554 καί
863 2490 1012 2575 δήγματα
1023 2492 1093 2556 ἐπι-

92 2587 233 2665 δεικνύς.
258 2583 331 2653 ἀλλ’
347 2591 449 2673 έγωγε
460 2588 513 2653 καὶ
528 2586 698 2670 μάρτυρας
714 2581 757 2651 ἀν
773 2593 1001 2672 παρασχοίμην
1017 2585 1095 2664 τούς

90 2688 166 2753 τότε
184 2684 366 2769 παρόντας,
391 2683 434 2761 ὡς
453 2681 665 2770 ήγανάκτησα
681 2689 735 2751 καὶ
752 2683 868 2770 ὀλίγον
882 2683 1008 2770 πληγάς
1022 2687 1093 2751 ἐνέ-
1114 2704 1159 2757 121

91 2799 194 2866 τριιγα
208 2779 297 2871 αύτῷ
314 2790 521 2867 χαλεπαίνων
538 2779 621 2867 ὑπὲρ
638 2789 717 2848 σοῦ.
742 2784 795 2849 καὶ
814 2781 954 2868 μάλισθ’
970 2781 1025 2850 ὅτε
1041 2785 1095 2850 καλ

91 2881 196 2948 ἀλλον
208 2882 424 2947 ἐπεκαλέσατο
435 2881 588 2966 μάρτυρα
600 2887 667 2946 τῶν
680 2877 804 2965 ὁμοίων
816 2882 869 2947 καί
880 2879 981 2947 ἀλλον
992 2877 1094 2946 ταύτά

91 2980 147 3046 καὶ
165 2977 278 3064 λόγοις
300 2982 549 3064 διηγουμένους.
582 2976 665 3060 πρὸς
686 2975 726 3063 δή
742 2985 861 3062 ταῦτα,
887 2971 1015 3064 ἀγαθέ,
1036 3004 1095 3043 τα-

90 3076 212 3160 μιεύου
227 3072 408 3160 τάργύριον
424 3077 478 3142 καλ
495 3077 657 3160 φύλαττε,
683 3073 727 3154 ῶς
742 3085 826 3143 οἴκοι
844 3077 898 3144 καλ
912 3073 995 3142 κατά
1012 3082 1094 3143 πολ-

90 3170 154 3258 λήν
170 3169 356 3256 ἀσφάλειαν
369 3179 473 3239 ταῦτα
484 3186 593 3239 ποιεῖν
607 3175 662 3238 καὶ
677 3175 815 3257 πάσχειν
829 3178 910 3259 ἔχῃς.
936 3171 1019 3238 ῶστε
1034 3171 1094 3257 μέν

89 3267 155 3355 γὰρ
170 3273 284 3355 μηκέτι
300 3271 495 3355 ἐργάζεσθαι
517 3275 563 3345 τίς
581 3264 624 3334 ἀν
641 3272 847 3353 μεταπεισειέ
861 3290 912 3346 σε;
936 3267 1014 3337 οὐδὲ
1029 3266 1093 3354 γάρ

90 3370 185 3436 κύων
202 3367 288 3448 ἅπαξ
309 3366 464 3436 παύσαιτ’
487 3364 530 3436 ἀν
547 3383 783 3452 σκυτοτραγεῖν
801 3375 965 3451 μαθοῦσα.
989 3372 1038 3434 26.
1055 3366 1092 3435 τό

89 3464 120 3532 δ’
143 3469 258 3550 ἕτερον
278 3467 414 3553 ῥᾴδιον,
441 3463 476 3532 τό
499 3469 613 3551 μηκέτι
637 3463 796 3532 ἀνεῖσθαι
818 3472 938 3550 βιβλία.
972 3469 1094 3540 [κανῶς
