2625 4092
397 303 833 361 ΨΕΥΔΟΛΟΓΙΣΤΗΣ.
1053 300 1113 364 173

108 488 198 549 χειν,
218 461 260 538 ὡς
273 461 309 529 τὸ
326 463 387 547 μέν
402 460 506 545 ὄνομα
519 459 624 548 ήδεις,
643 459 705 546 τήν
718 465 751 528 δὲ
768 471 885 548 χρήσιυ
902 462 1005 528 αὐτοῦ
1018 463 1115 530 ἅκαι-
1132 476 1181 532 174

109 586 173 642 ρον
187 558 321 647 ήτιύσω.
345 561 425 644 φέρε
442 557 483 643 δή
499 561 551 624 καὶ
564 557 648 638 ὑπὲρ
664 559 786 625 τούτου
798 559 880 641 πρὸς
895 561 931 626 σὲ
946 558 1114 644 ἀπολογή-

109 681 210 743 σομαι
224 655 263 724 τό
279 658 403 725 εἰκότα.
423 654 465 721 σύ
480 654 515 720 δέ
531 659 704 739 προσέχειν
720 653 779 723 τόν
796 665 896 738 νοῦν,
921 663 951 724 εἰ
963 655 1006 741 μή
1023 659 1113 722 πάνυ

109 752 225 837 ὀλίγον
239 776 292 820 σοι
309 755 398 837 μέλει
414 757 475 817 τοῦ
488 751 593 837 μηδὲν
609 753 739 818 εἰδέναι.
762 757 796 820 οἰ
808 753 909 820 πύλαι
926 751 1031 820 πολλὰ
1044 779 1113 819 τοι-

109 861 194 918 αῦτα
210 848 275 933 πρό
293 848 389 937 ἡμῶν
405 848 595 932 ἀπέρριψαν
612 853 643 925 ἐς
660 849 739 928 τούς
757 853 808 917 σοὶ
826 849 961 934 ὁμοίους
981 854 1112 918 ἕκαστοι

108 947 189 1026 τούς
204 949 332 1014 τότε-
346 940 432 1031 ἦσαν
447 945 512 1032 γὰρ
529 949 583 1014 καὶ
603 949 693 1026 τότε,
720 947 764 1026 ὠς
778 946 815 1015 τό
831 951 933 1033 εἰκός,
958 955 1116 1035 βδελυροί

108 1072 198 1124 τινες
213 1049 245 1124 ἐς
260 1044 300 1112 τὰ
314 1046 384 1131 ήθη
399 1046 454 1112 καὶ
466 1048 579 1130 μιαροὶ
594 1049 648 1111 καὶ
664 1047 843 1131 κακοήθεις
860 1046 919 1114 τόν
933 1047 1057 1129 τρόπον
1071 1086 1113 1095 -

107 1147 163 1212 καί
181 1142 198 1211 ὁ
219 1147 281 1229 μὲν
297 1143 468 1226 κόθορνόν
485 1169 559 1208 τινα
581 1140 673 1209 εἶπεν
692 1144 822 1221 εἰκάσας
839 1143 943 1212 αύτού
958 1143 1019 1211 τόν
1038 1154 1111 1231 βίον

107 1239 299 1326 ἀμφίβολον
311 1238 391 1306 ὄντα
400 1254 468 1318 τοῖς
479 1241 643 1317 τοιούτοις
654 1238 877 1326 ὑποδήμασιν,
890 1240 907 1308 ὁ
920 1244 954 1310 δὲ
968 1247 1112 1326 λυπύην,

107 1336 161 1405 ότι
172 1337 230 1416 τὰς
245 1343 416 1424 ἐκκλησίας
432 1337 632 1423 θορυβώδης
647 1335 696 1404 τόν
709 1342 819 1425 ῥήτωρ
837 1342 1070 1423 ἐπετάραττεν,
1094 1341 1111 1407 ὁ

108 1436 146 1503 δέ
162 1436 322 1522 ἑβδόμην,
338 1435 387 1502 ὅτι
403 1435 514 1518 ὥσπερ
530 1440 564 1503 οἰ
575 1441 689 1513 παῖδες
702 1440 738 1502 ἐν
753 1453 822 1514 ταῖς
837 1439 991 1523 ἑβδόμαις
1001 1438 1112 1505 κακεῖ-

107 1561 167 1613 νος
189 1538 225 1602 ἐν
247 1550 317 1613 ταῖς
334 1541 517 1622 ἐκκλησίαις
539 1541 648 1616 ἔπαιζε
670 1538 723 1602 καὶ
746 1539 873 1619 διεγέλα
896 1538 952 1601 καὶ.
976 1536 1113 1602 παιδιὰν

107 1636 250 1700 ἐποιεῖτο
272 1632 333 1717 τήν
356 1630 507 1719 σπουδήν
527 1640 589 1700 τοῦ
612 1634 730 1718 δήμου.
760 1630 804 1717 μή
828 1638 892 1720 δῷς
914 1625 977 1698 ούυ
1004 1630 1111 1716 κύμοί,

107 1725 193 1812 πρός
205 1727 396 1812 Ἀδώνιδος,
412 1732 541 1797 εἰκάσαι
552 1732 773 1815 παμπόνηρον
784 1730 984 1812 ἄνθρωπον,
999 1728 1111 1816 ἁπύση
1132 1740 1182 1795 175

108 1832 208 1913 κακίᾳ
217 1827 419 1913 σύντροφον,
430 1827 535 1915 ἡμέρᾳ
548 1828 712 1917 δυσφήμῷ
723 1829 778 1895 καὶ
787 1825 946 1917 όπαισίῷ;
964 1832 1012 1895 17.
1024 1825 1114 1912 ήμεῑς

108 1927 146 1991 δέ
161 1926 306 2003 καὶτοὺς
322 1925 451 2011 χωλούς
469 1934 514 2016 τῷ
534 1932 628 2014 δεξιῷ
646 1926 891 2011 ἐκτρεπόμεθα,
909 1927 963 1992 καὶ
974 1929 1113 2011 μάλιστα

109 2028 141 2090 εἰ
152 2023 261 2089 ἕωθεν
276 2028 407 2109 ἴδοιμεν
419 2022 550 2103 αὐτούς.
575 2020 640 2091 κόῖν
652 2034 686 2092 εἰ
692 2051 741 2102 τις
752 2026 900 2111 βάκηλον
913 2019 935 2110 ή
953 2022 1114 2109 εὐνοῦχον

109 2125 176 2188 ἰδοι
192 2117 213 2205 ή
229 2127 376 2205 πίθηκον
399 2121 505 2201 εὐθύς
520 2121 616 2202 ἐξιών
636 2131 693 2208 τῆς
709 2129 829 2206 οἰκίας,
855 2125 906 2190 ἐπὶ
927 2124 1013 2189 πόδα
1031 2121 1113 2187 ἀνα-

109 2220 243 2302 στρέφει
258 2222 313 2286 καλ
333 2222 544 2305 ἐπανέρχεται
563 2219 625 2288 ούκ
641 2217 773 2306 όμαθόις
789 2222 1035 2306 μαντευόμενος
1057 2217 1114 2297 τὰς

108 2321 295 2403 ἐφημέρους
317 2320 444 2396 ἐκείνας
465 2320 599 2402 πράξεις
620 2326 756 2388 ἔσεσθαι
783 2318 872 2410 αὑτῷ
891 2317 955 2386 ὑπὸ
978 2325 1113 2403 πονηρῷ

108 2426 155 2506 τῷ
170 2417 289 2506 πρύτῷ
306 2421 359 2485 καὶ
375 2421 540 2508 δυσφήμῷ
552 2425 796 2506 κληδονίσματι.
820 2423 855 2486 ἐν
870 2417 953 2506 ἀρχή
965 2419 1000 2486 δέ
1012 2421 1065 2485 καὶ
1078 2423 1113 2484 ἐν

107 2515 233 2598 θύραις
245 2519 296 2582 ἐπὶ
306 2524 345 2604 τή
357 2518 470 2604 πρύτη
483 2518 584 2605 ἐξόδῷ
600 2521 654 2585 καὶ
670 2521 777 2585 ἕωθεν
792 2527 851 2584 τού
863 2516 1009 2595 ἅπαντος
1020 2523 1114 2594 ἐτους

109 2624 143 2682 εἰ
154 2641 203 2692 τις
220 2620 286 2682 ἰδοι
302 2621 453 2683 κίναιδον
468 2617 522 2683 καὶ
533 2614 704 2701 ἀπόρρητα
720 2623 880 2683 ποιοῦντα
898 2619 951 2682 καὶ
966 2616 1113 2699 πασχου-

108 2741 165 2797 τα,
190 2717 350 2798 ἐπίσημον
365 2717 416 2779 ἐπὶ
433 2714 540 2801 τούτῷ
557 2716 611 2780 καί
631 2712 847 2798 ἀπερρωγότα
862 2718 917 2780 καὶ
934 2717 1113 2798 μονονουχὶ

107 2812 256 2896 τοῦνομα
280 2820 347 2879 τῶν
374 2819 481 2898 ἔργων
506 2811 618 2880 αύτῷν
647 2811 911 2898 ὀνομαζόμενον,
940 2809 1113 2878 ἀπατεῶνα

107 2912 213 2996 χόητα
233 2913 390 2993 ἐπίορκον
411 2911 556 2993 ὄλεθρον
576 2913 718 2997 κύφωνα
736 2912 927 2998 βάραθρον,
953 2908 997 2995 μή
1020 2910 1112 2998 φύχη
1135 2928 1183 2982 176

108 3007 186 3094 μηδ’
208 3009 323 3096 εἰκόση
340 3017 459 3075 τοῦτον
476 3007 648 3094 ἄποφρόδι
671 3009 792 3098 ἡμέρας
827 3013 876 3078 18.
892 3007 964 3077 ἀλλ’
983 3006 1054 3093 ούχὶ
1071 3009 1113 3075 σύ

108 3116 276 3187 τοιούτοςς
299 3106 360 3174 οὐκ
374 3104 417 3174 ἂν
438 3115 574 3189 ἔξαρνος
595 3114 724 3194 γένοιο,
748 3116 777 3176 εἰ
794 3107 858 3194 ἐγώ
879 3107 939 3196 τήν
957 3106 1114 3189 ἀνδρείαν

109 3207 183 3276 οἶδα
197 3205 259 3293 τήν
277 3209 357 3294 σήν,
373 3206 409 3285 ὅς
427 3234 462 3291 γε
479 3209 533 3275 καὶ
546 3212 631 3293 μέγα
647 3223 787 3292 φρονεῖν
801 3211 853 3274 ἐπὶ
867 3208 973 3296 τούτῷ
985 3233 1040 3292 μοι
1057 3210 1113 3273 δο-

108 3323 192 3391 κεῖς,
209 3305 259 3374 ότι
271 3306 315 3392 μή
328 3306 514 3375 ἀπόλλυταί
526 3305 610 3392 σοιή
626 3307 705 3384 δόξα
719 3313 786 3371 τῶν
799 3312 921 3390 ἔργων,
939 3303 1022 3372 ἀλλὰ
1035 3313 1113 3370 πᾶσι

109 3411 208 3490 δήλος
224 3403 254 3471 εἰ
267 3407 322 3472 καὶ
340 3405 544 3491 περιβόητος.
578 3413 607 3472 εἰ
622 3407 657 3471 δὲ
676 3407 729 3473 καὶ
747 3402 847 3489 ὁμόσε
862 3404 1042 3488 χωρήσειας
1060 3408 1112 3470 καὶ

109 3501 271 3589 ἀρνήσαιο
286 3503 330 3589 μή
346 3513 495 3581 τοιοῦτος
509 3502 609 3583 εἶναι,
625 3510 691 3568 τίσι
707 3501 805 3568 πιστὰ
823 3503 923 3582 ἐρε1ς;
936 3516 1004 3577 τοῖς
1019 3509 1114 3568 πολί-
