2625 4092
356 312 475 370 ΠΕΡΙ
496 311 592 368 Tor
611 309 773 368 OIKOY.
1004 306 1064 370 181

51 471 121 558 γύρ
139 494 192 540 σοι
207 479 275 540 τῶν
295 478 365 538 σῶν
385 475 494 556 ἔργων
508 466 548 536 τά
564 465 720 555 ὀνόματα.
746 467 830 536 ὥστε
846 465 916 550 ῶρα
933 466 997 554 ἤδη
1011 474 1062 538 καλ

56 579 160 640 ταῦτα
181 584 422 654 συκοφαντεῖν,
450 575 481 637 εί
499 566 542 655 μὴ
564 575 683 656 τριπλῇ
708 569 762 636 καὶ
785 574 949 654 τετραπλῇ
969 586 1022 635 σοι
1044 566 1065 656 ή

54 667 212 755 ἀποφρὰς
226 670 397 736 ἐκτέτικεν.
421 674 515 734 αίτιῶ
529 663 561 733 δ’
575 659 638 734 ούν
652 663 796 733 σεαυτόν
812 668 864 734 ἐπὶ
878 673 996 733 πᾶσιν·
1020 661 1064 744 ῶς

54 765 119 853 γὰρ
143 764 160 834 ὁ
185 765 285 845 καλός
301 763 486 851 Εὐριπίδης
506 769 616 851 λέγειν
637 775 777 849 είωθεν,
799 762 965 850 ἀχαλίνων
987 785 1065 831 στο-

53 865 170 950 μάτων
194 866 250 931 καλ
274 861 471 949 ἀφροσύνης
491 865 547 931 καὶ
573 861 712 950 ἀνομίας
733 861 770 930 τό
792 869 883 940 τέλος
905 868 1063 949 δυστυχία

52 969 211 1047 γίγνεται.

281 1299 432 1367 ΠΕΡΙ
472 1299 838 1366 ΤΟΥΟΙΚΟῬ

138 1463 166 1527 l.
185 1457 267 1528 Εἶτα
285 1457 496 1543 Ἀλέξανδρος
511 1463 572 1544 μὲν
593 1457 806 1544 ἐπεθύμησεν
822 1463 858 1526 έν
875 1467 920 1548 τῷ
937 1462 1060 1552 Κύδνῳ

55 1558 242 1626 λούσασθαι
260 1559 364 1626 καλόν
385 1560 491 1625 τεκαὶ
514 1562 634 1643 διαυγῆ
651 1555 711 1624 τόν
727 1557 878 1645 ποταμόν
900 1557 983 1628 ίδῶυ
1005 1563 1061 1629 καλ

50 1653 212 1740 ἀσφαλῶς
228 1653 344 1743 βαθύν
358 1659 412 1724 καὶ
429 1663 605 1742 προσηνῶς
619 1653 703 1735 ὀξύν
723 1660 778 1726 καὶ
792 1660 959 1744 νήξασθαι
973 1656 1060 1745 ἡδύν

50 1759 108 1826 καὶ
122 1758 246 1837 θέρους
257 1756 327 1848 ῶρμ
342 1758 489 1844 ψυχρόν,
507 1755 590 1824 ῶστε
601 1759 656 1824 καὶ
668 1759 720 1824 ἐπὶ
734 1758 890 1847 προδήλφ
905 1765 945 1844 τῇ
957 1758 1058 1849 νόσφ,

48 1852 96 1939 ἢν
110 1854 270 1939 ἐνόσησεν
288 1851 346 1920 ἀπ’
363 1853 484 1939 αὐτοῦ,
508 1859 602 1920 δοκεῖ
613 1880 669 1939 μοι
691 1851 752 1921 ούκ
770 1850 812 1921 ἀν
833 1863 894 1922 τοῦ
915 1863 1059 1939 λουτροῦ
1114 1879 1117 1885 ’

47 1950 275 2039 ἀποσχέσθαι,
294 1951 387 2020 οἶκον
398 1956 437 2020 δέ
446 1979 495 2030 τις
509 1949 592 2019 ίδῶν
603 1954 739 2037 μεγέθει
747 1956 903 2038 μέγιστον
911 1955 966 2022 καὶ
978 1951 1058 2020 κύλ-

47 2059 102 2119 λει
118 2050 296 2118 κάλλιστον
307 2052 362 2116 καί
373 2076 458 2133 φωτι
447 2049 695 2134 φαιδρότατον
709 2052 763 2118 καὶ
774 2059 885 2140 χρυσῷ
901 2051 1059 2119 στιλπνό-

48 2166 152 2215 τατον
166 2150 220 2215 και
233 2141 377 2267 γραφαίς
388 2146 622 2233 ἀνθηρότατον
634 2145 697 2216 οῦκ
711 2143 755 2215 ἀν
771 2151 988 2236 ἐπιθυμήσειε
999 2149 1059 2216 λό

48 2271 133 2332 γους
148 2243 242 2312 ἐν’
201 2272 290 2335 αυτφ
277 2249 504 2330 διαθέσθαι,
526 2253 555 2315 εί
526 2247 666 2332 ετύχοι
687 2249 762 2328 περὶ
775 2249 915 2326 τούτους
932 2253 1058 2328 διατρί-

46 2352 137 2432 βων,
161 2346 217 2410 καί
237 2314 489 2430 ἐνευδοκιμῆσαι
511 2347 565 2413 καὶ
587 2347 885 2430 ἐλλαμπρύνασθαι
902 2347 956 2413 και
978 2351 1059 2431 βοής

46 2445 212 2526 ἐμπλῆσαι
234 2445 288 2510 καί
311 2440 354 2519 ῶς
370 2449 420 2510 ε”νι
434 2444 576 2529 μάλιστα
592 2446 646 2510 καί
667 2440 767 2520 αὐτός
782 2448 881 2529 μέρος
896 2451 956 2510 τοῦ
974 2443 1057 2510 κάλ-

45 2549 130 2616 λους
146 2536 251 2606 αύτού
272 2542 448 2626 γενέσθαι,
473 2539 555 2607 ἀλλά
573 2539 821 2626 περισκοπήσας
839 2539 984 2627 ἀκριβῶς
1003 2541 1057 2607 καὶ

46 2636 230 2720 θαυμάσας
244 2637 351 2722 μόνον
366 2636 477 2704 ἀπεισι
492 2635 610 2721 κωφόν
625 2634 731 2704 αὐτόν
743 2639 798 2705 καὶ
814 2635 938 2722 ἀλογον
955 2663 1058 2702 κατα-

44 2732 158 2802 λιπῶν
182 2735 264 2820 μήτε
283 2735 475 2818 προσεικῶν
495 2736 577 2821 μήτε
598 2733 848 2820 προσομιλήσας
873 2733 983 2817 ῶσπερ
1008 2760 1058 2812 τις

45 2828 229 2920 ἀναυδοςή
242 2827 364 2923 φθόνῳ
376 2841 506 2901 σιωπᾶν
517 2833 688 2919 έγνωκῶς;
710 2841 740 2902 2.
753 2829 941 2916 Ἡράκλεις,
958 2827 1001 2910 ῶς
1016 2828 1057 2896 ού

45 2931 236 3015 φιλοκάλου
251 2929 342 3008 τινός
358 2929 435 2998 ούδὲ
450 2929 578 3016 περὶτὰ
595 2928 828 3016 εὐμορφότατα
844 2933 1003 3015 ἐρωτικοῦ
1018 2925 1055 2994 τὸ

46 3036 164 3114 ἔργον,
189 3027 343 3115 ἀγροικία
360 3031 396 3098 δὲ
417 3027 523 3116 πολλή
544 3031 599 3098 καὶ
615 3026 830 3112 ἀπειροκαλία
847 3030 900 3096 καί
921 3030 1056 3110 προσέτι

46 3153 83 3212 γε
103 3123 249 3212 ἀμουσία
265 3135 334 3194 τῶν
354 3125 498 3214 ἡδίστων
514 3126 619 3195 αὐτόν
635 3125 798 3207 ἀπαξιοῦν
819 3130 873 3196 καὶ
891 3134 958 3193 τῶν
975 3133 1057 3193 καλ-

47 3231 168 3294 λίστων
186 3223 374 3306 ἀποξενοῦν
393 3226 507 3313 καὶμὴ
528 3231 679 3298 συνιέναι
701 3227 744 3306 ῶς
760 3226 820 3313 ούχ
837 3225 854 3294 ὁ
871 3224 1056 3310 αῦτδςπερλ

43 3321 85 3391 τά
95 3325 251 3410 θεάματα
260 3324 364 3411 νόμος
376 3327 522 3403 ίδιῶταις
532 3353 567 3393 τε
578 3327 632 3394 καὶ
643 3328 919 3410 πεπαιδευμένοις
927 3321 1056 3407 ἀνδρα-

43 3443 118 3508 σιν,
141 3420 224 3502 ἀλλά
241 3438 309 3500 τοῖς
324 3423 386 3508 μὲν
399 3421 528 3508 ἀπόχρη
549 3423 586 3491 τό
603 3421 720 3491 κοινόν
734 3432 831 3492 τοῦτο
849 3428 933 3492 ίδεῖν
947 3423 1056 3504 μόνον

44 3520 100 3588 καὶ
115 3524 312 3606 περιβλέψαι
330 3523 385 3588 καί
405 3519 450 3588 τῶ
472 3519 639 3606 ὀφθαλμῶ
659 3536 885 3608 περιενεγκεῖν
901 3517 1056 3600 καὶπρὸς
