2625 4092
219 275 261 338 24
576 278 866 338 AOYKIANOT

219 446 376 524 ραλαβων
394 437 457 524 ε’γῶ
474 434 682 520 σκυθρωπόν
697 444 744 506 ἔτι
760 453 828 515 τοῖς
843 447 976 516 πολλοῖς
991 442 1155 504 δοκοῦντα
1171 443 1224 506 καὶ

219 535 284 605 ὑπό
312 547 379 605 τῶν
406 544 557 622 συνεχῶν
580 537 774 623 ἐρωτήσεων
796 537 1058 622 κατεσκληκότα,
1090 538 1143 603 καὶ
1171 540 1224 602 δια

218 643 317 703 τοῦτο
333 638 503 720 αἰδέσιμον
520 638 581 720 μὲν
601 634 684 703 εἶναι
701 641 884 718 δοκοῦντα,
910 634 951 701 ού
966 636 1074 719 πάντη
1090 635 1127 702 δὲ
1140 632 1226 720 ἡδύν

144 741 202 796 834
221 730 301 800 οὐδὲ
315 748 382 810 τοῖς
400 735 544 818 πλήθεσι
558 736 815 819 κεχαρισμένον,
831 740 964 815 πρῶτον
980 735 1041 817 μὲν
1056 731 1160 798 αὐτόν
1175 733 1225 798 επὶ
1301 768 1302 793 1

220 837 280 916 γης
295 838 425 915 βαίνειν
448 842 559 898 είθισα
580 837 612 910 ἐς
634 830 694 900 τόν
712 831 933 914 ἀνθρώπινον
949 841 1069 898 τούτου
1091 834 1225 918 τρόπον,
1301 846 1302 855 ’

220 928 301 1013 μετὰ
318 931 354 996 δὲ
371 928 431 996 τόν
452 929 581 1015 αύχμόν
600 928 662 997 τόν
682 927 792 998 πολύν
812 929 1008 1008 ἀποπλύνας
1025 933 1079 997 καὶ
1097 932 1227 1014 μειδιᾶν

220 1031 472 1115 καταναγκάσας
487 1029 569 1115 ηδίω
581 1046 648 1108 τοῖς
663 1029 766 1113 ὁρῶσι
777 1031 1021 1114 παρεσκεύασα,
1036 1030 1087 1096 ἐπί
1100 1035 1179 1095 πᾶσι
1191 1027 1228 1094 δὲ
1302 1018 1303 1041 ἶ

219 1123 282 1213 τὴν
302 1131 480 1217 κωμῳδίαν
500 1126 590 1214 αύτῷ
612 1133 792 1211 παρέζευξα
814 1131 868 1195 καὶ
884 1125 967 1195 κατά
984 1138 1083 1194 τούτο
1100 1126 1228 1211 πολλήν
1303 1176 1304 1185 .

219 1230 254 1294 oi
274 1227 513 1311 μηχανώμενος
530 1223 592 1310 την
611 1226 749 1294 εὔνοιαν
765 1224 855 1308 παρά
877 1233 945 1293 τῶν
962 1223 1172 1309 ἀκουόντων,
1196 1229 1229 1290 οἳ

218 1327 299 1402 τέως
315 1323 372 1401 τὰς
388 1322 542 1402 ἀκάνθας
559 1323 617 1402 τάς
631 1329 669 1392 ἐν
688 1323 778 1412 αὐτῶ
797 1325 942 1402 δεδιότες
960 1322 1071 1406 ῶσπερ
1088 1321 1147 1388 τόν
1162 1323 1228 1406 ἐχῖ-

219 1447 282 1490 νον
298 1425 329 1499 ἐς
346 1419 404 1500 τάς
423 1437 532 1508 χεῖρας
553 1430 668 1510 λαβεῖν
686 1420 791 1490 αύτδν
807 1424 1040 1508 ἐφυλάττοντο.
1071 1418 1143 1489 ἀλλ’
1161 1417 1228 1505 ἐγῶ

219 1518 281 1588 οἷδ’
299 1518 384 1602 όίπερ
395 1520 537 1606 μάλιστα
548 1530 649 1589 λυπεῖ
660 1519 776 1606 αύτόν,
792 1520 842 1588 ὄτι
858 1519 902 1606 μὴ
914 1518 954 1587 τά
969 1527 1107 1606 γλίσχρα
1118 1523 1230 1586 ἐκεῖνα

219 1619 274 1686 καὶ
296 1618 397 1684 λεπτά
421 1617 572 1704 κάθημαι
593 1617 677 1701 πρὸς
700 1616 804 1685 αὐτόν
824 1619 1167 1704 σμικρολογούμενος,
1201 1623 1231 1684 εἰ

219 1715 388 1794 ἀθάνατος
404 1715 423 1801 η
441 1715 528 1804 ψυχὴ
548 1719 601 1784 καὶ
619 1717 725 1794 πόσας
742 1718 884 1794 κοτύλας
898 1714 916 1783 ὁ
931 1717 1029 1796 θεός,
1054 1712 1154 1781 ὁπότε
1167 1711 1231 1781 τόν

220 1816 348 1900 κόσμον
360 1817 625 1898 κατεσκευάζετο,
637 1822 694 1900 τῆς
705 1812 845 1900 ἀμιγοῦς
857 1811 1005 1881 καὶκατὰ
1017 1811 1121 1880 ταύτά
1131 1813 1230 1898 ε’χού-

220 1933 280 1999 σης
294 1911 409 1990 ούσιάς
426 1915 555 1998 ἐνέχεεν
570 1916 602 1989 ἐς
617 1911 677 1979 τὸν
692 1919 857 1998 κρατῆρα,
880 1913 917 1978 ἐν
932 1904 960 2001 ᾧ
973 1908 1013 1978 τά
1030 1911 1138 1976 πάντα
1155 1912 1229 1977 έκε-

220 2012 384 2094 ράννυτο,
405 2014 460 2079 καὶ
477 2017 507 2078 εί
523 2008 726 2097 ἡῬητορικη
749 2017 919 2096 πολιτικῆς
934 2016 1055 2095 μορίου
1076 2013 1231 2091 εῖδωλον,

219 2115 391 2186 κολακείας
408 2106 445 2177 τό
461 2113 626 2194 τέταρτον.
650 2116 755 2195 χαίρει
770 2107 834 2194 γὰρ
850 2106 912 2176 ούκ
925 2106 987 2174 οἷδ’
1001 2105 1091 2185 ὅπως
1106 2103 1144 2172 τά
1157 2130 1233 2172 τοικ

144 2220 200 2278 8³⁵
221 2215 305 2274 αὐτα
321 2216 532 2294 λεπτολογῶν
546 2211 701 2290 καθάπερ
719 2213 754 2276 ολ
767 2206 829 2295 τὴν
845 2208 964 2292 ψώραν
978 2205 1083 2293 ἡδέως
1097 2204 1231 2289 κνῶμε-

220 2331 290 2385 νοι.
311 2307 365 2373 καὶ
379 2303 415 2372 τό
432 2306 620 2391 φρόντισμα
634 2304 700 2392 ἡδύ
717 2305 806 2396 αὐτῷ
822 2306 982 2374 δοκεῖκαὶ
996 2306 1079 2389 μέγα
1095 2318 1231 2388 φρονεῖ.
1308 2390 1309 2393 ¹

217 2397 262 2488 ἢν
282 2406 414 2489 λέγηται
436 2401 480 2481 ως
501 2401 544 2471 ού
565 2401 688 2482 παντός
711 2402 834 2486 ἀνδρός
853 2409 920 2471 ἐστι
941 2408 1091 2472 συνιδεῖν
1111 2400 1132 2468 όί
1153 2405 1229 2482 περὶ

218 2508 286 2567 τῶν
298 2507 398 2569 ἰδεῶν
413 2500 594 2587 ὀξυδορκεῖ.
615 2510 719 2569 ταῦτα
732 2502 857 2588 δηλαδὴ
873 2506 927 2570 καὶ
937 2500 1018 2584 παρ’
1033 2505 1116 2586 ἐμοῦ
1126 2498 1233 2568 ἀπαι-

219 2613 270 2667 τεῖ
283 2601 336 2668 καὶ
352 2599 392 2667 τά
405 2599 507 2684 πτερά
524 2605 633 2669 ἐκεῖνα
647 2608 737 2687 ζητεῖ
746 2603 800 2669 καὶ
815 2600 885 2667 ἀνω
898 2605 1011 2687 βλέπει
1025 2598 1066 2667 τά
1078 2597 1141 2682 πρὸ
1155 2613 1234 2668 τοῖν

219 2702 338 2765 ποδοῖν
353 2696 414 2784 ούχ
429 2696 527 2782 ὁρῶν.
551 2703 620 2768 ἐπεὶ
633 2707 701 2767 τῶν
715 2727 753 2786 γε
767 2699 879 2768 ἀλλων
891 2702 988 2768 ἕνεκα
1004 2699 1066 2767 ούκ
1081 2695 1125 2765 ἀν
1136 2696 1233 2784 οἶμαι

219 2797 383 2881 μέμψαιτό
399 2824 473 2882 μοι,
496 2797 538 2878 ῶς
560 2801 742 2885 θοιμάτιον
756 2807 854 2866 τοῦτο
872 2797 908 2865 τὸ
922 2797 1117 2884 Ἑλληνικόν
1132 2821 1233 2878 περι-

220 2895 348 2973 σπάσας
360 2893 465 2964 αύτοῦ
477 2899 686 2985 βαρβαρικόν
697 2926 728 2964 τι
739 2903 951 2982 μετενέδυσα,
963 2900 1018 2966 καί
1028 2904 1132 2964 ταῦτα
1142 2897 1231 2984 βάρ·

220 3000 322 3078 βαρος
333 2991 433 3071 αύτός
448 2993 532 3062 εἶναι
548 3000 675 3063 δοκῶν·
698 2995 837 3082 ἠδίκουν
852 2995 916 3080 γάρ
931 2991 976 3061 ἀν
991 2992 1031 3062 τά
1046 3002 1184 3062 τοιαῦτα
1197 2997 1236 3073 ἐς

219 3087 324 3156 αὐτὸν
338 3101 543 3178 παρανομῶν
559 3096 613 3160 καὶ
633 3091 696 3178 τὴν
715 3094 858 3176 πάτριον
869 3098 993 3179 ἐσθῆτα
1012 3097 1234 3161 λωποδυτῶν.

220 3186 466 3276 ἀπολελόγημαι
484 3190 527 3270 ῶς
542 3190 690 3260 δυνατόν
705 3195 792 3278 ἐμοί·
815 3191 910 3278 ὑμεῖς
924 3192 960 3260 δὲ
977 3189 1097 3277 ὁμοίαν
1111 3199 1151 3280 τῇ
1163 3191 1233 3258 πά-

219 3294 273 3352 λαι
287 3287 348 3373 τὴν
364 3297 478 3375 ψῆφον
491 3293 652 3376 ἐνέγκατε.

303 3393 354 3456 35.
372 3397 475 3458 ΕΡΜ.
496 3399 618 3477 Βαβαῖ,
641 3394 721 3458 δέκα
737 3390 828 3469 ὅλαις
847 3404 992 3473 κρατεῖς·
1013 3387 1112 3476 ὁγὰρ
1128 3389 1237 3468 αὐτὸς

218 3486 343 3564 ἐκεῖνος
360 3483 376 3550 ὁ
395 3487 497 3555 πάλαι
513 3486 591 3554 οὐδὲ
608 3496 674 3556 νῦν
693 3487 870 3575 ὁμόψηφός
886 3492 961 3556 ἐστι.
990 3486 1103 3574 ἀμέλει
1120 3489 1237 3578 τούτῳ
