2625 4092
231 297 294 364 388
583 249 891 361 ΛοΓΚΙΑΝου

231 462 420 547 ξυλλαβών,
450 459 576 529 ὁπόταν
603 467 725 543 ταῦρος
750 452 805 545 ής,
838 456 860 544 ἢ
885 467 953 525 τῶν
973 461 1169 546 χρυσοχόων
1191 488 1230 537 τις

231 560 471 645 κατεργάσηται
484 556 611 645 χρυσόν
628 554 726 641 ὄντα,
742 558 797 623 καὶ
813 554 887 626 ἀντὶ
900 556 984 636 Διός
998 556 1019 644 ἢ
1035 554 1172 645 όρμοςή
1181 561 1233 640 φέ-

162 676 213 735 5³2
232 666 307 725 λιον
326 652 348 744 ή
367 655 520 744 ἐλλόβιον
540 653 619 743 ἡμῖν
643 659 733 744 γένη.
767 653 855 741 πλήν
874 655 959 725 άλλά
973 658 1186 744 ἐμπέπληκάς
1202 683 1233 742 γε

232 754 291 824 τὸν
315 754 463 838 ούρανόν
484 762 552 823 τῶν
569 753 721 841 ἡμιθέων
741 754 886 821 τούτων·
920 752 962 824 ού
980 754 1046 841 γάρ
1068 752 1113 823 άυ
1136 754 1234 831 ἄλλως

232 866 363 939 εἴποιμι.
393 854 448 921 καὶ
465 850 501 922 τό
525 860 661 938 πρᾶγμα
681 852 896 937 γελοιότατόν
917 856 1025 938 ἐστιν,
1050 852 1180 921 ὁπόταν
1194 880 1235 929 τις

231 955 329 1041 ἄφνω
344 951 472 1040 ἀκούσῃ
487 950 537 1019 ότι
559 948 578 1021 δ
594 949 759 1036 Ἡρακλῆς
771 949 835 1034 μὲν
850 948 934 1030 θεὸς
947 949 1148 1037 ἀπεδείχθη,
1170 949 1188 1019 ὁ
1205 953 1237 1017 δὲ

231 1049 448 1137 Εὐρυσθεύς,
474 1046 510 1129 ὃς
531 1051 704 1117 ἐπέταττεν
722 1044 831 1135 αύτῷ,
856 1051 999 1133 τέθνηκε
1022 1052 1078 1115 καί
1098 1055 1238 1135 πλησίον

225 1148 428 1234 Ἡρακλέους
449 1144 533 1225 νεώς
556 1150 686 1214 οἰκέτου
708 1144 805 1223 ὄντος
826 1147 881 1214 καὶ
903 1144 1112 1230 Εὐρυσθέως
1136 1148 1239 1232 τάφος

231 1257 293 1318 τοῦ
307 1247 471 1317 δεσπότου
487 1243 607 1331 αὐτοῦ,
623 1250 678 1314 καὶ
693 1249 794 1315 πάλιν
809 1250 846 1314 έν
857 1248 984 1335 θήβαις
997 1247 1170 1327 Διόνυσος
1181 1249 1238 1333 μὲν

231 1347 328 1431 θεός,
343 1349 379 1415 οί
392 1342 421 1411 δ’
438 1342 569 1425 ἀνεψιοὶ
584 1342 689 1412 αὐτοῦ
704 1342 723 1411 ὁ
737 1342 893 1422 Πενθεύς
907 1347 962 1413 καὶ
978 1343 1173 1414 ὁῖέκταίων
1187 1349 1237 1413 καὶ

232 1444 404 1531 ὁΛέαρχος
413 1442 607 1526 ἀνθρώπων
617 1439 776 1510 ’ἁπάντων
784 1446 1131 1529 κακοδαιμονέστατοι.
1144 1451 1178 1515 8.
1186 1442 1238 1527 ἀφ’

232 1537 275 1614 οὗ
291 1545 325 1611 δὲ
339 1539 424 1623 ἅπαξ
440 1544 499 1628 σύ,
517 1535 636 1627 ιδΖεύ,
652 1540 796 1632 άνέωξας
806 1556 874 1620 τοῖς
883 1543 1047 1621 τοιούτοις
1057 1540 1117 1620 τὰς
1130 1542 1240 1628 θύρας

231 1643 286 1711 καὶ
303 1642 354 1709 ἐπὶ
369 1636 565 1725 τάςθνητάς
575 1638 732 1723 ἐτράπου,
747 1636 892 1716 ἅπαντες
905 1643 1107 1724 μεμίμηνταί
1122 1661 1174 1723 σε,
1190 1642 1241 1705 καὶ

232 1736 291 1825 οὐχ
306 1738 486 1820 οίάρρενες
497 1736 620 1822 μόνον,
636 1734 729 1821 ἀλλ’,
745 1734 827 1818 ὅπερ
839 1747 1024 1822 αἰσχιστον,
1038 1738 1094 1805 καί
1106 1743 1145 1805 αἱ
1153 1746 1241 1805 θεαί

227 1843 279 1915 τίς
294 1836 357 1923 γάρ
372 1833 434 1902 οὐκ
451 1833 518 1901 οἶδε
532 1832 592 1901 τόν
610 1832 764 1919 Ἀγχίσην
782 1833 915 1902 καὶτὸν
933 1833 1091 1902 Τιθωνόν
1109 1839 1169 1905 καὶ
1187 1837 1244 1903 τόν

228 1935 433 2020 Ἐνδυμίωνα
444 1934 496 1999 καὶ
507 1930 567 1999 τόν
576 1930 726 2000 Ἰασίωνα
737 1935 791 2000 καὶ
799 1930 879 2011 τούς
888 1932 1026 2015 άλλους;
1041 1933 1244 2001 ὅστεταυτα

232 2035 293 2121 μὲν
317 2036 428 2103 ἐάσειν
457 2058 513 2118 μοι
538 2038 643 2101 δοκῶ·
681 2030 812 2117 μακρόν
832 2029 897 2118 γάρ
923 2027 967 2098 άν
992 2030 1030 2099 τό
1059 2034 1246 2119 διελέγχειν

231 2136 371 2220 γένοιτο.

316 2238 442 2301 ΖΕΥΣ.
467 2230 587 2317 Μηδὲν
598 2232 679 2313 περὶ
693 2237 753 2297 τοῦ
765 2230 998 2315 Γανυμήδους,
1017 2232 1185 2319 dmm,
1203 2241 1249 2302 εί-

232 2356 313 2420 πης·
331 2335 506 2417 χαλεπανῶ
517 2328 599 2413 γάρ,
617 2333 647 2396 ω’
659 2327 818 2413 λυπήσεις
833 2325 871 2394 τό
883 2328 1058 2413 μειράκιον
1074 2327 1249 2407 ὀνειδίσας

232 2432 265 2507 ές
278 2425 315 2496 τό
331 2430 436 2513 γένος.
767 2497 769 2501 ι

317 2534 441 2595 ΜΩΜ.
466 2522 602 2595 Οὐκοῦν
619 2524 702 2611 μηδὲ
716 2526 791 2609 περὶ
807 2531 868 2592 τοῦ
882 2521 982 2591 άετοῦ
997 2533 1099 2609 εἴπω,
1123 2522 1181 2591 ὅτι
1199 2529 1251 2592 καὶ

234 2617 331 2703 οὗτος
349 2628 443 2716 ἐντῷ
461 2622 595 2713 οὐρανῷ
610 2626 700 2691 ἐστιν
706 2673 715 2707 ,
734 2626 786 2691 ἐπὶ
801 2630 865 2690 τοῦ
881 2630 1054 2709 βασιλείου
1068 2624 1252 2708 σκήπτρου

233 2722 457 2808 καθεζόμενος
477 2725 531 2789 καὶ
547 2724 727 2808 μονονουχὶ
744 2723 795 2789 ἐπὶ
817 2721 968 2807 κεφαλήν
981 2740 1035 2787 σοι
1053 2723 1254 2789 νεοττεύων

161 2841 213 2895 533
231 2820 312 2899 θεὸς
323 2818 406 2887 εἶναι
419 2826 546 2902 domam
568 2826 597 2887 9.
608 2814 630 2905 ή
636 2822 695 2887 καὶ
707 2826 828 2886 τοῦτον
836 2827 898 2885 τοῦ
908 2818 1138 2904 Γανυμήδους
1147 2822 1254 2889 ἕνεκα

232 2920 391 3004 ε’άσομεν;
419 2916 491 2988 ἀλλ’
509 2916 526 2986 ὁ
541 2918 647 2996 ’Ἄττις
664 2944 718 3004 γε,
744 2909 771 2983 ὦ
789 2925 872 3002 Ζεῦ,
893 2920 949 2986 καὶ
970 2916 987 2984 ὁ
1004 2917 1176 3005 Κορύβας
1202 2922 1255 2985 καὶ

231 3013 249 3084 ὁ
266 3017 429 3103 Σαβάζιος
440 3016 550 3083 πόθεν
563 3016 642 3104 ἡμῖν
657 3018 987 3102 ἐπεισεκυκλήθησαν
1001 3008 1098 3082 οὗτοι
1108 3012 1133 3102 ἢ
1145 3014 1170 3085 ὁ
1184 3024 1257 3085 Μί-

230 3126 318 3201 θρης
332 3118 456 3194 ἐκεῖνος
466 3112 484 3182 ὁ
496 3120 614 3203 Μήδας
628 3112 646 3182 ὁ
659 3112 720 3183 τὸν
731 3115 862 3183 κάνδυν
874 3119 928 3181 καί
937 3114 1003 3201 τήν
1012 3114 1152 3199 τιάραν,
1174 3116 1258 3183 οὐδὲ

232 3215 410 3299 ἑλληνίζων
425 3220 465 3301 τή
480 3221 594 3301 φωνή,
610 3210 695 3279 ω’στε
705 3210 798 3298 οὐδ’,
815 3208 858 3300 ήν
871 3220 997 3301 προπίῃ
1007 3239 1072 3299 τις,
1091 3219 1260 3301 {vntum

230 3319 411 3397 τοιγαροῦν
425 3319 459 3379 οί
471 3313 609 3379 Σκύθαι
624 3314 678 3380 καὶ
694 3316 728 3380 οἱ
738 3315 837 3379 Γέται
850 3319 955 3379 ταῦτα
970 3309 1122 3395 ὁρωντες
1133 3311 1261 3379 αὐτῶν

231 3408 340 3497 μακρά
355 3407 433 3495 ἡμῖν
454 3417 581 3495 χαίρειν
603 3412 750 3487 εἰπόντες
766 3407 861 3478 αὐτοὶ
882 3407 1188 3490 άπαδανατέζουσι
1206 3412 1262 3477 καὶ

231 3516 334 3583 θεούς
347 3514 595 3592 χειροτονοῦσιν
611 3504 670 3585 οδς
686 3504 729 3574 άν
747 3510 949 3593 ἐθελήσωσι,
965 3504 1025 3573 τόν
1039 3503 1158 3575 αὐτόν
1177 3508 1260 3595 τρό
