2625 4092
378 267 497 323 ΠΕΡΙ
520 266 614 324 TOY
633 266 797 326 ΟΙΚΟΤ.
1027 266 1088 330 183

75 427 211 512 λόγους.
246 423 331 516 ήτιβ
353 424 414 512 μέν
433 422 574 511 Ἀχιλλεί
590 425 808 511 πιστεύομεν,
832 424 894 512 τήν
918 426 998 508 ὅφιν
1020 457 1088 496 τον

75 521 195 591 ὅπλων
209 526 365 592 ἐπιτεῖναι
380 521 463 590 κατὰ
477 530 546 590 των
562 530 710 608 Φρυγῶν
725 521 787 609 τήν
801 521 924 612 ὀργήν,
946 529 1000 594 καὶ
1019 531 1088 596 ἐπεὶ

75 624 177 690 ἐνέδυ
186 620 271 689 αὐτά
284 623 499 708 κειράμενος,
513 624 701 708 ἐπαρθῆναι
713 625 769 690 καὶ
779 631 993 710 πτερωθῆναι
1004 624 1088 706 πρὸς

72 719 140 807 τῆν
154 728 216 788 τοῦ
232 725 381 807 πολέμου
397 723 597 807 ἐπιθυμίαν,
615 721 719 805 λόγου
737 724 773 788 δὲ
787 719 942 808 σπουδήν
955 719 999 809 μή
1016 727 1088 790 ἐπι-

73 826 247 886 τείνεσθαι
258 817 342 902 πρὸς
351 819 457 904 κάλλη
467 826 618 904 χωρίων;
633 827 740 887 καίτοι
749 820 922 904 Σωκράτει
932 823 994 908 μὲν
1005 819 1088 890 άπέ-

72 937 178 1002 χρησε
188 917 360 986 πλατάνου
376 915 500 1003 εὐφυία
510 917 566 985 καί
576 917 644 984 πόα
658 914 806 1002 εὐθαλής
817 919 871 985 καὶ
887 918 975 1006 πηγή
989 923 1086 986 διαυ-

71 1014 136 1100 γής
152 1014 273 1101 μικρὸν
295 1012 361 1084 άπδ
382 1022 445 1083 τοῦ
460 1021 637 1100 Εἰλισσοῦ,
663 1013 839 1082 κάνταύθα
862 1018 1086 1102 καθεζόμενος

72 1119 228 1197 Φαίδρου
248 1141 283 1181 τε
307 1120 369 1181 τοῦ
388 1120 649 1199 Μυρρινουσίου
669 1112 926 1195 κατειρωνεύετο
948 1115 1002 1183 καὶ
1025 1113 1085 1183 τὸν

70 1218 206 1280 Λυσίου
225 1218 286 1279 τοῦ
305 1213 468 1298 Κεφάλου
488 1214 593 1298 λόγον
616 1211 765 1298 διήλεγχε
786 1213 841 1279 καὶ
861 1210 919 1290 τάς
940 1213 1085 1292 Μούσας

71 1309 185 1378 ἐκάλει
201 1312 256 1378 καὶ
273 1313 444 1379 ἐπίστευεν
462 1310 554 1398 ἥξειν
568 1308 672 1389 αὐτάς
688 1313 741 1379 ἐπὶ
760 1308 822 1396 τῆν
844 1313 983 1398 ἐρημίαν
999 1335 1083 1379 συν-

70 1413 318 1496 επιληψομένας
328 1419 396 1478 τῶν
406 1412 482 1493 περὶ
491 1416 552 1478 τοῦ
563 1416 685 1494 ἔρωτος
695 1409 823 1496 λόγων,
840 1411 894 1478 καὶ
907 1407 968 1477 οὐκ
979 1407 1085 1499 ῆσχύ-

69 1532 148 1573 νετο
160 1506 459 1592 γέρωνάνθρωπος
468 1515 673 1591 παρακαλῶν
684 1509 877 1592 παρθένους
886 1510 1084 1594 συνεισομέ*
1181 1503 1182 1508 ¹

69 1633 134 1687 νας
150 1603 190 1674 τά
210 1607 455 1690 παιδεραστικά.
485 1609 517 1684 ἐς
533 1605 569 1674 δὲ
590 1604 678 1674 οὕτω
699 1604 804 1675 καλὸν
818 1613 941 1693 χωρίον
959 1604 1021 1673 οὐκ
1039 1601 1084 1674 άυ

70 1708 223 1792 οἰώμεθα
234 1707 288 1774 καὶ
300 1705 464 1791 ἀκλήτους
478 1703 581 1784 αὐτάς
596 1708 726 1784 ἐλθείνς
747 1711 775 1772 5.
793 1708 847 1773 καὶ
857 1702 925 1792 μήν
941 1703 982 1773 οὐ
998 1703 1081 1772 κατά

69 1831 109 1889 γε
124 1800 223 1870 σκιάν
237 1801 346 1889 μόνην
362 1800 441 1870 οὐδὲ
461 1799 544 1870 κατά
561 1804 733 1870 πλατάνου
748 1800 903 1888 κάλλοςή
920 1799 1081 1887 ὑποδοχή,
1136 1839 1138 1845 ’

70 1899 147 1968 οὐδ’
164 1896 207 1968 άυ
220 1899 282 1986 τήν
294 1901 346 1967 ἐπὶ
360 1907 405 1991 τῷ
416 1906 560 1990 Είλισσῷ
572 1897 764 1969 καταλιπων
779 1899 840 1988 τήν
853 1903 1013 1986 βασιλέως
1025 1904 1080 1970 λέ·
1099 1905 1150 1960 193

68 2027 131 2088 γης
144 1998 207 2087 τήν
219 2006 364 2085 χρυσῆν·
387 2003 514 2085 ἐκείνης
528 2001 590 2086 μὲν
605 1999 669 2086 γάρ
685 2003 722 2068 έν
733 2007 773 2090 τῆ
787 2006 981 2086 πολυτελείᾳ
993 1999 1081 2087 μόνη

68 2098 107 2165 τὸ
123 2106 258 2183 θαῦμα,
274 2103 370 2184 τέχνη
385 2102 421 2166 δὲ
434 2093 456 2184 ή
470 2099 591 2177 κάλλος
605 2095 784 2185 ῆτέριριςή
798 2096 835 2166 τὸ
852 2099 1043 2184 σύμμετρον
1058 2093 1080 2186 ή

69 2195 106 2262 τὸ
124 2192 301 2282 εὔρυθμον
318 2195 360 2263 οὐ
375 2203 592 2282 συνείργαστο
608 2195 687 2265 οὐδὲ
704 2198 919 2284 κατεμέμικτο
936 2201 981 2286 τῷ
997 2220 1081 2281 χρυ-

69 2303 136 2383 σῷ,
158 2293 231 2364 ἀλλ’
256 2288 300 2381 ήυ
316 2295 523 2384 βαρβαρικὸν
536 2293 573 2362 τό
588 2299 716 2383 θέαμα,
739 2302 883 2372 πλοῦτος
901 2294 1009 2381 μόνον
1025 2296 1080 2362 καὶ

69 2395 204 2479 φθόνος
225 2403 294 2462 τῶν
314 2396 457 2463 ἰδόντων
478 2397 533 2462 καὶ
549 2393 808 2481 εὐδαιμονισμὸς
826 2403 894 2462 τῶν
917 2393 1077 2479 ἐχόντων·

25 2537 28 2542 -
69 2503 205 2574 ἔπαινος
221 2495 256 2563 δέ
271 2492 424 2580 οὐδαμοῦ
437 2501 582 2579 προσῆν·
604 2491 684 2562 οὐδὲ
698 2491 762 2580 γάρ
774 2499 869 2580 ἔμελε
880 2507 949 2572 τοῖς
959 2490 1077 2576 Ἀρσα-

68 2601 176 2673 κίδαις
192 2602 260 2662 τῶν
277 2602 389 2662 καλῶν
409 2591 489 2662 οὐδὲ
505 2591 590 2676 πρὸς
612 2589 648 2660 τδ
667 2591 812 2677 τερπνὰν
829 2595 1005 2661 ἐποιοῦντο
1020 2589 1080 2671 τάς

68 2700 240 2773 ἐπιδειξεις
264 2691 342 2761 οὐδ’
363 2693 559 2779 ἐφρόντιζον
585 2697 616 2760 εἰ
634 2693 865 2759 ἐπαινέσονται
888 2697 922 2760 ολ
947 2698 1077 2777 θεαταί,

67 2793 142 2864 ἀλλ’
159 2793 250 2874 ὅπως
264 2796 544 2882 ἐκπλαγήσονται·
567 2790 609 2860 οὐ
624 2792 801 2877 φιλόκαλοι
816 2790 898 2878 γάρ,
921 2789 1006 2860 άλλά
1019 2817 1080 2876 φι·

66 2896 252 2963 λόπλουτοί
263 2901 347 2962 είσιν
364 2900 398 2962 οί
409 2895 583 2982 βάρβαροι.
616 2900 645 2960 6.
662 2892 785 2959 τούτου
801 2895 837 2959 δὲ
853 2898 915 2959 τοῦ
929 2900 1026 2960 οίκου
1040 2888 1077 2958 τδ

66 2995 189 3072 κάλλος
199 2991 241 3060 οὐ
252 2989 335 3060 κατὰ
349 2992 576 3080 βαρβαρικούς
586 3019 679 3070 τινας
689 2989 889 3078 ὀφθαλμούς
904 2989 983 3059 οὐδὲ
993 2988 1078 3059 κατὰ

65 3091 238 3179 Περσικήν
253 3088 481 3177 άλαζουείαυή
495 3093 672 3179 βασιλικήν
686 3096 911 3178 μεγαλαυχίαν
927 3088 1006 3157 οὐδὲ
1017 3091 1077 3158 πέ-

66 3219 166 3279 νητος
189 3192 313 3278 μόνον,
334 3189 418 3260 ἀλλὰ
441 3191 591 3277 εὐφυοῦς
608 3197 735 3260 θεατοῦ
758 3191 919 3276 δεόμενον
939 3192 995 3257 καὶ
1011 3187 1077 3279 ὅτφ

65 3290 109 3378 μῆ
128 3296 166 3358 ἐν
179 3297 219 3380 τῇ
234 3289 309 3371 ὄψει
323 3288 344 3377 ή
360 3297 482 3375 κρίσις,
500 3289 584 3359 άλλά
596 3317 644 3368 τις
655 3291 712 3358 καὶ
722 3286 1077 3376 λογισμδςέπακολου·

64 3402 123 3460 θεῖ
135 3406 205 3470 τοῖς
221 3393 446 3478 βλεπομένοις.
469 3387 506 3456 τὸ
520 3388 586 3475 γάρ
600 3397 658 3475 τῆς
671 3414 708 3456 τε
718 3385 841 3476 ἡμέρας
852 3387 935 3474 πρὸς
945 3385 982 3456 τὸ
994 3386 1077 3456 κάλ-

65 3500 179 3559 λιστον
195 3489 396 3576 ἀποβλέπειν
411 3529 454 3540 -
470 3490 649 3558 κάλλιστον
671 3487 707 3556 δέ
723 3486 826 3574 αὐτῆς
844 3489 898 3555 καὶ
914 3485 1077 3554 ποθεινό-
