2625 4092
227 312 268 375 76
579 313 885 371 AOYKIANOY

225 467 455 556 Ιἀμιλλεόμενος
477 468 560 554 πρδς
587 468 647 537 τόν
668 478 825 554 παίοντα,
859 468 902 549 ὡς
923 472 1084 554 πρότερος
1105 468 1240 556 ἀπαγο·

227 568 386 651 ρεύσειεν.

310 672 360 733 39.
378 672 512 735 ΑΝΑΧ.
537 662 573 734 Ὁ
588 673 785 751 Λυκοῦργος
801 666 837 733 δέ
851 667 907 733 καὶ
921 664 1036 749 αύτός,
1058 660 1085 733 ὦ
1099 666 1239 751 Σόλων,

224 762 441 847 ἐμαστιγοῦτο
467 760 522 848 ἐφ’
545 761 689 849 ἡλικίας,
717 759 739 849 ή
762 764 993 847 ἐκπρόθεσμος
1020 758 1069 831 ἀν
1087 762 1152 849 ήδη
1174 771 1241 830 τοῦ

225 855 356 943 ἀγῶνος
373 856 531 944 ἀσφαλῶς
548 857 739 927 τὰτοιαῦτα
756 860 1007 940 ἐνεανιεύσατο;

310 963 411 1023 ΣΟΛ.
434 958 631 1043 Πρεσβύτης
646 956 712 1043 ήδη
727 954 776 1022 ἀν
793 963 918 1044 ἔγραψε
933 954 1012 1034 τούς
1027 958 1154 1042 νόμους
1170 955 1239 1024 αύ-

224 1065 293 1129 τοῖς
304 1053 485 1138 Κρήτηθεν
500 1050 718 1139 ἀφικόμενος·
741 1052 986 1139 ἀποδεδημήκει
1002 1054 1038 1120 δὲ
1054 1052 1144 1136 παρά
1155 1052 1241 1132 τούς

224 1156 373 1233 Κρήτας,
396 1142 446 1218 ότι
466 1150 591 1237 ἤκουεν
612 1150 865 1237 εὐνομωτάτους
885 1149 986 1235 εἶναι,
1014 1158 1150 1228 Μίνωος
1172 1158 1240 1217 τοῦ

224 1247 309 1327 Διδς
324 1252 614 1336 νομοθετήσαντος
629 1256 666 1318 ἐν
680 1250 801 1328 αὐτοῖς.

308 1355 446 1416 ΑΝΑΧ.
473 1355 515 1416 Τί
530 1342 612 1433 οὖν,
637 1342 664 1415 ἀ
685 1350 823 1433 Σόλων,
849 1346 922 1433 οὐχί
945 1350 1000 1415 καί
1023 1344 1239 1443 σύέμιμήσω

223 1452 425 1531 Λυκοῦργον
434 1447 489 1513 καλ
499 1461 669 1532 μαστιγοῖς
680 1445 758 1524 τούς
769 1448 884 1526 νέονς;
896 1443 981 1513 καλά
991 1440 1055 1530 γάρ
1064 1447 1118 1512 καὶ
1128 1452 1237 1513 ταῦτα

223 1544 279 1610 καὶ
293 1542 367 1622 ἀξια
382 1542 478 1629 ὑμῶν
492 1547 591 1612 ἐστιν.

154 1657 204 1713 921
308 1648 411 1711 ΣΟΛ.
443 1640 514 1709 Ὅτι
537 1640 617 1732 ἡμῖν
639 1642 756 1727 ίκανά,
787 1634 1028 1725 ιδ’Λνάχαρσι,
1060 1647 1164 1707 ταῦτα
1192 1640 1235 1707 τὰ

223 1738 393 1824 γυμνάσια
415 1746 518 1807 οίκεῖα
539 1738 635 1807 όντα·
668 1746 790 1826 ζηλοῦν
818 1741 854 1807 δὲ
874 1738 915 1806 τά
938 1736 1050 1819 ξενικά
1077 1738 1118 1806 ού
1139 1739 1238 1806 πάνυ

223 1832 392 1921 ἀξιοῦμεν.

307 1940 443 2003 ΑΝΑΧ.
468 1934 558 2021 Ούκ,
577 1936 661 2006 ἀλλά
677 1943 809 2021 συνίης,
825 1934 933 2022 οἶμαι,
948 1936 1023 2004 οἶόν
1037 1941 1072 2003 τί
1084 1938 1152 2003 ἐστι
1166 1962 1235 2021 μοι·

224 2038 422 2117 στιγοῦσθαι
438 2033 570 2119 γυμνὸν
592 2034 662 2101 ἀνω
682 2035 740 2111 τὰς
758 2048 868 2119 χεῖρας
889 2037 1067 2116 ἐπαίροντα
1089 2031 1237 2119 μηδενός
1300 2041 1301 2086 T

222 2130 319 2195 ἕνεκα
339 2127 508 2216 ὠφελίμου
531 2130 552 2218 ή
573 2132 664 2223 αύτῷ
683 2128 848 2221 ἑκάστφή
870 2139 1030 2219 κοινήτή
1051 2131 1157 2199 πόλει.
1190 2128 1236 2208 ὠς

223 2230 326 2312 ἔγωγε
345 2226 389 2312 ήν
403 2253 482 2296 ποτε
503 2232 694 2316 ἐπιδημήσω
715 2237 755 2317 τῇ
770 2231 928 2317 Σπάρτη,
951 2227 1032 2295 καθ’
1050 2226 1090 2294 δν
1112 2227 1235 2311 καιρόν

222 2332 326 2392 ταῦτα
341 2330 461 2412 δρῶσι,
483 2334 573 2397 δοκοί
587 2356 643 2415 μοι
665 2330 800 2413 τάχιστα
817 2327 1152 2412 καταλευσθήσεσθαι
1172 2334 1234 2412 δη-

222 2431 321 2513 μοσίᾳ
348 2424 433 2507 πρός
456 2424 587 2510 αὐτῶν,
619 2432 782 2512 ἐπιγελῶν
809 2428 975 2508 ἑκάστοις,
1010 2421 1138 2491 ὁπόταν
1162 2422 1235 2505 ὁρῶ
1300 2476 1302 2492 ;

221 2526 447 2609 τυπτομένους
470 2528 624 2609 καθάπερ
646 2529 786 2601 κλέπτας
805 2520 827 2608 ή
848 2523 1042 2601 λωποδύτας
1062 2522 1084 2608 ή
1100 2550 1131 2590 τι
1149 2522 1233 2592 ἄλλο

221 2631 374 2689 τοιοῦτον
389 2626 642 2710 ἐργασαμένους.
666 2623 810 2709 ἀτεχνῶς
824 2621 888 2707 γάρ
903 2623 1084 2709 ἐλλεβόρου
1098 2627 1239 2691 δεῖσθαί

222 2741 278 2808 μοιΙ
296 2727 390 2790 δοκεῖ
407 2721 539 2808 ἡπόλις
556 2722 669 2791 αὐτῶν
691 2721 780 2789 οὕτω
797 2723 1021 2805 καταγέλαστα
1042 2718 1106 2806 ὑφ’
1128 2720 1235 2807 αὐτῆς

222 2822 404 2906 πάσχουσα.

306 2924 356 2985 40.
376 2927 478 2987 ΣΟΛ.
495 2918 555 3005 Μή
568 2920 705 3006 ἐρήμην,
721 2912 902 3003 ἀγενναῖε,
918 2919 1000 3003 μηδὲ
1015 2926 1083 2984 τῶν
1094 2916 1234 3002 ἀνδρῶν

222 3014 379 3084 ἀπόντων
394 3018 498 3102 μόνος
508 3015 608 3095 αύτός
623 3021 729 3103 λέγων
742 3028 817 3086 οίου
831 3032 980 3100 κρατεῖν·
1002 3023 1093 3084 ἐσται
1106 3018 1172 3102 γάρ
1184 3044 1235 3096 τις

221 3111 239 3181 ὁ
262 3117 316 3181 καὶ
333 3112 418 3197 ὑπὲρ
435 3116 573 3182 ἐκείνων
590 3136 643 3183 σοι
663 3114 703 3182 τά
722 3118 832 3184 εἰκότα
854 3120 891 3184 ἐν
907 3115 1047 3203 Σπάρτη
1069 3115 1231 3199 ἀντερῶν.

222 3212 309 3297 πλήν
323 3209 396 3280 ἀλλ’
416 3215 548 3297 ἐπείπερ
566 3211 629 3297 ἐγοδ
645 3212 686 3281 τὰ
699 3213 842 3300 ἡμέτερά
858 3239 910 3283 σοι
927 3215 1165 3301 διεξελήλυθα,
1189 3213 1235 3281 σύ

222 3312 257 3379 δὲ
275 3309 316 3377 ού
331 3312 423 3378 πάνυ
437 3310 649 3401 ἀρεσκομένῳ
668 3310 781 3392 αὐτοῖς
795 3322 922 3399 ἔοικας,
945 3313 1008 3382 οὐκ
1022 3312 1121 3382 ἄδικα
1138 3315 1234 3399 αίτή-

222 3430 294 3478 σειν
311 3416 401 3477 ἔοικα
418 3408 507 3491 παρά
523 3418 585 3478 σού
600 3408 644 3489 ὡς
658 3414 713 3478 καί
728 3411 827 3492 αὐτὸς
841 3418 879 3481 ἐν
893 3424 938 3503 τῷ
952 3418 1044 3498 μέρει
1060 3417 1235 3500 διεξέλθῃς

222 3509 306 3593 πρός
320 3535 361 3594 με
376 3505 416 3575 δν
427 3509 554 3591 τρόπον
567 3506 661 3594 ὑμεῖς
673 3513 707 3576 οί
715 3511 853 3579 Σκύθαι
864 3516 1027 3578 διασκεῖτε
1042 3508 1122 3589 τούς
1135 3514 1235 3589 νέους
