2625 4092
224 256 287 317 368
586 258 886 320 ΛΟΥΚΙΑΝΟΤ

224 416 374 507 θυλάκῳ.
405 424 455 487 ll.
473 422 610 503 παρέντι
626 415 667 504 δή
687 415 747 497 τάς
760 416 904 504 Ἀθήνας
920 424 1088 506 ἐκδέχεται
1107 418 1170 488 τόν
1185 424 1235 487 λό-

225 542 287 602 γον
302 514 410 602 πατήρ
426 518 640 603 τριήραρχος,
666 520 791 602 χρυσία
810 520 930 604 κρηπὶς
949 518 1032 586 κατά
1046 523 1236 601 Πίνδαρον·

225 616 266 683 ού
280 614 344 702 γάρ
361 608 405 701 ῆν
425 613 586 702 Ἀθήνησι
603 613 836 700 λαμπρότερον
850 619 1030 707 τιμήματος
1044 644 1236 704 τριηραρχι-

224 724 297 783 κοῦ.
321 721 351 783 εί
361 719 396 783 δὲ
407 723 469 782 τοῦ
477 717 784 800 Δημοσθένους-ἔτι
794 720 916 803 κομιδῆ
931 714 1047 795 παιδός
1059 716 1164 794 ὄντος
1175 720 1237 783 ἐτε-

156 828 207 879 500
227 812 342 898 λεύτα,
365 807 426 898 τῆν
447 810 615 898 ὀρφανίαν
636 810 678 879 ού
696 812 879 898 συμφοράν
901 812 1134 899 ὑποληπτέον,
1160 813 1238 883 άλλδ

225 913 323 997 δόξης
339 910 507 979 ὑπόθεσιν
523 908 560 978 τό
578 919 636 997 τῆς
650 914 785 997 φύσεως
803 928 962 998 γενναῖον
976 911 1240 980 άποκαλυπτού-
1290 965 1291 968 ¹

225 1030 293 1095 σης.
323 1016 371 1078 12.
383 1008 532 1096 Ὁμήρου
547 1010 609 1096 μὲν
630 1004 695 1077 οὖν
715 1010 792 1077 οὔτε
811 1017 989 1079 παίδευσιν
1003 1008 1076 1077 οὔτ’
1097 1010 1239 1097 ἄσκησιν

224 1108 337 1197 μνήμῃ
352 1106 433 1175 καθ’
450 1114 600 1192 ἱστορίαν
610 1110 881 1197 παρειλήφαμεν,
898 1108 972 1177 ἀλλ’
987 1108 1099 1188 εὐθύς
1109 1108 1240 1195 ἀνάγκη

224 1215 293 1275 τεόν
309 1212 455 1276 ἐπαίνων
470 1206 635 1276 ἅπτεσθαι
658 1216 725 1275 τῶν
746 1206 806 1275 ὑπ’
829 1208 935 1278 αὐτοῦ
952 1212 1242 1295 δεδημιουργημέ-

227 1332 312 1388 νων,
335 1306 422 1393 ύλην
439 1310 479 1375 ’ἐκ
495 1314 621 1394 τροφῆς
638 1312 693 1376 καὶ
714 1311 849 1396 μελέτης
868 1312 923 1377 καλ
945 1313 1168 1387 διδασκαλίας
1185 1306 1241 1373 οὐκ

225 1413 358 1491 έχοντα,
375 1405 453 1493 μηδ’
468 1400 533 1475 οὖν
543 1410 595 1475 ίπὶ
605 1405 836 1495 τήνἩσιόδου
852 1408 988 1494 δάφνην
998 1407 1241 1493 καταφυγόντι

226 1505 288 1592 τήν
303 1508 465 1595 ῥαθύμως
485 1511 539 1575 καλ
558 1522 626 1585 τοῖς
644 1512 778 1593 ποιμέσι
800 1515 868 1575 των
889 1512 980 1575 ἐπῶν
998 1509 1240 1574 ἐπιπνέουσαν.

225 1608 279 1673 σοὶ
294 1608 330 1673 δὲ
345 1609 493 1675 ἐνταῦθα
510 1606 551 1693 δή
563 1630 630 1674 που
645 1604 751 1685 πολύς
765 1604 856 1692 μὲνὸ
872 1612 1142 1688 Καλλίστρατος,
1161 1613 1241 1687 λαμ-

225 1702 310 1786 πρός
328 1707 363 1771 δὲ
387 1702 404 1773 ὁ
425 1705 622 1792 κατάλογος,
648 1701 861 1790 Ἀλκιδάμας,
884 1702 1090 1788 Ἰσοκράτης,
1116 1700 1241 1783 Ἰσαῖος,

225 1799 445 1889 Εὐβουλίδης.
457 1811 588 1888 μυρίων
597 1806 658 1889 μὲν
667 1804 901 1889 ἐφελκομένων
911 1799 1073 1887 Ἀθήνησι
1084 1807 1162 1866 των
1171 1798 1240 1885 ἡδο

225 1909 296 1967 νῶν
312 1903 367 1968 καὶ
382 1900 461 1980 τούς
478 1910 703 1988 πατρονομίας
718 1900 880 1986 ἀνάγκαις
895 1897 1163 1983 ὑποκειμένους,
1188 1926 1240 1965 τα-

224 2008 313 2085 χείας
328 2002 364 2069 δὲ
384 2000 489 2087 ούσης
505 2016 573 2079 τοις
590 2014 771 2087 μειρακίοις
785 2007 844 2086 τῆς
860 1996 987 2084 ἡλικίας
1001 2004 1048 2075 είς
1067 1996 1132 2075 τὰς
1154 1998 1240 2079 θρύ

225 2112 298 2178 ψεις
315 2098 577 2183 ύπολισθάνειν,
593 2094 704 2180 παρόν
719 2096 749 2164 δ’
765 2094 856 2185 αύτῷ
870 2093 942 2163 κατ’
955 2099 1114 2175 ἐξουσίαν
1125 2094 1242 2180 κωμά·

227 2202 294 2277 ζειν
310 2200 346 2264 ἐκ
360 2204 418 2283 τῆς
431 2204 500 2264 τῶν
517 2198 707 2280 ἐπιτρόπων
721 2194 913 2282 ὀλιγωρίας,
929 2192 948 2262 ό
964 2201 1022 2280 τῆς
1037 2201 1242 2278 φιλοσοφίας

225 2298 353 2381 καὶτῆς
370 2304 538 2380 πολιτικῆς
553 2293 672 2382 άρετῆς
686 2310 814 2381 κατεῖχε
831 2294 957 2375 πόθος,
980 2289 1017 2370 ὃς
1036 2287 1153 2359 αύτόυ
1164 2287 1242 2378 ἦγεν

225 2394 287 2462 ούκ
306 2398 357 2463 έπλ
372 2394 429 2472 τάς
439 2397 592 2481 Φρύνης,
607 2392 683 2463 ἀλλ’
698 2399 751 2465 έπλ
761 2395 820 2473 τὰς
829 2393 1077 2479 Ἀριστοτέλους
1087 2397 1150 2461 καὶ
1161 2402 1243 2463 Θεο-

225 2494 378 2578 φράστου
390 2496 444 2560 καὶ
453 2495 685 2579 Ξενοκράτους
696 2498 751 2563 καλ
759 2494 941 2571 Πλάτωνος
950 2493 1073 2576 θύρας.
1093 2498 1150 2560 13.
1164 2490 1241 2560 κάν-

226 2589 328 2657 ταύθ’
346 2590 404 2675 ἄν,
430 2584 458 2659 ὦ
470 2596 633 2679 βέλτιστε,
656 2600 920 2683 φιλοσοφολςτῷ
943 2592 1033 2681 λόγῳ
1055 2590 1179 2671 διττὰς
1194 2590 1242 2660 ἐπ’

156 2705 207 2759 ⁶01
229 2688 424 2772 ἀνθρώποις
445 2692 581 2773 ἐροίτιιν
602 2690 752 2778 ἀγωγάς,
777 2689 840 2779 τῆν
861 2692 924 2778 μὲν
942 2698 1136 2759 θαλαττίου
1158 2689 1243 2766 τινός

227 2793 348 2870 ἔρωτος
367 2788 570 2874 παράφορόν
588 2815 623 2856 τε
643 2792 699 2857 καὶ
722 2787 843 2875 ἀγρίαν
867 2791 922 2856 καὶ
945 2794 1193 2872 κνμαίνουσαν
1213 2790 1243 2854 έν

226 2894 332 2975 ψυχῇ,
361 2886 554 2973 Ἀφροδίτης
574 2890 752 2975 πανδήμου
774 2890 931 2956 κλύδωνα
954 2889 1244 2972 φλεγμαινούσας

226 2989 314 3051 νέων
325 2981 443 3069 ὁρμαῖς
452 2984 644 3072 αὐτόχρημα
654 2987 848 3070 θαλάττιον,
860 2984 923 3071 τῆν
934 2986 970 3053 δὲ
979 2982 1156 3067 οὐρανίου
1166 3010 1242 3071 χρυ-

226 3091 285 3167 σῆς
307 3109 397 3160 τινος
417 3092 529 3167 σειρᾶς
551 3086 658 3170 ἕλξιν,
683 3082 726 3150 ού
745 3086 827 3167 πυρὶ
843 3086 899 3152 καλ
918 3084 1025 3162 τόξοις
1046 3085 1243 3151 ἐντιθεῖσαν

226 3185 407 3257 δυσαλθελς
422 3180 544 3258 νόσους
564 3182 779 3267 τραυμάτων,
804 3179 879 3250 ἀλλ’
900 3181 952 3249 ε’πλ
970 3178 1034 3266 τήν
1048 3178 1169 3248 αὐτοῦ
1189 3185 1245 3247 τοῦ

226 3280 371 3355 κάλλους
388 3277 554 3365 άχραντόν
566 3307 602 3349 τε
616 3283 671 3350 καὶ
686 3280 844 3364 καθαράν
858 3284 953 3349 ἰδέαν
966 3282 1174 3364 έξορμῶσαν
1184 3307 1245 3366 μα-

226 3382 282 3465 νίᾳ
296 3374 449 3460 σώφρονι
464 3383 533 3443 τῶν
553 3387 687 3465 ψυχῶν,
711 3378 811 3464 ,,όσαι
828 3376 937 3465 Ζηνός
954 3373 1054 3463 ἐγγύς
1077 3380 1140 3447 καὶ
1154 3386 1245 3447 θεοῖν

227 3472 461 3560 ἆγχίσποροι,“
478 3476 610 3563 φησλνὸ
626 3478 789 3563 τραγικός.
814 3485 862 3545 14.
878 3484 975 3560 ἔρωτι
990 3474 1031 3558 δὴ
1047 3477 1172 3545 πάντα
1186 3477 1245 3545 πό-
