2625 4092
288 266 408 321 ΠΕΡΙ
432 266 527 321 ΤΗΣ
545 266 732 321 ΣΤΡΙΗΣ
752 264 885 323 ΘΕΟΤ.
1029 264 1091 325 359

86 431 126 511 δη
141 431 188 493 ἔτι
205 419 314 510 τοιήδε
332 423 488 509 ἀνέστηκε
508 439 614 491 τοῖσιν
631 420 901 507 ἀπικνεομένοισι
915 422 1091 512 τήνἨρην

85 522 282 591 ἱλάσκεσθαι
303 523 506 589 δεικνύουσα
531 525 585 589 καὶ
604 519 691 589 θεόν
711 520 821 589 οὐκέτι
843 522 987 607 ἑωυτήν,
1016 520 1087 590 ἀλλ’

84 624 217 706 ἐκείνην
238 617 471 704 ὁμολογέουσα.
514 624 563 686 40.
581 618 671 686 εἶδον
692 619 727 687 δέ
748 622 802 686 καὶ
821 617 944 688 αὐτόθι
959 620 1091 707 Ἑλένης

83 716 216 801 άγαλμα
239 718 293 783 καὶ
309 712 449 804 Ἑκάβης
472 719 525 783 καὶ
544 714 767 802 Ἀνδρομάχης
789 721 845 784 καὶ
863 719 1011 802 Πάριδος
1036 722 1090 785 καὶ

17 886 18 897 2
83 813 240 895 ’Έκτορος
259 815 313 882 καὶ
332 811 508 900 Ἀχιλλέως.
543 812 632 881 εἶδον
655 814 762 882 δὲκαὶ
783 820 913 897 Νιρέως
935 818 1010 895 ἕδος
1029 823 1090 884 τοῦ

17 912 24 989 “,
79 913 232 999 Ἀγλαΐης
251 914 304 981 καὶ
319 916 513 999 Φιλομήλην
528 916 582 981 καὶ
596 914 758 998 Πρόκνην
773 919 819 979 ἔτι
836 930 1011 1000 γυναῖκας,
1035 916 1090 981 καὶ

83 1009 191 1077 αὐτόν
208 1014 315 1096 Τηρέα
334 1010 473 1096 ὄρνιθα,
496 1012 549 1078 καὶ
568 1010 648 1078 άλλο
672 1010 802 1097 ἄγαλμα
815 1014 1021 1099 Σεμιράμιος
1035 1015 1090 1082 καὶ

21 1182 24 1187 ,
83 1109 270 1195 Κομβάβου
287 1107 323 1175 τὸ
345 1112 515 1190 κατέλεξα,
537 1111 591 1175 καὶ
613 1114 840 1194 Στρατονίκης
860 1110 965 1192 κάρτα
985 1107 1090 1179 καλὸν

16 1205 19 1216 “
82 1210 139 1273 καὶ
158 1204 377 1288 Ἀλεξάνδρου
398 1204 487 1295 αὐτῷ
503 1209 618 1295 έκείνφ
640 1215 760 1273 ἴκελον.
788 1204 878 1290 παρά
899 1210 938 1273 δέ
951 1212 986 1274 οἱ
996 1216 1089 1291 Σαρ-

16 1312 22 1387 Jv
82 1309 295 1386 δανάιταλλος
309 1310 447 1394 ἕστηκεν
464 1306 547 1395 άλλη
562 1314 676 1394 μορφῇ
691 1310 745 1374 καὶ
759 1305 843 1394 άλλη
856 1315 965 1395 στολῇ.
986 1312 1036 1375 41.
1052 1312 1090 1376 έυ

16 1407 21 1488 f
82 1408 121 1476 δὲ
137 1416 176 1497 τῇ
192 1404 277 1494 αὐλή
296 1405 412 1492 ἄφετοι
429 1409 585 1490 νέμονται
606 1407 684 1491 βόες
698 1406 836 1490 μεγάλοι
851 1408 905 1472 καὶ
920 1409 1016 1473 ἵπποι
1033 1409 1089 1475 καὶ
1106 1420 1156 1475 483

81 1508 185 1575 αίετοὶ
206 1508 258 1572 καὶ
281 1504 395 1587 άρκτοι
415 1506 468 1572 καί
490 1508 635 1589 λέοντες,
658 1505 712 1571 καὶ
734 1502 937 1585 ἀνθρώπους
958 1501 1088 1590 οὐδαμά

14 1682 20 1692 „
81 1610 242 1684 σίνονται,
253 1601 335 1669 άλλά
347 1603 466 1679 πάντες
476 1606 544 1683 ἱροί
551 1605 587 1668 τέ
596 1608 658 1667 εἱσι
667 1604 721 1668 καὶ
730 1602 930 1686 χειροήθεες.
942 1606 993 1669 42.
1004 1605 1089 1686 ἱρέες

81 1703 121 1769 δὲ
143 1700 271 1768 αὐτοῖσι
294 1704 409 1768 πολλοὶ
430 1698 681 1785 ἀποδεδέχαται,
708 1706 775 1765 τῶν
796 1703 830 1766 οἱ
854 1699 916 1784 μὲν
936 1696 976 1765 τά
999 1699 1089 1786 ἱρήια

16 1858 19 1867 .
81 1802 286 1885 σφάζουσιν,
308 1804 342 1866 οί
354 1799 730 1882 δὲσπουδηφορέουσιν,
752 1795 847 1864 άλλοι
864 1800 900 1864 δὲ
918 1797 1089 1882 πυρφόροι

81 1902 258 1965 καλέονται
276 1898 331 1964 καὶ
348 1896 442 1964 άλλοι
465 1894 692 1980 παραβώμιοι·
719 1892 772 1961 ἐπ’
791 1897 871 1979 ἐμεῦ
886 1895 922 1961 δὲ
939 1901 1089 1973 πλείονες

14 2080 19 2085 ³
81 1997 139 2063 καὶ
154 2001 352 2080 τριηκοσίων
368 1998 400 2071 ές
415 1991 476 2080 τήν
491 2000 617 2078 θυσίην
632 1992 839 2059 ἀπικνέοντο.
863 1990 964 2079 ἐσθής
979 1994 1014 2059 δὲ
1026 1990 1088 2059 αὐ-

15 2094 17 2098 ’
81 2098 184 2161 τέοισι
204 2101 293 2160 πᾶσα
314 2093 432 2178 λευκή,
461 2092 515 2160 καὶ
539 2101 636 2158 πῖλον
660 2092 713 2157 έπὶ
733 2097 773 2176 τῇ
795 2098 924 2178 κεφαλῇ
944 2095 1087 2177 έχουσιν.

19 2186 23 2211 ⁵
79 2189 237 2277 άρχιρεύς
248 2188 284 2257 δέ
296 2187 394 2267 ἄλλος
408 2189 548 2257 ἑκάστου
560 2195 648 2265 ἔτεος
659 2191 874 2273 ἐπιγίγνεται,
890 2190 1089 2274 πορφυρέην

14 2281 22 2312 ²'
80 2316 118 2357 τε
142 2295 267 2374 μοῦνος
294 2280 391 2365 οὗτος
415 2290 529 2373 φορέει
556 2289 610 2355 καὶ
635 2287 733 2374 τιάρη
757 2289 881 2375 χρυσέη
905 2286 1088 2355 ἀναδέεται.

79 2393 134 2455 43.
151 2391 219 2453 ἔστι
237 2386 273 2451 δὲ
288 2386 342 2451 καὶ
356 2382 437 2453 άλλο
460 2392 588 2470 πλῆθος
605 2383 800 2468 ἀνθρώπων
820 2389 903 2470 ἱρῶν
917 2383 1089 2472 αὐλητέων

79 2511 118 2551 τε
132 2486 187 2551 καὶ
202 2486 386 2567 συριστέων
397 2485 451 2551 καὶ
460 2484 616 2567 Γάλλων,
633 2487 688 2550 καὶ
700 2497 856 2569 γυναῖκες
871 2484 1042 2568 ἐπιμανέες
1052 2508 1087 2549 τε

14 2573 18 2606 ²
79 2586 137 2650 καὶ
155 2585 406 2667 φρενοβλαβέες.
430 2586 480 2647 44.
499 2589 603 2668 θυσίη
616 2582 651 2649 δὲ
668 2585 716 2660 δὶς
731 2583 868 2667 ἑκάστης
881 2579 1003 2667 ἡμέρης
1015 2583 1088 2648 ἐπι-

79 2685 241 2761 τελέεται,
265 2682 297 2756 ές
313 2678 375 2765 τήν
394 2680 514 2758 πάντες
535 2678 759 2747 ἀπικνέονται.
792 2684 848 2749 Διὶ
870 2682 932 2764 μέν
947 2672 995 2747 &v
1011 2678 1084 2746 κατ’

14 2773 17 2778 ’
79 2778 224 2865 ἡσυχίην
235 2779 382 2845 θύουσιν
393 2777 470 2845 οὐτε
483 2777 648 2856 ἀείδοντες
663 2777 740 2845 οὐτε
751 2777 936 2856 αὐλέοντες.
960 2771 1029 2845 εὖτ’
1043 2773 1087 2844 άν

14 2861 21 2906 ἱ
80 2877 118 2944 δὲ
134 2884 173 2964 τῇ
187 2875 272 2963 Ἤρη
290 2874 533 2960 κατάρχωνται,
561 2872 713 2943 άείδονσί
724 2902 760 2942 τε
780 2879 835 2944 καὶ
856 2873 1013 2943 αὐλέουσι
1032 2879 1087 2942 καὶ

14 2964 20 3004 ³
79 2975 226 3058 κρόταλα
241 2977 478 3056 έπικροτέουσι.
502 2982 559 3042 καί
572 3000 628 3058 μοι
644 2975 766 3041 τούτου
780 2976 855 3055 πέρι
871 2976 974 3057 σαφὲς
987 2970 1088 3042 οὐδέν

14 3069 20 3148 ἶ
81 3079 187 3140 εἰπεῖν
203 3072 375 3138 ἐδύναντο.
404 3077 454 3139 45.
471 3076 538 3138 έστι
554 3072 590 3138 δέ
604 3074 659 3140 καὶ
674 3079 772 3158 λίμνη
788 3069 926 3157 αὐτόθι,
948 3068 990 3138 οὐ
1003 3079 1088 3138 πολ-

17 3192 20 3201 ’
81 3175 144 3245 λόν
158 3175 234 3257 έκάς
246 3185 307 3246 τοῦ
328 3183 419 3266 ίρού,
442 3182 479 3247 έν
498 3186 537 3267 τῇ
552 3180 669 3266 ίχθύες
690 3183 755 3265 ἱροὶ
775 3182 955 3267 τρέφονται
968 3184 1085 3250 πολλοὶ

80 3280 139 3347 καὶ
152 3283 353 3359 πολυειδέες.
384 3287 556 3366 γίγνονται
571 3283 609 3349 δὲ
622 3279 753 3349 αὐτέων
767 3288 851 3349 ἔνιοι
865 3280 969 3370 κάρτα
983 3281 1084 3370 μεγά-
1095 3298 1145 3353 484

15 3369 17 3399 ³
80 3390 152 3451 λοι·
175 3372 267 3450 οὗτοι
292 3383 328 3451 δὲ
342 3384 399 3450 καὶ
418 3379 586 3470 οὐνόματα
601 3390 713 3471 ἔχουσι
726 3386 782 3451 καὶ
796 3389 948 3472 ἔρχονται
967 3384 1084 3453 καλεό-

14 3468 19 3582 L
80 3510 187 3571 μενοι.
216 3481 268 3552 ἐπ’
285 3488 365 3571 έμεύ
380 3486 420 3553 δέ
430 3510 479 3564 τις
493 3491 552 3569 ἔην
566 3487 603 3553 έν
616 3482 763 3554 αὐτέοισι
778 3489 1033 3574 χρυσοφορέων,
1049 3490 1086 3555 έν
