2625 4092
243 304 306 367 ³54
596 308 900 367 AOYKIANOY

243 468 357 552 μηκέτι
374 468 466 555 ἑτέρη
488 465 573 555 γυνὴ
592 476 647 535 ἰσα
663 469 880 545 ἐξαπατέοιτο.
911 464 971 552 ἥδε
991 473 1081 553 αἰτίη
1096 467 1250 536 Γάλλοισι

204 622 206 627 .
243 571 360 650 στολῆς
370 567 502 651 θηλέης.
519 566 703 652 Κομβάβου
712 566 775 649 μέν
784 590 840 649 μοι
850 564 971 631 τοσάδε
982 566 1154 651 εἰρήσθω·
1169 566 1251 635 Γάλ-

243 669 312 730 λων
327 661 363 729 δέ
378 656 471 741 αὖτις
485 660 548 749 έγιὸ
564 662 651 753 λόγῳ
666 660 793 751 ὑστέρῳ
808 662 1015 749 μεμνήσομαι
1025 672 1135 749 τομῆς
1149 692 1185 732 τε
1197 665 1252 730 αό-

243 763 338 844 τέωυ,
355 756 441 837 ὅκως
457 760 649 846 τάμνονται,
665 762 718 826 καὶ
734 767 841 845 ταφῆς
852 757 967 845 ὁκοίην
980 760 1190 845 θάπτονται,
1205 766 1253 827 καὶ

244 855 321 924 ὅτευ
338 858 449 923 εἵνεκα
465 860 497 934 ές
511 854 547 923 τὸ
564 856 639 940 ἰρδν
654 854 716 923 οὐκ
733 859 937 942 ἐσέρχονται·
959 860 1133 945 πρότερον
1150 863 1192 929 δέ
1203 886 1252 945 μοι

242 953 354 1041 θυμὸς
369 962 473 1024 εἰπεῖν
488 958 603 1034 θέσιός
616 982 651 1023 τε
668 961 744 1039 πέρι
758 963 818 1022 τοῦ
833 963 921 1042 νηοῦ
929 960 983 1024 καὶ
994 959 1188 1043 μεγάθεος,
1205 959 1251 1024 καὶ

244 1060 325 1141 δῆτα
342 1058 431 1137 ἐρέω.
461 1060 511 1123 28.
531 1052 548 1121 ὁ
564 1054 627 1141 μέν
640 1064 746 1141 χοῖρος
759 1053 875 1141 αὐτός,
897 1058 994 1144 ἐντῷ
1009 1054 1046 1123 τδ
1062 1055 1146 1139 ίρὸυ
1160 1061 1253 1141 ἵδρυ-

242 1180 313 1234 ται,
336 1154 440 1239 λόφος
455 1157 538 1237 ἐστί,
560 1158 668 1222 κέεται
684 1159 719 1221 δὲ
736 1151 818 1220 κατά
833 1154 936 1239 μέσον
949 1162 1006 1240 τῆς
1023 1154 1147 1233 πόλιος
1162 1156 1253 1241 μάλι-

243 1271 321 1335 στα,
340 1258 397 1319 καί
406 1256 439 1320 οί
447 1258 551 1337 τείχεα
563 1250 637 1320 δοιά
648 1254 847 1335 περικέαται.
870 1258 937 1318 τῶν
949 1252 984 1318 δὲ
995 1255 1136 1337 τειχέων
1148 1250 1188 1319 τδ
1199 1252 1255 1336 μὲν

243 1347 397 1435 ἀρχαίου,
425 1349 462 1417 τδ
485 1352 521 1419 δέ
543 1349 585 1419 οὐ
608 1349 735 1419 πολλδν
753 1348 864 1435 ἡμέων
884 1350 1128 1436 πρεσβύτερον.
1166 1348 1207 1416 τά
1224 1352 1255 1415 δὲ
1297 1357 1298 1414 λ

243 1447 434 1529 προπύλαια
448 1458 509 1515 τοῦ
530 1454 607 1534 ίροῦ
628 1452 662 1526 ές
676 1445 801 1534 ἀνεμον
819 1449 942 1534 βορέην
962 1444 1188 1514 ἀποκέκλιται
1202 1449 1255 1531 με’-
1297 1475 1298 1534 j

176 1566 225 1622 474
244 1555 350 1632 γαθος
366 1543 447 1611 ὅσον
464 1572 498 1613 τε
514 1544 632 1614 έκατὸν
647 1544 828 1631 ὀργυιέων·
849 1548 887 1612 έν
901 1545 1046 1611 τούτοισι
1064 1559 1159 1612 τοῖσι
1177 1570 1255 1627 προ-

244 1650 413 1712 πυλαίοισι
425 1646 478 1711 καί
493 1650 527 1713 οἰ
535 1647 654 1730 φαλλοὶ
670 1646 795 1728 ἑστᾶσι,
811 1642 890 1721 τοὺς
900 1642 1070 1719 Διόνυσος
1083 1643 1255 1728 ἐστήσατο,
1297 1671 1298 1738 χ

243 1738 375 1827 ἡλικίην
386 1745 439 1809 καὶ
452 1744 520 1809 οἵδε
533 1741 711 1828 τριήκοντα
722 1739 894 1827 ὀργυιέων.
917 1745 949 1817 ἐς
963 1744 1113 1808 τουτέων
1125 1739 1191 1809 τδυ
1202 1743 1254 1807 ἕνα
1297 1755 1298 1760 ’

244 1837 374 1924 φαλλὸν
398 1837 483 1927 ἀυὴρ
503 1841 643 1908 ἑκάστου
663 1845 752 1918 έτεος
773 1840 823 1917 δίς
846 1837 1016 1925 ἀνέρχεται
1035 1841 1142 1907 οἰκέει
1164 1866 1202 1906 τε
1223 1843 1255 1905 ἐν

244 1938 336 2029 ἀκρφ
351 1946 396 2029 τῷ
419 1948 534 2029 φαλλῷ
550 1940 675 2026 χρόνον
694 1936 774 2007 ἑπτά
789 1935 948 2023 ἡμερέων.
982 1943 1068 2022 αἰτίη
1090 1941 1134 2004 δέ
1149 1944 1188 2005 οί
1205 1944 1256 2021 της

244 2036 371 2105 ἀνόδου
389 2035 448 2124 ἡδε
462 2041 606 2124 λέγεται·
629 2042 665 2106 σι’
675 2038 735 2123 μέν
752 2039 868 2105 πολλοὶ
884 2042 1076 2123 νομίζουσιν
1095 2034 1152 2103 ὅτι
1168 2035 1256 2116 ὑψοῦ

244 2152 328 2204 τοῖσι
343 2146 474 2203 θεοῖσιν
489 2134 611 2221 ὁμιλέει
626 2136 681 2203 καί
694 2132 806 2220 ἀγαθά
818 2132 908 2222 πάση
919 2140 1029 2220 Συρίη
1038 2135 1163 2213 αἰτέει,
1180 2138 1217 2201 οί
1224 2133 1255 2199 δὲ

245 2244 312 2303 τῶν
328 2234 497 2320 εὐχωλέων
513 2234 660 2320 ἀγχόθεν
676 2236 857 2302 ἐπαΐουσιν.
880 2232 1009 2299 ἀλλοισι
1024 2230 1060 2298 δὲ
1074 2234 1192 2297 δοκέει
1206 2234 1253 2298 καὶ

245 2333 323 2400 τάδε
342 2340 577 2411 Δευκαλίωνος
600 2336 711 2400 εἵνεκα
732 2334 906 2399 ποιέεσθαι
926 2333 1052 2414 ἐκείνης
1079 2335 1255 2414 ξυμφορῆς

244 2432 414 2518 μνήματα,
430 2428 526 2498 ὁκότε
541 2434 573 2498 οἰ
586 2428 763 2514 άνθρωποι
778 2433 811 2510 ἐς
824 2428 864 2497 τά
875 2428 977 2511 οάρεα
992 2430 1045 2495 καὶ
1055 2430 1090 2504 ἐς
1103 2426 1148 2493 τά
1162 2454 1254 2511 περι·

244 2532 350 2617 μήκεα
365 2536 432 2598 τῶν
449 2533 614 2610 δενδρέων
628 2528 746 2617 ήεισαν
761 2526 798 2597 τὸ
812 2526 939 2596 πολλὸν
953 2526 1045 2608 ὕδωρ
1060 2524 1254 2610 ὀρρωδέον-

243 2656 305 2707 τες.
330 2628 401 2713 ἐμοί
418 2628 478 2711 μέν
497 2652 562 2691 νυν
577 2628 630 2693 καὶ
644 2626 724 2692 τάδε
739 2623 898 2694 ἀπίθανα.
923 2628 1028 2692 δοκέω
1042 2652 1081 2709 γε
1091 2627 1159 2711 μὲν
1170 2638 1254 2695 Διο-

245 2727 338 2816 νύσῳ
350 2725 454 2809 σφέας
464 2723 519 2790 καὶ
533 2723 609 2790 τάδε
621 2727 763 2810 ποιέειν,
779 2725 1010 2813 συμβάλλομαι
1022 2725 1057 2792 δὲ
1068 2729 1253 2792 τουτέοισι·

245 2820 395 2911 φαλλοὺς
405 2820 478 2889 ὅσοι
489 2821 648 2911 Διονόσφ
661 2826 862 2910 ἐγείρουσιν,
877 2827 915 2890 έν
929 2838 1013 2891 τοῖσι
1029 2831 1191 2908 φαλλοῖσι
1202 2827 1254 2891 καὶ

243 2922 369 3005 ἀνδρας
387 2925 541 3001 ξυλίνους
560 2927 765 3005 κατίζουσιν,
792 2921 869 2990 ὅτευ
890 2922 953 3008 μέν
974 2925 1086 2990 εἵνεκα
1101 2922 1172 3007 ἐγω
1194 2922 1255 2990 οὐκ

174 3038 225 3095 475
246 3024 336 3106 ἐρέω.
360 3022 470 3088 δοκέει
486 3019 517 3086 δ’
537 3012 585 3086 ἀν
600 3047 675 3106 μοι,
696 3023 751 3089 καὶ
767 3020 824 3089 ὁδε
843 3025 875 3099 ἐς
890 3024 1022 3089 ἐκείνου
1037 3027 1181 3108 μίμησιν
1195 3032 1254 3089 του

246 3124 383 3199 ξυλίνου
404 3116 527 3203 ἀνδρὸς
549 3118 727 3205 ἀνέρχεται.
760 3127 811 3189 29.
830 3117 850 3206 ἡ
875 3124 915 3188 δέ
931 3125 966 3188 ολ
982 3118 1104 3197 ἄνοδος
1124 3123 1253 3206 τοιήδε·

246 3226 340 3306 σειρῇ
355 3224 455 3305 μικρῇ
471 3218 598 3286 ἑωυτόν
613 3246 648 3286 τε
669 3217 737 3305 άμα
752 3222 807 3287 καὶ
828 3217 888 3286 τδν
901 3218 1032 3305 φαλλὸν
1048 3221 1253 3304 περιβάλλει
1292 3197 1293 3278 ἰ

246 3313 327 3401 μετά
343 3316 379 3381 δέ
395 3318 556 3401 ἐπιβαίνει
567 3317 678 3395 ξύλων
688 3325 874 3402 προσφυῶν
889 3325 935 3407 τῷ
951 3325 1068 3406 φαλλῷ
1083 3316 1253 3395 ὁκόσονές

245 3413 358 3497 χώρην
373 3409 479 3492 άκρου
500 3414 617 3491 ποδός·
646 3412 752 3481 ἀνιιὸυ
768 3417 804 3481 δέ
822 3414 889 3499 ἀμα
906 3412 1087 3501 ἀναβάλλει
1102 3412 1170 3499 την
1184 3437 1253 3481 σει-

245 3506 309 3592 ρὴν
325 3505 567 3592 ἀμφοτέρωθεν
581 3510 733 3597 ὅκωσπερ
747 3510 917 3598 ἡνιοχέων.
940 3518 971 3581 εἰ
983 3514 1022 3580 δέ
1031 3538 1082 3589 τις
1095 3514 1175 3579 τόδε
1194 3516 1253 3594 μὲν
1291 3563 1292 3568 1
