2625 4092
213 257 233 319 2
580 257 870 319 AOYKIANOY

146 434 196 492 793
216 425 258 488 ἐῶ
280 424 390 507 λέγειν
412 418 518 488 ὁπόσα
541 422 592 488 ἐπὶ
613 426 711 507 πείρᾳ
732 427 789 505 τῆς
807 427 967 505 μαντικῆς
991 424 1222 505 ἐπιτεχνῶνται

216 519 305 612 αὐτῷ
319 518 437 602 άρνεια
454 521 533 599 κρέα
546 521 601 586 καὶ
612 519 757 603 χελώνας
771 522 804 595 ἐς
816 515 853 586 τό
869 516 950 586 αύτό
967 519 1119 600 ἕψοντες·
1140 517 1224 586 ὥστε

216 625 245 685 εί
258 614 302 703 μὴ
315 615 377 703 τὴν
388 619 464 701 ῥῖνα
475 613 553 696 ὀξύς
567 609 627 702 ἦν,
645 611 711 682 κάν
725 615 877 700 ἀπῆλθεν
889 613 994 683 αὐτοῦ
1009 613 1150 694 ὁΛυδός
1161 644 1224 684 κα-

214 723 371 802 ταγελῶν.
394 713 412 781 δ
428 715 490 802 μέν
505 712 569 800 γάρ
584 711 778 798 Ἀσκληπιός
795 711 859 781 ὑπό
877 722 945 781 τῶν
959 713 1153 782 νοσούντων
1167 717 1224 781 ἐν-

216 815 416 901 οχλούμενος
430 813 493 902 ὁρῇ
512 839 547 880 τε
567 811 660 880 δεινά
673 813 830 897 θιγγάνει
846 840 881 879 τε
901 809 1031 898 ἀηδέων
1052 810 1102 879 ἐπ’
1122 811 1237 887 ἀλλο-1

214 921 325 1002 τρίησί
340 940 375 980 τε
392 918 602 999 ξυμφορησιν
618 915 702 988 ἰδίας
717 919 903 994 καρποῦται
917 912 1032 990 λύπας.
1056 918 1090 979 τί
1102 908 1167 996 γάρ
1179 905 1224 976 ἀν

214 1011 235 1100 ἢ
247 1011 325 1091 τούς
336 1010 480 1097 ἀνέμους
492 1016 768 1095 φυτουργοῦντας
779 1013 905 1096 λέγοιμι
916 1011 971 1078 καλ
981 1011 1224 1094 παραπέμπον-

214 1137 271 1188 τας
281 1107 321 1176 τά
333 1119 431 1178 πλοῖα
442 1111 497 1176 καὶ
510 1122 577 1185 τοῖς
592 1115 754 1192 λικμῶσιν
766 1110 992 1193 ἐπιπνέοντας,
1006 1102 1029 1192 η’
1039 1106 1099 1173 τόν
1111 1105 1223 1172 ύπνον

214 1209 266 1276 έπί
285 1207 413 1284 πάντας
434 1207 634 1290 πετόμενον,
660 1200 681 1290 ἦ
702 1204 761 1272 τόν
783 1204 918 1287 ὄνειρον
934 1204 1015 1292 μετά
1029 1213 1090 1272 τοῦ
1110 1203 1222 1272 ύπνου

214 1305 513 1387 διανυκτερεύοντα
535 1307 589 1372 καλ
611 1302 869 1389 ὑποφητεύοντα
890 1303 981 1394 αύτῷ
988 1333 998 1386 3
1027 1305 1136 1370 πάντα
1156 1300 1222 1389 γάρ

213 1411 315 1471 ταῦτα
330 1401 394 1470 ὑπὸ
411 1408 666 1489 φιλανθρωπίας
686 1404 720 1467 οί
734 1403 809 1468 θεολ
830 1409 972 1468 πονοῦσι
988 1401 1072 1486 πρὸς
1091 1399 1152 1468 τόν
1170 1401 1222 1466 ἐπὶ

213 1511 270 1588 τῆς
284 1511 344 1588 γης
360 1508 436 1588 βίον
450 1503 582 1569 ἕκαστοι
597 1504 841 1580 ξυντελοῦντες.
863 1506 893 1570 2.
909 1507 1017 1567 καίτοι
1028 1498 1067 1566 τά
1084 1498 1222 1585 μὲντων

213 1601 325 1668 ἀλλων
340 1602 470 1685 μέτρια·
494 1595 557 1684 ἐγω
574 1600 610 1667 δὲ
624 1595 753 1676 αὐτόςὸ
766 1598 904 1665 πάντων
917 1596 1073 1684 βασιλεύς
1091 1600 1145 1664 καὶ
1157 1622 1219 1662 πα-

145 1717 195 1773 794
214 1698 275 1785 τὴρ
297 1697 377 1778 ὅσας
398 1699 460 1784 μὲν
474 1686 594 1785 ιἀηδίας
616 1695 789 1783 ἀνέχομαι,
818 1695 880 1764 ὅσα
904 1698 940 1764 δὲ
962 1695 1137 1782 πράγματα
1159 1701 1222 1780 ἔχω
1306 1782 1307 1785 ¹

214 1795 297 1879 πρός
313 1797 475 1874 τοσαύτας
495 1800 676 1882 φροντίδας
698 1798 908 1882 διῃρημένος·
931 1786 1087 1883 ᾦπρωτα
1103 1794 1165 1878 μὲν
1180 1790 1221 1859 τά
1306 1792 1307 1797 ’

213 1907 280 1966 τῦν
296 1899 407 1967 ἀλλων
421 1905 514 1964 θεῶν
529 1903 608 1983 ἔργα
625 1899 818 1964 ἐπισκοπεῖν
832 1893 1032 1980 ἀναγκαῖον,
1056 1891 1175 1960 ὁπόσοι
1190 1919 1222 1958 τι

213 1996 292 2084 ἡμῖν
307 1996 607 2078 ξυνδιαπράττουσι
621 2003 680 2080 τῆς
695 1991 812 2080 ἀρχῆς,
838 1991 883 2072 ὡς
901 1991 945 2078 μη
958 1991 1168 2079 βλακεύωσιν
1183 1993 1222 2057 ἐν

214 2095 341 2178 αὐτοῖς,
373 2101 483 2164 ἔπειτα
505 2096 541 2161 δὲ
564 2095 618 2162 καὶ
641 2091 730 2183 αύτῷ
751 2099 854 2178 μυρία
880 2091 961 2158 ἀττα
986 2090 1144 2174 πράττειν
1166 2090 1221 2156 καὶ

212 2189 330 2278 σχεδόν
347 2191 508 2278 ἀνέφικτα
522 2191 587 2258 ὑπό
602 2193 815 2277 λεπτότητος·
843 2190 884 2258 ού
898 2189 963 2277 γάρ
980 2190 1087 2277 μόνον
1102 2186 1142 2255 τά
1164 2215 1222 2254 κε-

213 2293 338 2375 φάλαια
359 2299 462 2358 ταῦτα
483 2299 540 2377 τῆς
560 2291 768 2377 διοικήσεως,
796 2287 915 2368 ὑετούς
935 2291 990 2356 καὶ
1006 2289 1145 2374 χαλάζας
1166 2288 1219 2352 καὶ

212 2387 383 2473 πνεύματα
400 2390 454 2456 καὶ
469 2385 638 2471 ἀστραπάς
650 2385 750 2466 αὐτός
762 2387 1066 2474 οἰκονομησάμενος
1079 2389 1134 2454 καὶ
1146 2389 1217 2452 δια-

211 2488 309 2567 τάξας
325 2488 495 2572 πέπαυμαι
512 2495 580 2555 τῶν
596 2491 647 2556 ε’πῖ
664 2491 786 2573 μέρους
801 2491 992 2572 φροντίδων
1008 2484 1218 2572 ἀπηλλαγμέ-

212 2614 285 2672 νος,
308 2584 391 2654 ἀλλά
412 2613 452 2673 με
473 2591 525 2655 δεῖ
543 2589 715 2655 καὶταῦτα
735 2587 797 2671 μὲν
817 2600 942 2672 ποιεῖν,
965 2582 1167 2670 ἀποβλέπειν
1184 2584 1220 2650 δὲ

212 2684 294 2754 κατά
309 2683 369 2754 τόν
383 2684 488 2755 αὐτόν
502 2688 626 2771 χρόνον
640 2685 812 2772 ἁπανταχῇ
828 2686 882 2753 καὶ
902 2685 1012 2752 πάντα
1028 2687 1222 2751 ἐπισκοπεῖν

212 2785 323 2867 ὥσπερ
335 2783 394 2854 τόν
406 2789 442 2852 ἐν
453 2794 493 2874 τῇ
504 2787 616 2874 Νεμέᾳ
627 2784 806 2872 βουκόλον,
821 2783 900 2863 τούς
914 2786 1124 2866 κλέπτοντας,
1141 2780 1223 2861 τούς

212 2889 466 2967 ἐπιορκοῦντας,
490 2880 570 2962 τοῦς
588 2884 754 2968 θύοντας,
778 2893 812 2950 εί
827 2911 876 2961 τις
898 2890 1045 2970 έσπεισε,
1068 2881 1220 2968 πόθενὴ

211 2999 308 3050 κνῖσα
325 2986 379 3049 καὶ
396 2980 413 3049 ὁ
432 2980 559 3059 καπνός
572 2981 761 3068 ἀνέρχεται,
784 2989 832 3060 τίς
847 2991 958 3049 νοσοῦν
972 2978 995 3068 ἢ
1011 2986 1122 3050 πλέων
1142 2983 1221 3050 ἐκά-

213 3091 302 3164 λεσε,
327 3081 381 3147 καὶ
396 3077 432 3147 τό
449 3081 586 3147 πάντων
601 3082 865 3168 ἐπιπονώτατον,
890 3080 953 3168 ὑφ’
971 3085 1030 3148 ένα
1045 3079 1166 3166 καιρόν
1181 3089 1221 3149 ἐν

212 3206 246 3245 τε
260 3177 419 3268 Ὀλυμπίᾳ
434 3186 473 3266 τῇ
488 3179 652 3265 ἑκατόμβη
664 3197 817 3260 παρεῖναι
831 3184 886 3248 καὶ
901 3186 938 3248 ἐν
947 3189 1126 3268 Βαβυλῶνι
1140 3187 1222 3260 τούς
1306 3198 1308 3245 Ι

144 3293 193 3348 795
213 3285 440 3364 πολεμοῦντας
461 3282 727 3347 ἐπισκοπεῖνκαὶ
750 3283 787 3347 ἐν
806 3284 922 3358 Γέταις
942 3287 1084 3366 χαλαζᾶν
1105 3283 1159 3348 καὶ
1182 3283 1220 3348 έν

211 3383 372 3457 Αἰθίοψιν
387 3376 592 3465 εὐωχεῖσθαι.
617 3376 652 3446 τό
671 3379 706 3447 δέ
717 3388 940 3465 μεμψίμοιρον
954 3377 1033 3446 οὐδὲ
1045 3377 1133 3447 οὕτω
1145 3385 1221 3447 δια-

212 3491 332 3563 φυγεῖν
348 3478 482 3566 ῥάδιον,
506 3477 589 3547 ἀλλά
605 3481 764 3558 πολλάκις
780 3482 813 3546 οί
831 3478 893 3565 μὲν
913 3479 1009 3546 ἀλλοι
1022 3487 1101 3547 θεοί
1114 3506 1149 3546 τε
1163 3488 1220 3548 καὶ
