2625 4092
229 290 270 355 70
586 298 890 360 AOYKIANOY

227 456 443 537 θρύπτεσθαι
463 458 518 524 καλ
545 459 695 539 διαρρεῖν
716 460 771 524 καλ
791 455 911 535 λευκός
937 456 1019 525 εἶναι
1038 455 1162 543 ἀπορίᾳ
1184 466 1240 523 καί

230 562 323 643 φυγή
339 561 385 633 είς
400 554 440 621 τά
456 565 534 623 είσιο
548 564 610 623 τοῦ
628 560 773 642 αἳματος.

312 659 362 720 30.
390 650 490 720 Ταῦτ’
510 660 616 737 ἔστιν,
640 647 667 721 ό
684 652 877 740 Ἀνάχαρσι,
901 650 1017 733 ἀτοὺς
1033 658 1130 733 νέους
1144 652 1240 741 ἡμεῖς

228 749 399 836 ἀσκοῦμεν
419 752 567 837 οἰόμενοι
590 754 743 837 φύλακας
763 752 844 839 ἡμῖν
860 760 918 838 τῆς
937 753 1065 832 πόλεως
1086 749 1240 838 ἀγαθούς

228 850 458 936 γενέσθαικαὶ
480 851 516 915 έν
531 851 707 939 ἐλευθερίᾳ
725 853 909 936 βιώσεσθαι
925 848 970 918 δι’
989 849 1129 930 αὑτούς,
1153 877 1239 931 κρα-

227 954 364 1025 τοῦντες
379 948 442 1034 μὲν
455 954 524 1015 τῶν
546 952 723 1033 δυσμενῶν
744 957 773 1017 εί
790 953 930 1033 έπίοιεν,
957 952 1096 1034 φοβεροὶ
1116 949 1153 1016 δέ
1169 963 1240 1025 τοῖς

227 1050 409 1127 περιοίκοις
427 1043 536 1129 ὄντες,
554 1044 598 1123 ὡς
612 1044 839 1133 ὑποπτήσσειν
852 1074 888 1115 τε
902 1049 957 1115 καί
969 1045 1143 1116 ὑποτελεῖν
1157 1043 1239 1131 ἡμῖν

227 1138 307 1220 τοὺς
321 1150 496 1221 πλείστους
513 1141 634 1211 αὐτῶν.
664 1147 702 1212 έν
719 1148 834 1234 εἰρήνη
850 1171 885 1213 τε
899 1138 944 1212 αὖ
961 1142 1049 1211 πολὺ
1063 1143 1239 1231 ἀμείνοσιν

229 1237 343 1319 αὑτοῖς
357 1244 517 1328 χρώμεθα
538 1244 614 1324 περὶ
628 1243 733 1328 μηδὲν
753 1251 821 1309 τῶν
836 1249 982 1328 αἰσχρῶν
999 1245 1239 1328 φιλοτιμουμέ-

156 1351 210 1407 912
228 1363 301 1416 νοις
321 1336 401 1426 μηδ’
423 1336 483 1406 ὑπ’
500 1339 617 1425 ἀργίας
634 1343 668 1418 ές
683 1339 785 1427 ὑβριυ
804 1344 1034 1427 τρεπομένοις.
1061 1339 1145 1408 ἀλλά
1162 1343 1239 1422 περὶ

226 1435 424 1505 τὰτοιαῦτα
449 1443 653 1526 διατρίβουσι
674 1441 730 1507 καί
753 1436 907 1525 ἀσχόλοις
931 1432 1030 1507 ούσιν
1055 1442 1091 1505 έν
1114 1437 1238 1517 αὑτοῖς.

227 1537 282 1605 καὶ
297 1533 380 1617 όπερ
396 1542 483 1623 ἔφην
502 1536 539 1604 τό
555 1536 673 1605 κοινόν
689 1535 822 1623 ἀγαθόν
837 1540 892 1606 καλ
906 1535 967 1623 τήν
984 1535 1092 1620 ἀκραν
1108 1537 1239 1613 πόλεως

227 1631 460 1721 εὐδαιμονίαν,
477 1634 569 1703 τοῦτ’
582 1642 688 1721 ἔστιν,
704 1632 804 1705 ὁπότε
815 1641 848 1714 ές
861 1661 897 1703 τε
908 1634 1046 1721 εἰρήνην
1055 1635 1111 1703 καὶ
1125 1638 1159 1714 ές
1173 1634 1238 1702 τιό-
1298 1679 1299 1684 1

226 1742 330 1820 λεμον
344 1733 384 1800 τά
396 1732 514 1815 ἄριστα
525 1737 819 1820 παρεσκευασμένη
831 1741 984 1819 φαίνοιτο
996 1732 1017 1819 ή
1032 1734 1149 1819 νεότης
1160 1734 1239 1813 περὶ
1298 1733 1299 1754 ³

226 1827 267 1899 τά
282 1832 441 1898 κάλλιστα
454 1829 535 1917 ἡμῖν
551 1832 803 1914 σπουδάζοντες.

311 1934 362 1998 31.
381 1937 517 1999 ANAX.
537 1927 686 2014 Οὐκοῦν,
703 1923 729 1997 οὑ
744 1930 875 2013 Σόλων,
890 1928 934 2016 ἤν
948 1956 1027 1998 ποτε
1043 1927 1124 2016 ὑμῖν
1135 1932 1239 1996 ἐπίοι-

226 2047 281 2095 σιν
305 2032 340 2097 οί
357 2029 525 2114 πολέμιοι,
549 2031 744 2115 χρισάμενοι
763 2037 808 2120 τῷ
830 2033 928 2120 έλαίμ
949 2031 1004 2097 καλ
1019 2026 1236 2112 κονισάμενοι

226 2125 341 2207 πρόιτε
363 2127 417 2192 καλ
434 2121 529 2193 αὐτοὶ
546 2123 610 2205 πύξ
630 2125 689 2204 τάς
705 2141 816 2212 χεῖρας
833 2126 887 2195 ἐπ’
902 2124 1026 2205 αὑτοὺς
1045 2132 1234 2211 προβεβλη-

227 2226 339 2307 μένοι,
362 2220 510 2290 κάκεῑνοι
531 2222 657 2309 δηλαδή
680 2222 956 2310 ὑποπτήσσουσιν
970 2223 1057 2310 ὑμᾶς
1077 2227 1133 2291 καὶ
1150 2222 1239 2307 φεύ-

224 2340 324 2407 γουσι
347 2320 490 2399 δεδιότες
511 2322 555 2408 μή
572 2329 666 2406 σφίσι
687 2323 843 2408 κεχηνόσι
863 2325 1004 2409 πάττητε
1020 2320 1082 2409 τήν
1098 2322 1238 2407 ψάμμου

226 2425 258 2498 ές
277 2417 314 2487 τό
333 2420 438 2505 στόμα
457 2415 479 2507 ἦ
501 2422 805 2507 περιπηδήσαντες,
833 2418 877 2499 ὡς
898 2419 981 2489 κατά
1003 2420 1114 2489 νότου
1134 2424 1234 2506 γένη·

166 2593 168 2597 .
226 2530 306 2602 σθε,
325 2520 538 2604 περιπλέξητε
553 2516 666 2597 αὑτοῖς
682 2519 722 2586 τά
737 2524 836 2607 σκέλη
854 2523 930 2606 περὶ
942 2519 1005 2608 τήν
1023 2523 1167 2608 γαστέρα
1182 2523 1238 2587 καί

227 2618 381 2705 διάγχητε
392 2613 458 2685 ὑπό
469 2615 507 2685 τό
523 2620 647 2702 κράνος
662 2616 887 2706 ὑποβαλόντες
900 2619 961 2689 τόν
977 2628 1102 2708 πῆχυν·
1125 2624 1181 2688 καὶ
1193 2618 1237 2707 νή

225 2715 283 2786 Δί’
299 2721 335 2785 οί
347 2718 409 2802 μὲν
425 2717 621 2797 τοξεύσουσι
637 2723 741 2804 δῆλον
756 2717 806 2787 ότι
819 2722 873 2788 καλ
889 2719 1121 2806 ἀκοντιοῦσιν,
1137 2719 1239 2806 ὑμῶν

224 2814 262 2883 δὲ
284 2813 397 2899 ὥσπερ
416 2813 630 2898 ἀνδριάντων
644 2815 687 2883 οὑ
707 2824 878 2898 καθίξεται
893 2818 933 2887 τά
949 2824 1029 2909 βέλη
1047 2823 1239 2906 κεχρωσμέ-

224 2938 296 2981 νοτν
317 2910 400 2998 πρὸς
420 2910 480 2980 τόν
502 2910 599 2998 ἥλιον
620 2918 675 2982 καί
692 2914 779 2984 πολὺ
799 2915 836 2985 τό
861 2913 941 3005 αἷμα
963 2924 1237 3005 πεπορισμένων·

225 3009 267 3081 οὑ
284 3009 348 3099 γάρ
363 3013 493 3098 καλάμη
509 3015 564 3079 καὶ
583 3010 705 3096 ἀθέρες
718 3011 812 3099 ὑμεῖς
827 3021 915 3102 ἐστε,
936 3013 980 3097 ὥς
994 3017 1129 3104 τάχιστα
1144 3021 1238 3087 ἐνδι-

225 3109 322 3178 δόναι
344 3108 427 3193 πρός
451 3108 510 3188 τάς
530 3112 675 3197 πληγάς,
700 3111 784 3182 ἀλλά
807 3114 872 3196 ὀψέ
894 3143 974 3185 ποτε
994 3111 1038 3185 ἀν
1061 3119 1116 3185 καί
1138 3119 1239 3202 μόλις

223 3210 504 3296 κατατεμνόμενοι
519 3214 640 3297 βαθέσι
651 3228 719 3292 τοῖς
729 3217 916 3301 τραύμασιν
927 3211 1008 3302 αἷμα
1021 3213 1137 3301 ὀλίγον
1149 3215 1238 3283 ὑπο-

134 3332 136 3338 ·
224 3310 371 3385 δείξαιτε.
400 3316 535 3376 τοιαῦτα
552 3308 616 3395 γάρ
634 3313 716 3397 φής,
739 3320 770 3381 εί
783 3313 827 3400 μή
844 3316 937 3382 πάνυ
957 3315 1156 3401 παρήκουσα
1173 3323 1237 3384 τοῦ

223 3411 494 3493 παραδείγματος.
527 3416 578 3478 32.
596 3406 617 3496 ή
638 3409 696 3491 τάς
712 3422 896 3493 πανοπλίας
913 3417 1041 3494 ἐκείνας
1056 3416 1132 3483 τότε
1147 3413 1237 3483 ἀνα-

223 3514 373 3591 λήψεσθε
393 3505 451 3586 τάς
477 3518 541 3576 τεᾶν
566 3517 738 3601 κωμῳδιον
758 3539 792 3580 τε
813 3515 867 3581 καλ
888 3518 1086 3605 τραγῳδιον,
1110 3519 1166 3583 καὶ
1190 3512 1236 3600 ἢν
