2625 4092
426 294 725 352 ΑΝΑΧΑΡΣΙΣ.
1041 286 1080 351 71

72 461 223 543 προτεθῇ
238 452 320 541 ὑμίν
336 457 464 534 ἔξοδος,
487 454 597 519 ἐκεῖνα
615 451 655 519 τό
676 453 784 538 κράυη
799 452 1026 539 περιθήσεσθε
1043 448 1082 519 τὰ

71 555 252 639 κεχηνότα,
273 549 317 630 ώς
338 550 564 639 φοβερώτεροι
582 562 669 637 είητε
688 566 755 629 τοῖς
771 554 933 629 ἐναντίοις
955 574 1083 637 μορμο-

70 652 268 735 λυττόμενοι
289 648 429 735 αὐτούς,
457 651 512 717 καί
537 648 751 735 ὑποδήσεσθε
772 648 812 715 τά
836 646 948 735 ὑφηλά
972 652 1082 716 ἐκεῖνα
1100 654 1152 708 913

70 751 215 835 δηλαδή·
246 748 415 834 φεόγονσί
426 774 461 814 τε
477 747 558 832 γόρ,
580 743 623 833 ἦν
646 751 721 836 δέη,
745 756 859 834 κοῦφα
873 749 928 816 καὶ
943 742 986 834 ἢν
1003 746 1082 814 διώ-

70 874 167 934 κητε,
190 846 323 933 ἀφυκτα
340 861 408 924 τοῖς
429 854 598 931 πολεμίοις
613 852 718 932 ἔσται,
741 844 836 933 ὑμῶν
852 844 941 913 οὕτω
955 844 1083 931 μεγάλα

71 947 320 1031 διαβαινόντων
337 942 390 1013 ἐπ’
407 942 539 1024 αὐτούς.
568 944 641 1013 ἀλλ’
661 944 723 1028 ὅρα
743 941 788 1031 μή
809 950 912 1011 ταῦτα
927 947 988 1029 μὲν
1003 940 1083 1026 ὑμῖν

69 1045 110 1114 τά
132 1043 247 1131 κομψὰ
265 1053 365 1133 λῆρος
383 1038 405 1135 ή
426 1047 481 1113 καί
500 1043 614 1111 παιδιαὶ
631 1044 739 1123 ἀλλως
756 1049 812 1113 καὶ
833 1047 997 1132 διατριβαὶ
1021 1042 1081 1127 ἀρ-

69 1155 171 1234 γοῦσι
185 1148 240 1214 καί
254 1149 422 1235 ῥᾳθυμεῖν
435 1147 590 1212 ἐθέλουσι
602 1159 669 1223 τοῖς
684 1153 881 1222 νεανίσκοις.
906 1150 936 1211 εί
949 1143 984 1211 δέ
998 1144 1083 1230 βοό-

70 1252 175 1312 λεσθε
195 1242 329 1321 πάντως
350 1244 524 1325 ἐλεύθεροι
547 1243 601 1308 καὶ
625 1239 820 1325 εὐδαίμονες
845 1239 945 1324 εἶναι,
970 1239 1083 1308 ἀλλων

70 1340 155 1428 ὑμῖν
176 1348 373 1427 γυμνασίων
389 1341 499 1427 δεήσει
519 1344 573 1407 καὶ
594 1339 764 1427 ἀσκήσεως
783 1338 948 1426 ἀληθινῆς
968 1348 1025 1426 τῆς
1047 1344 1084 1408 ἐν

68 1455 139 1519 τοῖς
155 1437 287 1523 ὅπλοις,
309 1439 363 1505 καί
382 1436 403 1525 ἡ
421 1436 543 1525 ἀμιλλα
561 1437 603 1507 οὐ
623 1437 707 1523 πρὸς
721 1436 886 1525 ἀλλήλους
907 1437 988 1523 μετά
1005 1464 1083 1506 παι-

70 1546 164 1621 διᾶς,
181 1534 266 1604 ἀλλά
278 1534 362 1620 πρὸς
371 1532 450 1615 τούς
462 1542 635 1622 δυσμενεῖς
646 1542 736 1604 ἔσται
747 1535 828 1622 μετά
840 1539 1014 1606 κινδύνων
1023 1563 1083 1623 με·

70 1643 191 1706 λεταῑοι
203 1632 265 1722 τήν
277 1632 407 1722 ἀρετήν.
428 1634 511 1703 ώστε
522 1633 662 1722 ἀφέντες
671 1633 734 1721 την
745 1636 843 1703 κόνιν
855 1639 909 1705 καὶ
921 1634 957 1703 τὸ
970 1644 1084 1705 ἔλαιον

71 1735 246 1803 διδώσκετε
263 1730 387 1811 αάτοάς
404 1735 553 1813 τοξεύειν
569 1736 624 1802 καί
640 1731 824 1815 ἀκοντίζειν
841 1732 885 1819 μὴ
902 1744 1013 1821 κοῦφα
1030 1738 1083 1803 δι-

71 1832 189 1910 δόντες
199 1827 240 1897 τά
253 1829 393 1899 ἀκόντια
407 1833 463 1899 καί
474 1828 527 1899 οἷα
539 1835 762 1916 διαφέρεσθαι
776 1830 860 1916 πρός
870 1832 931 1902 τόν
945 1833 1083 1920 ἄνεμον,

70 1927 147 1997 ἀλλ’
167 1935 251 1997 έστω
267 1928 370 2015 λόγχη
390 1937 506 2017 βαρεῖα
527 1928 608 2016 μετά
632 1937 799 2016 σνρισμοῦ
817 1935 1008 2017 ἑλιττομένη
1028 1934 1084 2000 καί

70 2036 168 2105 λίθος
179 2026 403 2114 χειροπληθὴς
414 2029 468 2097 καὶ
481 2028 620 2113 σάγαρις
630 2029 685 2096 καί
695 2031 819 2115 γέρρου
828 2033 865 2097 έν
876 2038 915 2119 τῇ
926 2029 1083 2120 ἀριστερᾷ

69 2128 125 2193 καὶ
144 2125 259 2207 θώραξ
273 2128 328 2192 καὶ
342 2125 475 2206 κρόνος.
498 2130 549 2193 33.
567 2123 611 2203 ὡς
626 2126 663 2193 δὲ
678 2134 745 2193 νῦν
759 2132 862 2212 ἐχετε,
883 2137 977 2196 θεων
992 2154 1083 2207 τινος

70 2222 228 2311 εὐμενείᾳ
250 2220 418 2303 σώζεσθαί
433 2249 489 2308 μοι
511 2227 652 2305 δοκεῖτε,
681 2230 717 2291 οἳ
734 2227 869 2309 μηδέπω
889 2224 1083 2294 ἀπολώλατε

68 2321 139 2391 ὑπό
161 2348 265 2389 τινων
281 2320 405 2409 ὀλίγων
420 2330 530 2404 φίλων
546 2324 780 2391 ἐπιπεσόντων.
815 2326 891 2393 ίδού
911 2330 951 2412 γέ
967 2353 1017 2394 τοι
1038 2322 1083 2412 ἦν
1100 2336 1152 2391 91⁴

70 2421 285 2506 σπασάμενος
297 2418 335 2487 τό
357 2419 480 2509 μικρόν
499 2429 597 2490 τοῦτο
618 2425 764 2507 ξιφίδιον
784 2423 821 2490 τό
838 2424 928 2509 παρά
943 2424 1005 2514 την
1021 2425 1083 2508 ζώ-

68 2547 134 2606 νην
151 2518 254 2604 μόνος
269 2522 452 2587 ἐπεισπέσω
465 2534 534 2600 τοίς
548 2522 636 2598 νέοις
652 2518 749 2606 ὑμῶν
764 2520 904 2607 ἅπασιν,
929 2523 1083 2611 αὐτοβοεὶ

70 2616 114 2688 ἀν
129 2620 239 2703 ἕλοιμι
255 2614 292 2684 τό
314 2619 504 2703 γυμνάσιον
520 2620 702 2705 φυγόντων
717 2621 855 2689 ἐκείνων
868 2625 923 2688 καὶ
942 2620 1083 2700 οὐδενός

70 2714 284 2806 ἀντιβλέπειν
301 2725 345 2803 τῷ
361 2717 486 2805 σιδήρῳ
500 2724 705 2803 τολμῶντος,
728 2715 812 2786 ἀλλά
832 2722 908 2800 περὶ
924 2718 1003 2798 τούς
1021 2718 1083 2788 ἀυ-

71 2815 231 2899 δριάντας
247 2810 292 2883 ἀν
313 2816 562 2901 περιιστάμενοι
584 2818 638 2882 καὶ
658 2817 734 2898 περὶ
754 2813 833 2895 τούς
847 2823 963 2897 κίονας
980 2844 1082 2884 κατα-

71 2914 298 2999 κρυπτόμενοι
319 2916 446 3000 γέλωτα
468 2913 511 2981 ἀν
528 2940 585 2999 μοι
603 2913 808 2998 παράσχοιεν
825 2916 1028 2999 δακρύοντες
1050 2920 1085 2984 οί

71 3014 189 3079 πολλοὶ
200 3013 255 3081 καὶ
265 3015 449 3100 τρέμοντες.
470 3013 526 3081 καὶ
535 3010 604 3080 τότ’
618 3007 662 3079 ἀν
674 3017 758 3090 ίδοις
770 3010 880 3081 οάκέτι
892 3017 1083 3098 ἐρυθριῶν-

71 3137 128 3189 τας
143 3107 267 3189 αότούς
282 3108 469 3197 τὰσώματα
484 3107 549 3180 οόοι
563 3119 628 3177 νῦν
643 3117 744 3193 είσιυ,
760 3108 843 3179 ἀλλά
862 3108 961 3197 ώχροδ
972 3110 1083 3179 ἀπαν-

73 3233 123 3285 τες
139 3204 257 3273 αὐτίκα
268 3206 413 3292 γένοιντ’
426 3202 470 3275 ἀν
482 3204 548 3276 ὑπό
564 3214 625 3274 τοῦ
635 3212 732 3287 δέονς
746 3213 998 3296 μεταβαφέντες.
1021 3209 1083 3277 οὕ-

75 3330 135 3383 τως
150 3301 237 3390 ὑμᾶς
259 3302 279 3391 ἡ
302 3306 418 3391 εἰρήνη
441 3308 626 3374 διατέθεικε
647 3313 770 3393 βαθεῖα
787 3300 887 3388 οὖσα,
915 3305 959 3386 ώς
979 3304 1024 3395 μή
1039 3302 1083 3376 ἀν

72 3405 196 3491 ῥηιδίως
205 3399 409 3487 ἀνασχέσθαι
422 3404 531 3489 λόφον
540 3406 600 3471 ἕνα
612 3404 760 3487 κρόνους
769 3411 930 3488 πολεμίου
940 3405 1080 3483 ίδόντας.

158 3504 211 3571 34.
227 3506 327 3569 ΣΟΛ.
349 3499 400 3568 Οὐ
412 3510 514 3568 ταῦτα
526 3508 673 3585 ἔφασαν,
690 3493 718 3568 ώ
733 3499 921 3587 Ἀνάχαρσι,
938 3509 1082 3586 θρηικώυ
