2625 4092
455 315 719 375 ΔΡΑΠΕΤΑΙ.
1027 313 1089 376 295

82 487 169 566 γοῦν
191 475 231 546 ού
246 476 367 564 μικρὸν
382 478 562 561 παρέχουσι
577 489 643 551 τοῖς
658 478 858 562 θεωμένοις,
882 475 1009 543 ὁπόταν
1023 473 1089 543 ὑπό

83 591 142 666 τῆς
157 579 320 663 τυχούσης
332 583 436 652 αἰτίας
448 577 577 662 ἐπιζέσῃ
589 572 651 658 μὲν
665 571 778 652 αὐτοῖς
791 572 812 660 ἡ
826 574 925 660 χολή,
941 577 1091 642 πελιδνοὶ

84 679 121 744 δὲ
134 675 194 762 τήν
208 677 312 762 χρόαν
323 679 509 762 βλέπωνται
520 672 638 756 ίταμόν
650 699 682 737 τι
692 675 747 739 καί
761 674 962 757 παράφορον
973 677 1091 754 δεδορ-

84 773 179 852 κότες
190 777 245 843 καὶ
255 772 379 858 ἀφροῦ,
391 779 518 856 μᾶλλον
528 769 564 836 δὲ
574 775 628 838 ίού
638 769 760 855 μεστόν
770 769 883 848 αύτοίς
893 764 914 859 ή
925 767 963 838 τό
975 769 1090 854 στόμα.

84 877 137 939 20.
151 869 197 957 μή
213 873 311 958 σύγε
327 880 417 938 κευθι
430 869 556 954 τύχοις,
570 865 627 935 ὅτε
641 866 660 935 ὁ
675 866 793 953 μιαρὸς
812 872 937 946 ἐκεῖνος
953 871 1091 954 ἐκχεῖται

86 971 267 1057 βόρβορος,
293 978 443 1053 Χρυσίου
464 968 525 1054 μὲν
545 961 567 1053 ή
588 963 768 1053 ἀργύριον,
794 964 982 1051 Ἡράκλεις,
1012 965 1091 1034 οὐδὲ

86 1077 269 1153 κεκτῆσθαι
284 1066 380 1152 ἀξιῶ,
403 1064 522 1154 ὀβολός
537 1065 669 1150 ἱκανός,
691 1063 735 1144 ὡς
749 1067 898 1151 θέρμους
913 1073 1090 1151 πριαίμην·

84 1164 191 1233 ποτόν
204 1167 269 1251 γάρ
285 1161 307 1251 ή
323 1166 429 1252 κρήνη
445 1160 467 1252 ἢ
483 1161 629 1249 ποταμός
646 1167 787 1248 παρέξει.
817 1167 872 1232 καὶ
887 1160 959 1248 μετ’
977 1162 1091 1248 ὀλίγον

84 1270 238 1333 αἰτοῦσιν
253 1262 316 1332 ούκ
333 1260 475 1350 ὀβολούς
490 1261 568 1331 οὐδὲ
583 1261 731 1348 δραχμάς
744 1261 872 1349 ὀλίγας,
886 1261 970 1330 ἀλλά
985 1261 1091 1330 πλού-

84 1387 164 1440 τονς
178 1360 288 1440 ὅλους.
312 1361 396 1430 ὥστε
415 1368 463 1440 τίς
477 1367 620 1447 ἔμπορος
634 1367 795 1427 τοσοῦτον
807 1360 872 1428 ἀπὸ
887 1370 948 1429 τού
961 1362 1091 1446 φόρτου

84 1459 303 1546 ἐμπολήσειεν
319 1456 363 1527 ἀν
382 1459 465 1528 ὅσον
476 1459 607 1538 τούτοις
621 1467 803 1545 φιλοσοφία
817 1463 850 1538 ἐς
864 1456 1093 1547 χρηματισμόν

84 1566 252 1640 συντελεῖς
275 1556 332 1626 εἶτ’
354 1555 491 1626 ἐπειδάν
507 1563 630 1636 ίκαυῶς
645 1561 867 1638 συλλεῖωνται
884 1560 938 1625 καὶ
954 1560 1092 1623 ἐπισιτί-

84 1677 225 1740 σωνται,
257 1654 501 1740 ἀπορρίψαντες
527 1661 634 1724 έκεῖνο
659 1655 696 1722 τό
717 1654 886 1742 δύστηνον
910 1655 1092 1741 τριβώνιον

83 1751 211 1840 ἀγρούς
225 1757 329 1822 ἐνίοτε
351 1757 405 1823 καὶ
422 1757 564 1841 ἐσθῆτας
578 1761 645 1820 τῶν
664 1760 850 1838 μαλθακῶν
864 1757 1020 1840 ἐπρίαντο
1037 1751 1092 1818 καλ

83 1858 204 1932 παῖδας
218 1853 362 1940 κομήτας
377 1858 431 1923 καὶ
446 1861 618 1933 συνοικίας
638 1853 718 1932 ὅλας
733 1851 844 1939 μακρά
858 1860 984 1938 χαίρειν
1000 1849 1089 1936 φρά-
1108 1861 1160 1916 376

84 1973 202 2030 σαντες
212 1959 251 2038 τῇ
263 1954 352 2041 πήρᾳ
364 1961 403 2042 τῇ
412 1953 583 2039 Κράτητος
594 1955 647 2020 καλ
656 1961 702 2044 τῷ
714 1959 851 2038 τρίβωνι
864 1959 911 2041 τῷ
920 1948 1091 2017 Ἀντισθέ-

11 2051 12 2076 ’
85 2076 169 2128 νους
182 2053 237 2118 καλ
250 2058 296 2141 τῷ
310 2057 400 2142 πίθῳ
415 2059 461 2142 τῷ
471 2055 665 2138 Διογένους.
688 2056 739 2118 21.
756 2055 791 2118 οί
801 2053 929 2118 ίδιῶται
940 2050 1090 2114 δὲταῦτα

12 2133 13 2152 ¹
85 2147 230 2233 ὁρῶντες
247 2151 494 2218 καταπτύουσιν
510 2147 572 2236 ήδη
588 2157 788 2236 φιλοσοφίας
804 2152 859 2216 καὶ
875 2145 1024 2223 ἀπαντας
1044 2141 1092 2212 εί-

84 2274 141 2314 ναι
157 2246 329 2326 τοιούτους
350 2257 478 2316 οίονται
499 2245 583 2333 κάμὲ
605 2255 663 2333 τῆς
684 2251 897 2323 διδασκαλίας
911 2249 1089 2318 αἰτιῶνται,

86 2343 170 2413 ὥστε
180 2353 306 2413 πολλοῦ
316 2345 381 2432 ήδη
392 2347 516 2432 χρόνον
526 2344 695 2414 ἀδύνατόν
706 2374 762 2432 μοι
771 2347 944 2432 γεγένηται
954 2339 1019 2410 κάν
1030 2343 1090 2410 ἕνα

83 2442 160 2512 τινά
189 2449 461 2532 προσαγαγέσθαι
487 2444 616 2532 αύτῶυ,
646 2445 730 2514 ἀλλά
754 2444 791 2512 τό
812 2454 870 2530 της
892 2441 1091 2529 Πηνελόπης

84 2548 192 2612 έκεῖνο
213 2545 342 2632 πάσχω·
371 2543 498 2614 ὁπόσον
514 2545 578 2632 γάρ
599 2545 640 2633 δή
658 2545 722 2631 ἐγω
742 2545 915 2630 ἐξυφήνω,
937 2548 1038 2608 τοῦτο
1053 2543 1091 2609 ἐν

83 2642 203 2726 ἀκαρεῖ
213 2636 316 2723 αύθις
326 2641 523 2713 ἀναλύεται·
545 2644 566 2730 ή
580 2643 722 2730 Ἀμαθία
736 2648 772 2712 δὲ
786 2641 871 2728 καλή
884 2640 1007 2708 Ἀδικία
1018 2643 1091 2707 ἐπι-

83 2749 228 2828 γελῶσιν
243 2740 368 2828 ὁρῶσαι
383 2742 624 2831 ἀνεξέργαστον
635 2742 716 2831 ἡμῖν
729 2742 766 2811 τὸ
780 2748 879 2828 ἔργον
892 2744 947 2808 καὶ
962 2739 1089 2826 ἀνήνυ-

83 2868 143 2909 τον
159 2839 220 2909 τὸν
234 2843 351 2911 πόνου.

169 2948 219 3012 22.
236 2949 362 3012 zm.
388 2938 467 3030 Οἷα,
484 2935 511 3010 ὦ
524 2950 616 3028 θεοί,
634 2945 807 3010 πέπονθεν
819 2939 900 3027 ἡμῖν
914 2937 934 3025 ἡ
946 2945 1091 3007 Φιλοσο-

83 3048 145 3126 φία
160 3039 244 3127 πρὸς
262 3049 331 3109 τῶν
344 3042 541 3126 καταράτων
558 3043 704 3109 ἐκείνων.
735 3038 817 3107 ὥστε
832 3038 904 3120 ὥρα
919 3053 1056 3106 σκοπεῖν
1070 3035 1090 3103 ὅ

81 3169 113 3208 τι
128 3143 183 3209 καὶ
197 3144 363 3225 πρακτέον
375 3136 398 3226 ή
410 3139 500 3218 ὅπως
514 3138 637 3218 αύτούς
650 3141 894 3225 μετελευστέον.
917 3135 936 3205 δ
953 3134 1089 3224 μὲνγὰρ

81 3237 247 3322 κεραυνὸς
262 3237 383 3325 ἀπάγει
398 3247 458 3329 μιᾷ
472 3247 582 3328 πληγῇ
597 3241 651 3306 καλ
664 3235 682 3308 ὁ
697 3238 847 3315 θάνατος
860 3236 968 3322 ταχύς.

167 3344 302 3406 ΑΠΟΛ.
323 3335 404 3422 ’lm'
419 3361 483 3419 σοι,
502 3329 655 3420 ὦπάτερ,
672 3336 906 3422 ὑποθήσομαι·
928 3343 1014 3421 μισῶ
1025 3363 1090 3421 γαρ

82 3439 138 3505 καὶ
154 3434 253 3514 αὐτὸς
267 3434 330 3522 ήδη
345 3433 424 3513 τούς
446 3434 607 3516 ἀλαζόνας
622 3434 793 3522 ἀμούσους
809 3433 909 3512 ὄντας
922 3433 1008 3516 ὑπὲρ
1022 3441 1091 3501 τῶν

82 3542 237 3602 Μουσῶν
249 3532 464 3619 ἀγανακτῶν·
485 3542 654 3621 κεραυνοῦ
665 3535 727 3620 μέν
737 3532 801 3620 γάρ
812 3530 834 3619 ή
844 3542 902 3618 τῆς
913 3541 971 3617 σῆς
983 3538 1091 3612 δεξιῶς
