2625 4092
1293 147 1296 185 ι

153 225 181 264 ιι
573 215 812 268 rasurarro.
1267 197 1296 297 η

152 361 255 403 temere.
295 363 320 401 c.
337 341 461 418 2χρῄζει
478 351 509 402 dc
524 351 615 404 Halmii
635 355 780 404 coniectura
796 369 843 420 pro
861 346 958 423 χρῄζοι
999 354 1059 407 turri.
1077 362 1136 419 post
1153 349 1241 404 τοῦτο
1294 304 1296 371 δ

153 413 198 486 ἐμὲ
221 420 325 472 intrusit
343 419 419 474 Diod.
439 410 606 485 edoceretur
643 423 706 477 ibid.
728 422 891 491 προοῖσται]
915 419 1062 489 προάσται
1081 423 1117 474 id.
1137 433 1242 474 auctore
1294 478 1296 487 ,

152 490 282 546 lacobsio;
300 498 436 554 utrumque
452 492 605 555 improbavit
623 489 728 558 Cobet,
753 503 779 542 at
796 494 888 543 meiius
904 508 953 543 uon
972 492 1085 558 protulit.
1121 492 1184 548 ibid.
1202 489 1247 542 Et
1294 512 1296 535 ι

152 573 182 625 γε
197 555 246 608 καλ
261 559 354 625 scripsi
372 561 442 624 quod
460 561 582 610 debemus
595 560 739 628 Hirschigio
757 577 804 627 pro
819 557 859 612 Εί
871 558 921 613 καὶ
955 561 1016 614 ibid.
1030 551 1242 627 ἐπιγράφοιμεν
1294 578 1296 623 3

152 629 237 680 Cobet.
255 629 402 679 mutandum
422 638 508 679 censet
525 631 551 679 iu
568 619 764 696 ἐπιγράψομεν
804 648 828 683 c.
848 631 864 684 3
883 623 982 682 σκόπει
996 623 1029 680 δὲ
1045 623 1096 696 δὴ]
1119 633 1242 681 σκοπεῖν
1293 628 1296 695 i

152 691 342 750 uideturne.
384 699 443 748 r‘bt'd.
463 685 536 763 αὕτη
557 689 575 784 η
595 694 693 780 τέχνη]
709 689 783 764 αὕτη
799 693 884 766 τέχνη
904 703 940 752 id.
975 700 1037 753 idid.
1057 707 1143 763 „recte
1161 700 1241 752 codd.

153 759 200 817 ἐπὶ
218 762 317 828 τοῦτο,
341 767 408 818 male
425 767 536 818 editores
559 765 607 819 επλ
627 771 740 819 τουτω“
766 769 854 821 Cobet.
878 783 944 820 uuus
961 777 1061 820 tautum
1077 769 1134 820 cod.
1153 765 1242 820 τοῦτο
1294 772 1295 801 r

153 837 267 896 exhibet,
293 838 361 900 quod
379 838 430 888 iam
447 839 543 914 recepi.
562 820 837 904 sequeutia'Hiracbig.
857 840 894 890 ita
910 839 1045 889 scribenda
1062 853 1120 888 csse
1138 848 1241 888 censet:
1294 814 1296 845 ’

152 899 414 970 παρεσκευασμένος
430 899 530 955 ουθέν.
563 905 648 958 utu.
664 901 703 956 Εί
713 904 763 957 καὶ
778 900 882 973 σμικρά
895 901 995 973 λέγοις,
1011 898 1112 973 άληθη
1127 901 1175 971 δέ,
1193 898 1243 957 οὗ·

152 967 206 1025 uia
224 971 336 1025 διοίσει.
375 976 436 1027 ibid.
458 964 533 1024 ἐστιν
551 968 568 1042 ἡ
587 970 684 1044 τέχνη]
704 967 761 1026 έστι
777 969 861 1043 τέχνη
876 976 1004 1040 Hirschig.
1041 977 1103 1030 ibid.
1123 969 1242 1034 πάντως

152 1046 246 1110 scripsi
255 1045 288 1096 de
301 1043 392 1096 Seileri
402 1046 453 1095 mei
468 1047 612 1096 coniectura
627 1061 674 1110 pro
689 1039 767 1097 πάνυ
781 1037 828 1104 οἱς.
849 1047 935 1100 Cobet.
951 1041 1065 1105 πάντως
1081 1036 1145 1111 γάρ.
1163 1046 1241 1097 Diud.
1294 1074 1295 1079 =

153 1106 231 1163 πάνυ
247 1105 300 1180 γάρ
338 1129 360 1168 c.
379 1117 397 1164 4
414 1127 466 1180 σνγ
484 1109 716 1180 εγυμνασμένων,
740 1116 810 1180 quod
828 1117 889 1166 olim
906 1130 1106 1182 proposueram,
1129 1117 1181 1166 iam
1200 1131 1242 1166 re·
1294 1170 1295 1177 ρ

154 1187 210 1247 cepi
233 1180 380 1261 cumnDiud.
399 1198 445 1248 pro
462 1128 726 1250 έγγεγυμνασμένων
759 1184 820 1237 idid.
838 1202 903 1250 „pro
920 1175 1018 1251 ὀρθάς
1033 1175 1144 1235 ἐκείνου
1155 1199 1187 1249 γε
1203 1178 1243 1235 εί-
1294 1244 1296 1248 ³

152 1247 258 1312 πόντος
268 1266 358 1311 ουτως
373 1245 626 1320 άπεμνημάνευσας
642 1264 681 1306 est
695 1255 722 1304 iu
740 1255 835 1320 optimo
849 1255 990 1305 Marciano:
1015 1243 1114 1318 σ’ρθάς
1130 1243 1242 1311 ἐκεῖνός
1292 1305 1296 1320 ,

152 1337 183 1388 γε
199 1315 280 1372 εἶπεν
296 1306 380 1380 οὗτος
394 1314 428 1373 ου’
441 1337 471 1374 τε
483 1315 752 1390 άπεμνημόνευσας,
769 1324 838 1374 uude
850 1325 951 1374 videtur
962 1326 1152 1388 reponendumr
1169 1315 1243 1374 ἐκεῖ·
1294 1378 1295 1383 ¹

152 1382 203 1449 νός
217 1405 248 1441 τε
265 1384 359 1452 εἶπεν,
379 1379 457 1451 ὅστις
475 1379 530 1464 ἦν,
551 1387 585 1442 σά
603 1407 633 1442 τε
647 1384 932 1458 άπεμνημόνευσας.“
950 1391 1037 1448 Cobet.
1073 1394 1134 1445 ibid.
1154 1386 1242 1458 τέχνη
1294 1392 1295 1415 ³

152 1451 189 1512 άν
207 1459 262 1530 εἴη]
281 1449 318 1512 dv
334 1476 367 1510 ex
385 1465 480 1527 optimo
497 1464 552 1514 cod.
571 1465 669 1518 addidi.
694 1463 754 1513 ibid.
773 1454 885 1526 σαθρὸν
904 1478 962 1513 cum
975 1461 1054 1515 Diod.
1074 1472 1179 1514 auctore
1194 1463 1242 1512 Ca·
1294 1480 1296 1512 ι

152 1533 275 1584 saubouo.
304 1530 503 1594 haudquaquam
528 1534 672 1584 verisimilis
699 1543 738 1582 est
767 1534 925 1592 coniectura,
954 1547 1029 1596 quam
1053 1532 1158 1596 protulit
1177 1531 1240 1585 Cob.
1294 1536 1295 1539 ’

153 1618 180 1668 p.
201 1602 264 1651 114:
284 1589 300 1651 δ
317 1596 382 1662 περὶ
400 1595 489 1666 αὐτῆς
504 1593 536 1652 λό
555 1617 601 1664 ος,
617 1594 751 1661 καθάπερ
766 1594 800 1650 αἱ
813 1597 940 1678 πονηραὶ
953 1592 1053 1666 χύτραι
1069 1592 1243 1665 διακροάον-
1294 1608 1296 1657 ι

152 1686 199 1720 ται
223 1663 261 1736 μὴ
286 1660 399 1730 σαθρὸν
421 1617 657 1738 ὁποφθέγγονται
700 1670 760 1722 ibid.
786 1667 995 1734 διαγινωσκειν]
1024 1663 1241 1737 διαγιγνώσκειν
1294 1673 1296 1705 f

152 1739 227 1790 Diod.
266 1755 288 1791 c.
306 1738 323 1790 b
338 1731 632 1807 άπολλάασιντυοιοιυ
643 1741 719 1790 Diod.
737 1754 783 1804 pro
799 1730 965 1790 άπολλῦσιν.
987 1738 1074 1790 Cobet.
1091 1756 1117 1805 p.
1134 1743 1188 1800 114
1201 1749 1240 1790 to·
1293 1740 1296 1756 ⁵

151 1819 206 1860 tum
224 1809 308 1860 iocum
327 1809 517 1861 transformavit
532 1812 580 1862 itu:
606 1801 743 1876 ἡδδτοῦ
759 1807 919 1875 παρασίτου
937 1803 964 1858 εί
980 1800 1019 1874 μὴ
1038 1799 1111 1858 καθ’
1130 1801 1241 1875 ἡμέραν
1294 1818 1295 1877 ss

152 1876 197 1944 είη
217 1869 248 1929 έν
266 1876 408 1946 γυμνασίᾳ
428 1877 581 1948 [γυμνασίᾳ
595 1879 651 1932 cod.
666 1876 759 1946 Marc]
775 1870 931 1930 άπόλλυσιν
943 1869 1000 1928 κτὲ.
1013 1888 1141 1930 caeterum
1156 1880 1189 1929 da
1203 1881 1242 1930 iu·
1294 1880 1296 1933 i

153 1949 250 1998 dustria
267 1947 332 1998 suisa
350 1947 428 1998 refert
448 1951 487 2000 vir
507 1950 597 2000 doctus
615 1949 646 1998 dc
665 1950 803 1999 codicibus.
844 1963 867 1998 c.
891 1945 965 2017 λτῷ
989 1944 1052 2016 βίῳ]
1076 1945 1134 1998 τάν
1153 1939 1184 1996 έν
1201 1947 1243 2016 τῷ

152 2014 204 2085 βίῳ
219 2015 304 2068 Cobet.
329 2032 355 2081 p.
377 2017 436 2070 113.
478 2019 539 2070 idid.
559 2015 663 2084 μανίας
685 2003 718 2085 ᾖ,
749 2018 819 2082 quod
838 2018 899 2067 oiim
920 2019 1059 2084 proposui,
1081 2019 1134 2068 iam
1156 2021 1243 2084 recepi
1294 2024 1295 2081 i

152 2103 209 2138 cum
229 2086 305 2136 Diud.
327 2101 374 2151 pro
397 2085 502 2152 μανίας
525 2083 570 2152 εἴη
609 2088 671 2140 ibid.
695 2079 765 2138 άνευ
788 2079 846 2136 ἔστι
865 2096 969 2137 auctore
984 2087 1084 2138 Halmio
1104 2103 1151 2153 pro
1171 2077 1243 2137 ἄνευ
1294 2084 1296 2143 Ξ

152 2147 220 2205 ἐστι’.
256 2155 384 2221 Hirschig.
402 2159 492 2222 probat
508 2157 644 2208 lectionem
662 2141 702 2206 ὦν
718 2147 786 2206 οὐδὲ
804 2152 856 2221 ζῆν
874 2170 904 2222 γε
921 2146 992 2206 ἄνευ
1008 2147 1070 2206 έστί
1102 2173 1126 2207 c.
1145 2157 1162 2208 8
1180 2148 1242 2206 έπι·
1294 2158 1296 2179 '

152 2217 270 2288 τρέψαι,
290 2223 385 2274 Struvii
405 2227 622 2295 emendationem,
640 2229 727 2292 recepi
745 2241 802 2277 cum
818 2226 894 2276 Diud.
929 2226 990 2278 idid.
1010 2215 1072 2290 Οὐχ
1090 2215 1182 2283 οὕτως
1202 2243 1243 2276 re-

152 2296 243 2344 vocavi
257 2310 304 2360 pro
323 2283 397 2344 Οὐδ’
417 2278 510 2355 οὗτος.
530 2296 605 2348 Diod.
624 2286 668 2347 Οά
686 2287 723 2362 δὴ
743 2281 836 2352 οὖτος.
857 2294 946 2345 Cobet:
968 2296 1074 2356 „dicere
1088 2299 1184 2361 potuit:
1206 2285 1242 2344 σά
1284 2314 1296 2335 ‹-

153 2361 256 2428 δῆτοιίι
272 2363 355 2430 potuit
365 2365 487 2428 profecto.
506 2363 634 2432 Hirschig.
645 2375 725 2415 totum
734 2365 818 2416 locum
827 2366 865 2414 sic
876 2365 1038 2414 scribendum
1048 2374 1073 2414 et
1082 2365 1243 2430 distinguen-

153 2436 213 2483 dum
232 2442 330 2483 censet:
358 2426 514 2502 φέρεγάρ,
537 2427 564 2484 εί
587 2425 766 2498 ἐπιτρέψειας
784 2431 893 2501 σεαυτῷ
916 2434 971 2498 (vei
990 2435 1013 2484 si
1039 2435 1112 2484 malis
1134 2423 1242 2502 ἑαυτῷ)

152 2499 225 2553 ναυν
240 2493 270 2552 ἐν
286 2495 415 2570 θαλάττῃ
428 2500 477 2554 καὶ
489 2500 605 2569 γειμάνι
618 2497 656 2570 μὴ
672 2495 856 2568 ἐπιστάμενος
869 2499 1026 2570 κυβερνᾶν,
1044 2501 1170 2569 σωθείης
1183 2493 1240 2565 άν,

155 2570 241 2622 m.
259 2562 320 2636 Οὐχ
339 2559 438 2630 οὕτως.
476 2571 559 2622 ΠΛΡ.
579 2571 618 2624 Τί
628 2565 666 2640 δη’
679 2586 762 2638 ποτε,
778 2561 851 2639 deci
866 2563 904 2636 μὴ
922 2565 995 2636 ἔχειν
1010 2565 1128 2638 τέχνην,
1144 2563 1186 2620 δι’
1207 2559 1242 2637 ἦς
1294 2552 1296 2605 i

152 2636 263 2708 δυνήσῃ
282 2635 378 2702 σοι’ζειν
394 2633 511 2704 §eosdm
532 2644 593 2698 ibid.
612 2640 662 2693 καὶ
683 2635 741 2708 μὴν
763 2635 937 2709 κυβερνήτας
957 2631 1026 2708 aad]
1056 2645 1140 2692 miuus
1157 2646 1240 2706 probo

152 2728 217 2776 quae
235 2714 267 2762 de
285 2711 334 2762 lroc
353 2713 410 2764 loco
433 2715 500 2764 idem
521 2716 561 2765 vir
578 2715 744 2765 doctissimus
762 2713 876 2778 protulit.
913 2709 974 2761 ibid.
993 2707 1240 2778 γεγυμνασμένων]

153 2775 439 2847 συγγεγυμνασμένων
457 2783 532 2837 Diod.
568 2800 591 2836 c.
610 2783 627 2833 9
644 2772 707 2832 άλλ’
726 2773 833 2842 έκεῖνο,
857 2769 949 2861 daug]
973 2769 1040 2830 άλλ’
1061 2771 1153 2830 έκεῖνο
1177 2774 1242 2832 σκά-

153 2862 215 2914 πει,
239 2839 318 2908 άπως
335 2851 369 2902 id.
405 2851 492 2902 Cobet.
514 2853 630 2914 „scriber
655 2841 719 2900 ἀλλ’
743 2839 822 2907 ὅπως
843 2846 893 2898 καλ
916 2862 1035 2914 σρσν-
1049 2841 1242 2908 άποδάσεις.“

153 2919 247 2969 talibus
266 2920 298 2968 de
317 2922 470 2970 coniecturis
486 2935 537 2970 nou
555 2931 593 2971 est
612 2922 682 2985 quod
700 2921 804 2969 verbum
821 2919 928 2980 eddam3
948 2918 1035 2967 ludere
1048 2934 1126 2985 saepe
1142 2922 1243 2972 ridetur
1294 2928 1296 2971 i

152 2990 193 3038 vir
217 2988 313 3039 doctus.
335 2989 441 3038 meliora
464 3005 523 3040 eum
541 2989 633 3040 docere
654 2998 773 3055 poteraut
790 2987 945 3037 Fritzschius
969 2996 994 3037 et
1015 2985 1143 3056 Hirschig'.
1181 2990 1241 3040 idid.
1294 2990 1295 3045 i

152 3049 245 3107 έκεῖνο
269 3048 381 3124 σκόπει]
405 3074 437 3108 ax
457 3059 576 3126 ungenda
592 3066 679 3110 censet
702 3057 767 3108 haec
786 3057 862 3107 verba
888 3055 976 3110 Cobet.
1011 3073 1034 3112 c.
1054 3059 1088 3110 10
1112 3051 1191 3122 παρά
1211 3051 1242 3108 δὲ
1294 3058 1295 3125 ξ

152 3119 286 3194 πλήθωσι
307 3073 454 3194 τράπεζαις
475 3135 533 3178 autc
554 3127 618 3179 haec
642 3129 719 3177 verba
739 3125 877 3178 inserenda
894 3135 967 3192 putat
990 3140 1038 3177 suo
1056 3129 1135 3179 Marte
1153 3127 1239 3179 Cobet.
1294 3151 1296 3249 η

153 3195 195 3263 (ρ.
216 3195 292 3262 115⁸)
305 3197 501 3396 ,ῗδῐάίάδξξνῗς
516 3254 547 3363 δι’,
564 3255 620 3314 άνά
634 3254 744 3331 δώματ’
761 3255 953 3326 ἀκουάζωνται
972 3256 1077 3316 άοιδοά

349 3347 409 3386 ενοι
456 3349 469 3384 ε
503 3350 526 3392 ς.

153 3417 178 3455 at
200 3406 285 3457 taedet
306 3350 371 3455 ῑηέέεε
394 3421 435 3456 res
456 3351 558 3470 sadapa
580 3405 684 3459 referre.
730 3405 791 3455 idid.
816 3396 870 3469 τὴν
895 3395 987 3455 αὑτοῦ
1012 3419 1070 3454 curu
1089 3403 1239 3483 Diudnrec

152 3489 197 3539 pro
217 3466 271 3541 τὴν
291 3464 381 3526 adecti
414 3475 475 3526 ibid.
494 3471 551 3524 τοῦν
570 3465 713 3539 Ἑλλήνων
731 3490 788 3525 cum
806 3478 864 3525 eod.
886 3475 1002 3525 revocavi
1024 3489 1070 3540 pro
1087 3467 1145 3521 τάν
1163 3472 1240 3522 atos

1283 3620 1296 3721 'i'
