2625 4092
233 296 274 360 98
587 298 891 358 AOYKIANOY

322 466 415 525 TYX.
444 456 554 526 Οὐδὲν
574 453 659 538 πρὸς
679 462 757 534 ἔπος
775 464 895 540 ταῦτα,
920 466 1040 543 φασίν,
1066 457 1146 525 οὐδὲ
1170 462 1250 543 περὶ

233 556 363 624 τούτων
391 554 523 642 ἠράμην
550 552 669 622 ὁπόσοι
696 562 752 639 τῆς
781 561 891 638 χρείας
919 557 1017 621 ἕνεκα
1043 554 1248 633 ψεύδονται·

192 682 196 695 ·
233 656 441 740 συγγνωστοὶ
461 652 526 740 γάρ
544 646 641 719 οὗτοί
651 678 705 735 γε,
731 652 908 736 μᾶλλονδὲ
926 654 981 722 καὶ
1001 656 1142 719 ἐπαίνου
1158 655 1248 729 τινὲς

234 748 346 819 αὐτῶν
361 750 462 837 ἄξιοι,
478 748 597 818 ὁπόσοι
612 744 633 836 ἢ
650 757 829 834 πολεμίους
846 751 1055 836 ἐξηπάτησαν
1069 746 1091 835 ἢ
1108 752 1163 817 ἐπὶ
1179 772 1243 817 σω

206 857 209 873 '
232 854 330 936 τηρίηι
350 855 396 937 τῷ
417 848 557 938 τοιούτῳ
578 846 744 937 φαρμάκῳ
766 847 945 932 ἐχρήσαντο
968 853 1005 915 ἐν
1021 862 1088 926 τοῖς
1110 852 1247 931 δεινοῖς,

235 942 289 1014 οἶα
304 944 410 1014 πολλοὶ
429 948 482 1013 καὶ
494 942 673 1023 Ὀδυσσεὺς
688 948 791 1012 ἐποίει
807 946 869 1030 τήν
884 972 919 1012 τε
934 944 1040 1013 αὐτοῦ
1054 943 1171 1030 ψυχὴν
1186 944 1247 1026 ἆρ-

235 1045 380 1130 υύμενος
397 1048 451 1112 καλ
473 1040 532 1111 τὸν
553 1042 677 1111 νόστον
691 1052 759 1109 τῶν
779 1048 927 1127 ἑταίρων.
958 1041 1042 1111 άλλά
1060 1046 1135 1125 περὶ
1160 1047 1247 1110 ἐκεί-

118 1198 120 1202 ,
235 1167 306 1208 νων
314 1132 510 1226 Monate,
526 1143 610 1227 φημὶ
625 1147 661 1209 οἳ
673 1139 754 1207 αὐτὸ
771 1138 855 1207 άνευ
870 1148 926 1225 τῆς
940 1145 1050 1225 χρείας
1065 1138 1102 1206 τδ
1119 1144 1247 1220 ψεῦδος

187 1252 220 1307 30
237 1264 312 1323 περι
301 1239 497 1307 πολλου
458 1264 515 1324 της
524 1235 684 1330 αληθείας
693 1245 842 1306 τιθενται
852 1235 1051 1327 ηδομενοι
1020 1264 1065 1305 τω
1075 1239 1247 1323 πράγματι

234 1337 289 1402 καλ
300 1337 561 1421 ἐνδιατρίβοντες
573 1333 625 1402 ἐπ’
638 1333 777 1425 ουδεμιᾶ
788 1337 955 1423 προφάσει
970 1334 1145 1426 ἀναγκαία.
1164 1335 1247 1402 τού·

234 1457 314 1509 τους
328 1424 391 1498 οὖν
407 1433 513 1501 ἐθέλω
529 1436 652 1501 εἰδέναι
666 1440 756 1511 τίνος
772 1430 907 1520 ἀγαθοῦ
920 1442 1019 1502 τοῦτο
1034 1442 1203 1501 ποιοῦσιν.

319 1535 348 1596 2.
365 1536 456 1599 ΦΙΛ.
475 1522 519 1597 Η
531 1555 598 1597 που
615 1531 861 1616 κατανενόηκας
874 1530 937 1651 η”δη
951 1558 1044 1611 τινας
1057 1533 1245 1614 τοιούτους,

235 1622 318 1705 οἷς’
299 1651 446 1713 εμφυτος
459 1633 542 1710 ἐρως
557 1622 656 1706 οὗτός
670 1632 737 1695 ἐστι
753 1627 838 1711 πρὸς
852 1656 890 1697 το
878 1627 1045 1710 ψεῦδοςς

324 1731 419 1791 ΤῬΧ.
447 1726 508 1791 Καὶ
522 1726 610 1810 μάλα
625 1732 746 1794 πολλοί
761 1732 845 1795 εἰσιν
859 1732 893 1795 οί
905 1735 1058 1795 τοιοῦτοι.

321 1827 411 1890 ΦΙΛ.
438 1828 481 1888 Τί
488 1820 520 1888 δ’
539 1814 603 1889 οὖν
618 1820 700 1890 άλλο
713 1818 867 1908 ἢάνοιαν
880 1821 940 1911 χρη
959 1829 1067 1891 αἰτίαν
1081 1821 1170 1890 εἶναι
1184 1821 1246 1890 αὐ-

236 1934 304 1999 τοῖς
319 1918 425 2004 φάναι
437 1926 498 1987 τοῦ
512 1918 557 2007 μὴ
573 1918 686 2005 ἀληθῆ
700 1924 825 2006 λέγειν,
844 1931 877 1989 εί
883 1949 920 2007 γε
935 1920 971 1988 τδ
989 1928 1155 2007 χείριστον
1171 1918 1245 1988 ἀντὶ

237 2024 299 2085 τοῦ
314 2020 486 2103 βελτίστου
499 2025 755 2102 προαιροῦνταις

326 2120 419 2183 TYX.
445 2112 555 2183 Οὐδὲν
575 2122 690 2182 τοῦτο·
720 2118 789 2183 ἐπεὶ
804 2114 948 2193 πολλοὺς
963 2114 1007 2182 ἂν
1027 2114 1093 2201 ἐγώ
1108 2136 1163 2181 σοι
1177 2119 1245 2183 δεί-

238 2217 326 2298 ξαιμι
340 2209 503 2293 συνετοδς
517 2206 622 2281 τᾶλλα
642 2213 698 2281 καλ
716 2210 778 2299 τὴν
794 2214 933 2301 γνώμην
947 2208 1167 2297 θαυμαστοὺς
1182 2208 1243 2278 οὐκ

238 2308 301 2378 οἶδ’
326 2308 416 2387 ὅπως
436 2311 621 2389 ἑαλωκότας
640 2310 748 2403 τοάτφ
770 2321 817 2402 τῷ
838 2320 931 2404 κακῷ
952 2314 1006 2379 καὶ
1030 2313 1245 2396 φιλοψευδεῖς

238 2408 353 2491 ὄντας,
378 2406 421 2487 ὡς
440 2407 603 2477 ἀνιᾶσθαί
622 2436 678 2495 με,
703 2416 734 2478 εἰ
752 2418 898 2478 τοιοῦτοι
917 2410 1036 2496 ἄνδρες
1057 2408 1186 2493 ἄριστοι
1202 2404 1243 2475 τά

238 2510 347 2577 πάντα
363 2506 452 2594 ὅμως
470 2516 643 2593 χαίρουσιν
658 2504 782 2586 αὐτούς
797 2535 833 2575 τε
850 2513 904 2575 καὶ
921 2508 1000 2585 τους
1019 2507 1243 2592 ἐντυγχάνον-

213 2677 219 2691 x
236 2636 294 2687 τας
310 2610 547 2688 ἐξαπατῶντες·
576 2610 725 2686 ἐκείνους
744 2607 806 2692 μὲν
825 2606 889 2691 γάρ
908 2606 987 2684 τοὺς
1000 2603 1163 2683 παλαιοδς
1177 2602 1240 2687 πρὸ

238 2710 319 2794 ἐμοῦ
330 2707 367 2774 σὲ
377 2704 439 2792 χρὴ
451 2708 584 2789 εἰδέναι,
599 2704 659 2775 τὸν
669 2704 852 2789 Ἡρόδοτον
862 2709 916 2775 καὶ
926 2714 1077 2792 Κτησίαν
1087 2703 1147 2772 τὸν
1157 2710 1242 2771 Κνί-

239 2811 313 2873 διον
327 2808 382 2872 nal
396 2803 460 2887 πρὸ
480 2806 611 2872 τούτων
631 2831 710 2882 τονς
727 2804 865 2890 ποιητάς
877 2803 980 2873 καλ
945 2832 1006 2873 τον
1014 2804 1162 2890 Ὅμηρον
1179 2830 1241 2869 αυ-

238 2905 299 2973 τόν
306 2902 504 2989 ,ἀοιδίμους
518 2902 659 2990 άνδρας,
677 2903 833 2993 ἐγγράφφ
846 2912 892 2993 τῷ
907 2904 1071 3027 φεάσματι
1083 2904 1240 2987 κεχρημέ-

184 3023 224 3078 31
242 3028 338 3086 νους,
364 3000 408 3080 ὡς
422 3030 465 3087 μη
485 3004 590 3087 μόνον
609 3006 773 3082 ἐξαπατᾶν
789 3001 868 3081 τοδς
884 3005 958 3071 τότε
978 3003 1163 3079 ἀκούοντας
1179 2998 1241 3067 αὖ·

240 3109 323 3184 τῶν,
339 3098 422 3169 ἀλλά
440 3104 494 3169 καλ
506 3100 630 3189 μέχρι
614 3109 710 3188 ημῶν
722 3101 966 3171 διικνεῖσθαι
932 3130 969 3170 το
987 3103 1137 3182 ψεῦδος’
1120 3127 1156 3167 εκ
1170 3105 1241 3166 δια-

241 3204 338 3286 δοχῆς
349 3202 385 3267 ἐν
394 3207 578 3278 καλλίστοις
589 3206 681 3267 ἔπεσι
692 3204 747 3267 καὶ
756 3204 885 3286 μέτροις
895 3203 1155 3287 φυλαττόμενον.
1172 3200 1240 3284 ἐμοὶ

242 3306 326 3385 γοῦν
346 3297 503 3377 πολλάκις
523 3303 690 3367 αίδεῖσθαι
709 3297 794 3384 ὑπὲρ
816 3297 928 3367 αὐτῶν
949 3307 1092 3383 ἔπεισιν,
1117 3295 1241 3365 ὁπόταν

226 3396 402 3478 ,Οὐρανοῦ
424 3396 529 3484 τομὴν
551 3400 605 3465 καὶ
624 3400 833 3482 Προμηθέως
856 3397 960 3484 δεσμά
987 3402 1164 3483 διηγῶνται
1188 3396 1240 3463 καλ

242 3497 414 3579 Γιγάντων
430 3496 653 3564 ἐπανάστασιν
669 3499 725 3564 καλ
738 3495 800 3579 τὴν
817 3500 854 3564 ἐν
860 3495 977 3565 ’Ἅιδου
990 3504 1102 3563 πᾶσαν
1114 3520 1237 3583 τραγφ-
