2625 4092
199 294 889 355 ΔΗΜΟΣΘΕΝΟΤΣΕΓΚΩΜΙΟΝ.
983 292 1048 357 379

46 466 113 524 ιλεῑ
128 454 163 524 δέ
179 451 215 522 τὸ
232 452 406 540 φρόνημα..
423 454 580 539 ἐκτήσατο
595 462 683 539 γοῦν
697 449 811 532 αύτολς
824 451 962 523 Ιάιιούειυ
976 455 1047 523 Εύ·

46 564 153 636 δοιαν,
177 553 337 637 Μέγαρα,
355 551 396 619 τά
411 554 489 637 περὶ
505 550 567 619 τὸν
581 550 843 638 Ἑλλήσποντον,
863 551 927 638 τήν
938 561 1047 637 Βοιω-

46 660 122 719 τίαν.
145 652 199 719 καὶ
211 658 318 729 καλῶς
330 676 378 736 γε,
397 654 471 735 ἔφη,
488 655 643 715 ποιοῦσιν
655 645 826 735 Ἀθηναῖοι
836 650 972 735 Χάρητα
986 649 1048 735 ’μέν

46 752 94 817 καὶ
110 757 299 835 Διοπείθην
324 750 378 815 καὶ
392 747 566 831 Πρόξενον
585 748 640 815 καί
660 748 834 825 τοιούτους
850 746 946 829 τινάς
962 745 1048 834 άπα-

46 848 230 924 δεικνύυτες
245 851 456 929 στρατηγεῖν,
470 848 701 931 Δημοσθένην
715 844 751 912 δέ
762 854 842 913 είσω
855 847 1047 931 κατέχοντες

46 948 92 1013 ἔπὶ
112 952 174 1012 τοῦ
195 945 349 1032 βήματος.
380 941 424 1020 ιδς
448 948 479 1010 εί
501 949 621 1009 τοῦτον
644 940 911 1026 τόνιάνδρωπου
932 941 1047 1010 ὅπλων

46 1046 217 1131 ίπέφηναυ
226 1048 280 1113 καὶ
291 1052 378 1111 νεῶν
390 1044 443 1111 καί
454 1046 687 1123 στρατοπέδων
697 1046 752 1111 καί
763 1051 891 1127 καιρῶν
901 1044 956 1111 καὶ
966 1069 1046 1128 χρη-

46 1145 154 1211 ιάτωυ
169 1143 306 1229 κύριον,
328 1140 419 1211 ὀκνω
434 1139 478 1229 μή
496 1144 643 1229 περὶτῆς
658 1148 872 1220 Μακεδονίας
889 1141 934 1209 ἂν
950 1145 1046 1211 ’κατέ-

46 1246 140 1329 ττησέ
153 1270 209 1327 μοι
224 1240 284 1310 τὸν
298 1242 418 1329 λόγον,
433 1242 470 1321 ὃς
481 1243 536 1311 καὶ
551 1250 617 1310 νῦν
628 1241 693 1311 άπὸ
709 1244 933 1329 ψηφισμάτων
943 1240 1047 1309 άντα-

46 1341 259 1427 ιωνιζόμιυος
272 1338 353 1428 ἡμῖν
365 1348 534 1427 πανταχοῦ
550 1343 816 1429 συμπεριτρέχει,
834 1340 1047 1425 καταλαμβάὸ

46 1465 107 1525 νει,
123 1439 250 1523 πόρους
260 1438 423 1526 εὑρίσκει,
440 1440 585 1525 δύναμιν
599 1444 767 1526 συλλέγει,
783 1438 953 1525 ἐπιμήκεις
967 1436 1046 1506 στύ-
1064 1447 1116 1503 619

46 1546 119 1615 λους
135 1534 339 1622 άποπέμπει,
357 1540 531 1606 συυτάττει
549 1540 726 1624 δυνάμεις,
742 1536 1023 1626 άντιμεδίσταται.

123 1640 173 1704 38.
201 1642 344 1703 Τοιαῦτα
362 1638 415 1704 καὶ
433 1635 507 1704 τότε
523 1639 576 1705 καὶ
593 1637 753 1714 πολλάκις
770 1636 912 1722 πρόςμε
925 1642 1047 1702 Φίλιπ-

46 1758 100 1811 πος
117 1734 191 1815 περὶ
211 1730 352 1815 τάνδρὸς
372 1740 501 1819 ἔλεγεν,
521 1738 559 1801 ἓν
575 1741 642 1801 των
662 1731 752 1817 παρά
770 1742 827 1821 της
843 1734 944 1819 τύχης
965 1757 1047 1818 χρη-

46 1837 127 1897 στοδν
141 1832 369 1916 τιθέμενοςτό
387 1828 430 1917 μή
449 1847 644 1918 στρατηγεῖν
661 1829 721 1900 τὸν
735 1834 982 1918 Δημοσθένην,
1003 1819 1046 1897 ού

46 1955 75 1994 νε
94 1930 148 1995 καί
162 1926 241 2006 τούς
257 1928 377 2013 λόγους
394 1927 505 2012 ὥσπερ
521 1929 636 2013 κριούς
649 1926 671 2017 ή
686 1931 892 2007 καταπέλτας
902 1927 1046 2014 Ἀθήνη-

46 2036 104 2091 δευ
119 2021 336 2109 ὁρμωμένους
357 2030 514 2093 διασείων
529 2025 635 2095 αὐτοῦ
652 2030 707 2096 καὶ
720 2028 895 2110 ταράττειν
909 2024 949 2093 τά
963 2035 1047 2112 βου-

46 2118 200 2205 λεύματα·
222 2124 297 2204 περὶ
311 2122 373 2208 μὲν
387 2120 452 2208 γάρ
463 2130 676 2205 Χαιρωνείας
685 2124 764 2192 οὐδὲ
774 2122 856 2211 μετά
872 2121 934 2209 τήν
948 2130 1046 2209 νίκην

46 2219 179 2286 ἔπαύετο
194 2218 278 2301 πρὸς
292 2217 377 2306 ἡμᾶς
392 2224 499 2307 λέγων
515 2228 561 2301 είς
575 2222 656 2290 ὅσον
672 2223 855 2306 ἅνθρωπος
869 2220 955 2310 ἡμᾶς
972 2247 1048 2289 κιν-

46 2319 147 2385 δύνου
162 2322 349 2404 κατέστησε.
367 2324 419 2387 καί
431 2318 496 2405 γάρ
509 2326 538 2387 εί
547 2319 626 2403 παρ’
641 2325 757 2389 ἐλπίδα
767 2325 823 2391 καὶ
834 2328 934 2408 κακίᾳ
944 2340 1047 2404 στραε-

46 2421 148 2502 πηγῶν
164 2418 218 2485 καὶ
234 2424 444 2499 στρατιωτῶν
458 2416 571 2507 ἀταξίᾳ
584 2421 638 2487 καὶ
648 2430 688 2507 τῇ
701 2418 877 2508 παραδόξῳ
892 2421 979 2505 ῥοπῇ
990 2425 1047 2503 τῆς

46 2518 140 2601 τύχης
153 2523 193 2604 τῇ
208 2518 315 2593 πολλὰ
329 2518 488 2596 πολλάκις
508 2515 587 2603 ἡμῖν
602 2520 869 2605 συνειργασμένη
885 2516 1048 2601 κεκρατή·

46 2639 163 2698 ταμεν,
179 2611 253 2681 ἀλλ’
269 2617 320 2683 ἐπὶ
339 2624 416 2701 μιᾶς
426 2642 465 2703 γε
478 2617 601 2702 ταύτης
611 2614 734 2702 ἡμέρας
747 2613 807 2684 τόυ
822 2618 897 2698 περὶ
911 2623 968 2700 τῆς
985 2612 1048 2697 άρ-

46 2723 97 2798 ηῆς
112 2716 166 2781 καί
183 2722 240 2800 τῆς
255 2724 361 2802 ψυχῆς
381 2721 542 2783 κίνδυνον
563 2718 723 2798 ἐπέστησέ
739 2742 812 2799 μοι,
834 2710 893 2791 τάς
912 2711 1048 2795 ἀρίστας

46 2813 152 2890 πόλεις
167 2819 212 2891 εἰς
232 2816 270 2881 ἓν
290 2812 491 2900 συναγαγών
504 2817 559 2881 καί
575 2821 688 2880 πᾶσαν
700 2809 969 2899 τήνἙλληυικήν
986 2812 1048 2877 δή

46 2934 142 2995 ναμιυ
154 2908 332 2997 ἀθροίσας,
347 2909 545 2999 Ἀθηναίους
558 2912 625 2999 άμα
637 2916 691 2980 καὶ
700 2920 870 3000 Θηβαίους
880 2909 1048 2987 Βοιωτούς

46 3036 73 3075 ιε
91 3005 169 3087 τούς
179 3007 301 3088 ἄλλους
313 3014 366 3079 καὶ
376 3018 584 3093 Κορινθίους
594 3010 744 3099 Εὐβοέας
754 3038 790 3079 τε
803 3012 859 3079 καὶ
872 3012 1048 3097 Μεγαρέας

46 3110 93 3174 ιαὶ
104 3104 144 3174 τά
153 3109 310 3193 κράτιστα
320 3119 376 3195 τῆς
386 3108 541 3189 Ἑλλάδος
552 3109 822 3179 διακινδυνεύειν
831 3109 1048 3195 συναναγκά-

46 3229 99 3283 σας
115 3206 168 3274 καὶ
183 3204 261 3292 μηδ’
278 3218 356 3276 είσω
370 3234 411 3293 με
428 3216 484 3293 τῆς
500 3207 644 3296 Ἀττικής
660 3211 836 3294 ἐπιτρέψας
854 3217 1047 3294 παρελθείυε

46 3310 89 3373 39.
107 3312 255 3374 τοιοῦτοί
265 3332 350 3385 τινες
361 3301 447 3393 ἦσαν
462 3308 551 3397 αύτῷ
564 3324 711 3393 συνεχεῖς
720 3309 796 3394 περὶ
805 3310 1048 3395 Δημοσθένους

46 3408 74 3471 σί
86 3403 197 3490 λύγοι·
220 3407 275 3473 καί
291 3404 374 3487 πρός
393 3432 431 3491 γε
448 3404 526 3485 τούς
545 3412 703 3494 λέγοντας
722 3404 764 3487 ὡς
775 3411 885 3493 μέγαν
902 3412 969 3493 ἔχοι
984 3404 1047 3482 τόν
1065 3422 1117 3476 52⁰

46 3510 227 3590 Αθηναίων
244 3510 351 3591 δῆμον
365 3503 631 3594 ἀνταγωνιστήν,
647 3504 734 3593 Ἐμοί
747 3507 970 3593 Δημοσθένης
983 3504 1048 3592 μύ-
