2625 4092
440 260 739 321 ΑΝΑΧΑΡΣΙΣ.
1053 257 1095 319 65

83 444 275 505 τρεποιντο,
298 417 350 487 ἐπ’
369 423 480 487 ἐκεῖνα
497 419 533 487 δὲ
552 418 741 489 σπεύδοιεν.
769 437 841 513 τοῖς
863 426 902 491 δέ
920 448 958 510 γε
976 444 1097 510 κωμγ·

81 524 153 595 δοῑς
170 531 225 585 καί
246 514 480 586 ἀποσκώπτειν
501 521 556 586 καὶ
571 523 801 601 λοιδορεῖσθαι
813 523 950 606 ἐφίεμεν
965 521 998 596 ἐς
1018 514 1096 595 τούς

81 624 219 694 πολίτας
229 613 288 695 οὓς
298 612 342 683 ἀν
353 614 470 703 αίσχρά
481 618 534 684 καί
547 615 665 695 ἀνάξια
676 623 733 701 της
743 617 871 696 πόλεως
881 615 1097 703 ἐπιτηδεύου-

82 742 142 794 τας
157 724 362 799 αίσθωνται,
387 714 499 783 αὐτων
514 742 549 782 τε
566 717 705 781 ἐκείνων
721 717 836 801 χάριν,
859 713 1016 802 ἀμείνους
1031 709 1096 797 γάρ

82 810 174 880 οὕτω
191 820 363 899 γίγνονται
378 810 625 899 ὀνειδιζόμενοι,
642 815 697 882 καὶ
712 821 780 881 τῶν
789 822 936 900 πολλῶν,
953 811 996 890 ὥς
1011 837 1095 897 φευ-

82 936 180 997 γοιεν
194 908 254 976 τόν
271 913 322 977 ἐπὶ
337 926 405 990 τοῖς
420 909 547 998 ὁμοίοις
565 916 707 995 ἔλεγχον.

169 1014 219 1075 23.
239 1016 374 1077 ANAX.
397 1006 518 1091 Εἶδον,
535 1002 712 1094 ιόΣόλων,
728 1006 788 1087 οὓς
804 1005 1097 1099 φηςτούςτραγῳ-

83 1107 168 1187 δούς
185 1112 240 1176 καὶ
253 1111 453 1199 κωμῳδούς,
470 1119 503 1176 εί
514 1135 551 1194 γε
564 1112 689 1177 ἐκεῖνοί
699 1116 799 1192 εἰσιν,
821 1107 1019 1196 ὑποδήματα
1035 1109 1098 1193 μὲν

82 1210 190 1295 βαρέα
205 1210 260 1275 καί
276 1205 388 1293 ὑψηλά
404 1205 661 1292 ὑποδεδεμένοι,
682 1221 819 1292 χρυσαῖς
834 1209 870 1274 δὲ
883 1214 1025 1286 ταινίαις
1034 1205 1097 1293 την

82 1309 213 1393 ἐσθῆτα
229 1308 498 1391 πεποικιλμένοι,
522 1306 630 1391 κράνη
646 1306 683 1373 δὲ
699 1308 900 1389 ἐπικείμενοι
915 1310 1097 1393 παγγέλοια

84 1404 247 1491 κεχηνότα
262 1408 491 1491 παμμέγεθες,
508 1400 602 1471 αὐτοὶ
620 1404 657 1470 δέ
674 1409 818 1471 ἐνδοθεν
834 1404 960 1490 μεγάλα
977 1430 1012 1471 τε
1024 1406 1097 1471 έκε-

82 1503 255 1587 κράγεσαν
269 1506 323 1571 καὶ
346 1506 516 1590 διέβαινον
533 1498 595 1568 ούκ
611 1499 676 1568 οἷδ’
695 1500 786 1580 ὅπως
805 1499 963 1588 ἀσφαλῶς
979 1507 1014 1570 ἐν
1030 1517 1098 1581 τοῖς

82 1600 288 1687 ύποδημασι.
321 1603 481 1691 Διονύσῳ
500 1600 536 1669 δέ
560 1599 649 1686 οἶμαι
671 1602 745 1669 τότε
770 1599 904 1687 ἡπόλις
925 1603 1095 1686 ἑώρταζεν.

81 1705 120 1767 οί
136 1698 172 1766 δέ
186 1704 341 1789 κωμῳδοὶ
356 1702 555 1787 βραχύτεροι
570 1700 633 1786 μὲν
644 1702 783 1767 ἐκείνων
796 1704 850 1767 καί
866 1705 956 1783 πεζοὶ
967 1705 1023 1769 καὶ
1034 1698 1097 1767 άν-

83 1800 342 1882 θρωπινιότεροι
358 1802 412 1868 καὶ
427 1792 527 1885 ἦττον
542 1798 668 1885 ἐβόων,
686 1800 795 1884 κράνη
811 1799 846 1866 δέ
863 1798 951 1867 πολύ
965 1799 1097 1885 γελοιό-

82 1924 182 1982 τερα,
200 1901 254 1965 καί
269 1896 305 1964 τό
320 1903 466 1982 θέατρον
480 1906 565 1985 γοῦν
577 1896 669 1965 ἀπαν
683 1901 777 1983 ἐγέλα
789 1896 842 1965 ἐπ’
861 1897 987 1978 αὐτοῖς·
1012 1901 1096 1966 ἐκεί-

83 2023 156 2064 νων
169 1996 205 2063 δέ
220 2002 288 2062 τῶν
300 1993 439 2084 ὑψηλῶν
451 2002 648 2081 σκυθρωποί
661 1996 804 2075 ἅπαντες
817 1996 961 2084 ἤκουον,
977 2004 1096 2065 οίκτεί-

81 2120 220 2179 ροντες,
239 2092 344 2179 οἶμαι,
362 2094 486 2174 αύτούς
496 2100 597 2172 πέδας
607 2096 806 2180 τηλικαύτας
821 2099 1093 2182 ἐπισυρομένους.

170 2199 273 2261 ΣΟΛ.
298 2191 371 2259 Ούκ
388 2198 546 2277 ἐκείνους,
565 2187 690 2278 ύγαθέ,
709 2219 880 2277 οκτειρον,
896 2190 979 2261 ἀλλά
998 2220 1096 2280 ποιη-

80 2291 141 2379 τὴς
159 2301 239 2369 ίσως
255 2288 395 2377 ἀρχαίαν
408 2291 485 2360 τινά
502 2290 683 2379 συμφοράν
701 2296 913 2361 ἐπεδείκνυτο
929 2307 996 2369 τοῖς
1012 2304 1096 2360 θεα-

82 2407 157 2471 ταῑς
173 2393 229 2459 καὶ
243 2392 355 2477 ῥήσεις
367 2390 500 2477 οίκτράς
515 2392 694 2482 ἐτραγῴδει
704 2393 788 2475 πρός
801 2390 839 2459 τό
854 2396 1017 2477 θέατρον,
1034 2388 1093 2476 ὑφ’

83 2485 134 2561 dv
149 2495 183 2569 ἐς
198 2487 329 2572 δάκρυα
343 2513 555 2561 κατεσποντο
572 2496 607 2560 οί
619 2490 809 2569 ἀκούοντες.
834 2488 922 2569 είκός
937 2494 976 2558 δέ
988 2511 1025 2557 σε
1041 2493 1096 2558 καὶ

80 2589 275 2669 αὐλοῦντας
287 2594 467 2677 ἑωρακέναι
483 2594 575 2671 τινάς
590 2591 666 2659 τότε
681 2595 735 2660 καλ
750 2589 872 2668 ἀλλους
887 2591 1096 2680 συνᾴδοντας

84 2692 121 2757 ἐν
138 2690 253 2779 κύκλῳ
269 2702 486 2769 συνεστῶτας,
510 2688 584 2758 οὐδ’
603 2688 705 2773 αύτά,
729 2682 960 2775 άἈνάχαρσι,
980 2687 1094 2775 ἀχρεῖα
1115 2708 1166 2761 900

80 2786 217 2876 Ιᾅσματα
239 2790 293 2855 καὶ
317 2787 500 2875 αὐλήματα.
533 2790 664 2868 τούτοις
686 2786 719 2855 δ’
742 2781 806 2854 οὖν
830 2787 932 2855 άπασι
955 2789 1097 2865 καὶτοῖς

85 2886 252 2966 τοιούτοις
284 2889 561 2975 παραθηγόμενοι
595 2887 654 2967 τάς
686 2887 794 2974 ψυχάς
826 2885 983 2973 ἀμείνους
1016 2884 1097 2973 ἡμῖν

84 2992 266 3071 γίγνονται.

171 3090 222 3153 24,
244 3082 291 3152 Τά
306 3087 342 3153 δέ
357 3081 397 3170 δὴ
414 3084 566 3171 στόματα,
582 3085 664 3169 ὅπερ
682 3088 825 3172 μάλιστα
843 3088 979 3165 ἐπόθεις
993 3084 1098 3153 ἀκοῦ-

83 3205 159 3269 σαι,
176 3176 241 3252 ὦδε
253 3183 564 3272 καταγυμνάζομεν·
586 3186 817 3263 ἀποδύσαντες
827 3183 930 3270 αύτά,
944 3182 987 3262 ὥς
997 3191 1096 3271 ἔφην,

85 3280 198 3351 ούκέτι
209 3280 319 3352 άπαλά
331 3285 385 3352 καὶ
397 3287 510 3351 τέλεον
520 3282 699 3370 ἀσυμπαγῆ
712 3282 792 3350 ὄντα
806 3284 1013 3369 πρῶτονμὲν
1025 3286 1097 3351 ἐθί-

86 3385 154 3461 ζειν
169 3377 328 3465 ἀξιοῦμεν
348 3378 432 3463 πρός
453 3379 514 3449 τόν
535 3380 615 3465 ἀέρα
638 3389 906 3459 συνοικειοῦντες
923 3380 1008 3450 αὐτὰ
1027 3396 1098 3460 ταῖς

84 3477 189 3563 άόραις
201 3482 368 3632 ἑκάστηχης,
386 3476 429 3559 ὡς
439 3481 522 3567 μήτε
533 3483 665 3561 θάλπος
679 3486 911 3567 δυσχεραίνειν
922 3481 1002 3631 μὸητε
1014 3507 1098 3567 προς

172 3590 278 3630 wem«.
339 3615 346 3629 .
