2625 4092
309 253 542 316 νευοεωκ
564 250 902 313 mamm.
1071 250 1112 320 ος

94 417 264 501 μελλήσας
279 418 353 503 λέγε
364 413 434 483 ὅττι
447 438 506 481 κεν
517 408 570 481 ἐπ’
583 408 764 496 ἀκαιρίμαν
774 417 925 495 γλῶτταν
936 418 1032 503 έλθῃ,
1048 440 1113 500 μή·

94 510 157 579 δέν
173 514 313 581 ἐκείνων
326 517 554 599 ἐπιμεληθείς,
570 507 615 588 ὡς
629 506 667 577 τὸ
678 516 833 593 πρῶτον,
850 507 961 593 ὥσπερ
976 502 1042 578 ούν
1056 514 1112 580 καὶ

94 616 168 677 ἐστι
184 619 332 696 πρῶτον,
350 614 434 693 έρεῐς
449 613 486 677 έν
501 615 606 696 καιρῷ
617 608 822 691 προσήκοντι
834 609 888 673 καὶ
902 604 939 673 τδ
952 607 1112 690 δεύτερον

93 707 181 793 μετὰ
199 717 298 777 τοῦτο
321 712 376 779 καλ
390 705 426 776 τδ
449 715 561 790 τρίτου
583 702 653 791 μετ’
671 708 797 790 έκεῖνο,
817 702 901 773 άλλά
918 703 955 774 τὸ
978 716 1112 789 πρῶτον

94 803 246 891 ἐμπεσὸν
260 814 395 892 πρῶτον
415 808 582 892 λεγέσθω,
605 805 661 873 καὶ
679 800 724 889 ἢν
739 801 829 873 οὕτω
842 804 942 891 τύχῃ,
968 808 1043 887 περὶ
1065 813 1111 895 τῷ

94 904 241 993 μετιύπμ
256 908 318 990 μὲν
332 902 353 990 ή
367 912 501 991 κνημίς,
519 905 594 986 περὶ
607 910 647 991 τῇ
662 902 774 990 κνήμῃ
790 904 826 969 δέ
840 899 862 989 ἡ
878 902 991 985 κόρυς.
1023 899 1111 988 πλήν

94 999 175 1069 ἀλλ’
192 1006 302 1087 ἔπειγε
322 1004 374 1075 καὶ
397 1004 532 1087 σύνειρε
552 1000 666 1087 καὶμὴ
682 1001 792 1069 σιύπα
809 1001 927 1085 μόνον.
957 999 1022 1069 κάν
1037 1002 1111 1085 περὶ

92 1095 264 1184 ὑβριστοῦ
284 1122 375 1178 τινος
391 1095 413 1185 ή
438 1107 556 1185 μοιχοῦ
575 1098 673 1187 λέγῃς
685 1095 861 1183 Ἀθήνῃσι,
887 1097 927 1165 τά
943 1103 980 1167 ἐν
999 1097 1113 1179 Ἰνδοίς

92 1200 155 1265 καὶ
171 1196 381 1283 Ἐκβατάνοις
393 1201 554 1286 λεγέσθω.
577 1200 630 1265 ἐπὶ
644 1204 725 1264 πᾶσι
741 1197 777 1263 δέ
793 1194 811 1264 ὁ
826 1197 1008 1280 Μαραθῶν
1023 1202 1078 1268 καὶ
1089 1194 1111 1265 δ

94 1304 333 1381 Κυναίγειρος,
349 1289 401 1364 τέν
414 1294 477 1365 ούκ
488 1295 531 1364 άν
542 1324 573 1364 τι
585 1294 669 1365 άνευ
679 1297 820 1381 γένοιτο.
843 1298 899 1365 καί
909 1294 961 1364 άελ
975 1295 1112 1375 δ”Αθως

95 1402 252 1465 πλείσθω
268 1396 322 1463 καὶ
336 1393 354 1463 ὁ
372 1392 614 1481 Ἑλλήσποντος
628 1396 819 1475 πεζευέσθω
833 1398 887 1463 καλ
902 1392 921 1463 δ
936 1394 1030 1481 ήλιος
1042 1393 1110 1465 ὑπὸ

85 1502 169 1561 ’τῶν
185 1500 351 1579 Μηδικῶν
365 1500 474 1581 βελῶν
492 1495 669 1561 σκεπέσθω
686 1493 741 1559 καὶ
754 1495 876 1578 Ξέρξης
892 1497 1044 1577 φευγέτω
1057 1521 1112 1561 και

96 1588 118 1659 ὁ
142 1596 314 1670 Λεωνίδας
333 1595 560 1678 θαυμαζέσθω
575 1588 700 1657 ’καὶτὰ
723 1588 913 1671 Ὀθρυάδου
936 1592 1113 1677 γράμματα

94 1688 403 1775 άναγινωσκέσθω,
426 1692 482 1757 καὶ
502 1687 689 1775 ήΣαλαμὶς
707 1688 764 1755 καί
782 1686 819 1755 ιδ
838 1686 1042 1773 Ἀρτεμίσιον
1058 1692 1112 1757 καὶ

96 1794 138 1857 αι’
156 1792 319 1857 Πλαταιαὶ
335 1788 442 1857 πολλὰ
461 1796 565 1855 ταῦτα
586 1789 640 1855 καλ
664 1788 794 1869 πυκνά,
821 1790 875 1855 καὶ
897 1790 949 1855 ἐπὶ
969 1795 1051 1858 πᾶσι
1072 1786 1111 1857 τά

95 1884 196 1973 ὀλίγα
216 1892 325 1957 ἐκεῖνα
347 1886 495 1973 ὀνόματα
517 1890 738 1967 ἐπιπολαζέτω
753 1888 807 1953 καὶ
828 1888 1033 1969 ἐπανθείτω,
1054 1889 1109 1955 καὶ
1127 1906 1158 1959 αλ

98 1984 236 2071 συνεχὲς
246 1983 283 2051 τδ
297 1984 377 2055 ἄττα
392 1986 446 2053 καὶ
461 1982 498 2052 τδ
514 1984 706 2071 δήπουθεν,
719 1980 785 2051 κάν
797 1984 903 2070 μῃδὲυ
913 1980 1026 2051 αύτιιν
1036 1986 1111 2074 δέῃ·

98 2081 187 2149 καλά
211 2082 277 2167 γάρ
299 2087 442 2152 ἐστικαὶ
465 2090 535 2169 είκή
558 2084 729 2170 λεγόμενα.
766 2073 814 2152 1'9.
834 2080 878 2169 ήν
900 2085 939 2150 δέ
956 2109 1036 2150 ποτε
1057 2087 1111 2151 καὶ

99 2171 180 2272 ᾆσαι
201 2180 318 2265 καιρδς
341 2180 425 2249 εἶναι
447 2188 547 2271 δοκή,
574 2183 684 2249 πάντα
704 2202 758 2249 σοι
779 2180 915 2270 ᾀδέσθω
937 2183 992 2249 καὶ
1013 2181 1112 2267 μέλος

98 2282 281 2365 γιγνέσθω.
303 2280 368 2348 κάν
381 2307 460 2348 ποτε
476 2279 646 2368 ἀπορήσῃς
661 2281 853 2367 πράγματος
868 2279 1010 2371 ᾠδικοῦ,
1032 2278 1111 2359 τούς

100 2378 227 2464 ἄνδρας
242 2378 320 2458 τούς
334 2381 490 2458 δικαστὰς
508 2378 678 2464 ὀνομάσας
697 2382 843 2465 ἐμμελας
858 2385 1111 2465 πεπληρωκέναι

100 2486 178 2545 ρίου
187 2474 250 2562 τήν
264 2475 439 2563 ἁρμονίαν.
461 2476 498 2546 τὸ
514 2481 550 2545 δὲ
562 2487 651 2563 οίμοι
666 2486 733 2545 τῶν
744 2486 858 2545 κακῶν
869 2479 1039 2561 πολλάκις,
1056 2482 1110 2547 καὶ

100 2572 120 2644 δ
143 2572 247 2661 μηρὸς
270 2580 507 2658 πατασσέσθω,
535 2578 590 2644 καὶ
612 2578 789 2661 λαρύγγιζε
810 2580 864 2643 καὶ
880 2581 1111 2663 ,ἐπιχρέμπτου

102 2688 170 2753 τρίς
181 2676 372 2759 λεγομένοις
383 2676 436 2741 καὶ
448 2674 560 2760 βάδιζε
571 2678 768 2757 μεταφέρων
779 2670 840 2759 τήν
856 2675 977 2760 πυγήν.
1001 2676 1056 2742 καὶ
1065 2669 1110 2759 ήν

102 2774 164 2861 μέν
184 2792 222 2840 σε
239 2770 282 2859 μή
303 2776 502 2858 ἐπαινῶσιν,
529 2772 708 2857 ἀγανάκτει
729 2773 784 2840 καί
800 2780 957 2857 λοιδοροῦ
979 2773 1109 2853 αὐτοῖς’

102 2868 147 2959 ἦν
161 2872 198 2938 δὲ
213 2868 312 2954 ὀρθοὶ
333 2873 516 2957 ἑστήκωσιν
532 2868 597 2939 ὑπὸ
615 2878 673 2957 τής
692 2871 852 2956 αἰσχύνῃς
868 2869 931 2957 ήδη
948 2871 1033 2955 πρδς
1049 2870 1111 2959 τήν

103 2978 219 3055 ἐξοδον
235 2976 377 3060 ἕτοιμοι,
402 2977 604 3055 καθέζεσθαι
622 2975 755 3054 κέλευε,
777 2973 832 3040 καὶ
852 2971 938 3051 ὅλως
953 2975 1111 3056 τυραννίς

103 3070 139 3139 ιδ
155 3078 290 3158 πρᾶγμα
305 3078 396 3139 ἔστω.
419 3080 469 3141 20.
488 3070 578 3150 ὅπως
593 3071 628 3139 δέ
648 3074 703 3139 καὶ
717 3071 753 3138 τὸ
769 3077 899 3156 πλῆθος
915 3081 982 3140 τῶν
999 3074 1111 3158 λέγων

102 3171 337 3254 θαυμάζωσιν,
353 3165 419 3235 άπδ
435 3176 504 3235 τῶν
517 3167 666 3235 Ἰλιακοῐν
678 3165 865 3253 άρξάμενος
878 3162 901 3254 ἦ
915 3172 969 3237 καὶ
985 3168 1026 3257 νή
1043 3178 1109 3238 Δία

102 3261 167 3333 άπδ
197 3272 265 3332 τῶν
284 3275 521 3345 Δευκαλίωνος
545 3270 599 3335 καὶ
622 3269 761 3349 Πύρρας
783 3266 919 3353 γάμων,
948 3265 991 3353 ήυ
1017 3274 1108 3356 δοκῃ,

104 3368 298 3450 καταβίβαζε
319 3360 495 3450 τὸνλόγον
515 3367 569 3433 ἐπὶ
588 3365 628 3431 τά
657 3373 723 3432 νῦν
746 3376 957 3435 καθεστῶτα·
990 3371 1024 3435 οί
1046 3369 1110 3452 μὲν
1125 3385 1158 3437 λθ

104 3459 167 3546 γάρ
183 3463 352 3541 συνιέντες
367 3459 489 3547 ύλίγοι,
508 3464 562 3531 καὶ
576 3464 717 3548 μάλιστα
731 3464 794 3548 μὲν
807 3465 1032 3549 σιωπήσονται
1048 3462 1105 3531 ὑπ’
