2625 4092
243 265 306 325 400
598 259 904 320 ΛΟΤΚΙΑΝΟΤ

242 429 350 503 νεξίας
365 423 491 510 μήποτε
507 416 701 505 όρεχθείην,
725 424 928 502 μειονεκτῶν
944 416 975 485 δ’
992 417 1180 505 ἀνέχεσθαι
1196 424 1243 486 δυ

242 530 374 607 ναίμην.
400 527 448 589 λθ.
465 518 602 587 τοιαῦτά
614 541 668 586 σοι
677 520 719 585 τά
729 544 768 603 γε
781 516 938 604 ἡμέτερα,
955 519 1044 588 πολύ
1056 521 1175 607 δη’που
1185 522 1248 587 διό-

242 648 339 705 φωνα
355 636 421 699 τοῖς
436 628 504 688 τῶν
522 626 658 687 πολλῶν
672 618 875 704 βουλήμασι·
904 620 959 685 καὶ
975 616 1186 703 θαυμαστὸν
1201 615 1250 685 οὐ·

242 725 316 806 δέν,
343 727 374 788 εί
391 726 437 809 τῷ
465 720 604 805 σχήματι
627 718 830 801 διαφέρομεν
856 713 985 801 αὐτῶν,
1013 716 1119 785 ὁπότε
1142 722 1202 786 καὶ
1221 726 1253 805 τῇ

242 820 431 904 προαιρέσει
452 824 614 885 τοσοῦτον
630 819 842 900 διαφέρομεν.
870 816 1034 900 θαυμάζω
1051 820 1094 886 δέ
1105 838 1177 883 σου
1194 824 1254 893 πῶς

241 944 321 987 ποτε
336 921 531 1006 κιθαρῳδοῦ
547 918 608 1001 μέν
623 941 699 981 τινα
713 918 855 999 νομίζεις
870 913 993 999 στολὴν
1007 916 1063 982 καὶ
1076 921 1195 1001 σχῆμα
1209 916 1255 982 καὶ

242 1014 390 1100 αὐλητοῦ
403 1010 445 1099 νη
456 1020 525 1087 Δία
539 1039 576 1100 γε
591 1020 698 1098 σχῆμα
713 1015 768 1079 καὶ
781 1010 905 1097 στολὴν
921 1018 1116 1102 τραγῳδοῦ,
1137 1009 1256 1100 ἀνδρός

242 1116 278 1184 δὲ
301 1111 435 1199 ἀγαθοῦ
450 1119 556 1199 σχῆμα
574 1114 627 1180 καὶ
645 1109 768 1197 στολὴν
782 1108 895 1177 οὐκέτι
910 1115 1071 1195 νομιζεις,
1094 1108 1188 1179 ἀλλὰ
1202 1111 1257 1197 τὴν

243 1211 350 1297 αὐτὴν
363 1209 467 1279 αὐτόν
482 1221 544 1279 οἴει
562 1215 633 1278 δεῖν
649 1215 735 1296 ἔχειν
748 1223 817 1286 τοῖς
829 1217 982 1293 πολλοῖς,
997 1210 1052 1275 καὶ
1066 1217 1181 1277 ταῦτα
1194 1218 1256 1277 τῶν

242 1317 376 1379 πολλῶν
396 1317 511 1377 κακῶν
531 1308 649 1376 όντων.
684 1315 715 1377 εί
734 1308 796 1393 μὲν
812 1312 865 1374 δεῖ
883 1304 957 1384 ἑνός
980 1311 1070 1375 ἰδίου
1091 1309 1257 1395 σχήματος

242 1424 310 1487 τοῖς
324 1406 482 1494 ἀγαθοῖς,
503 1415 538 1476 τί
555 1410 676 1490 πρέποι
691 1402 877 1491 ἀνμᾶλλον
895 1401 917 1491 ἢ
936 1403 1035 1473 τοῦθ’
1054 1404 1145 1489 ὅπερ
1165 1406 1256 1474 ἀναι-

244 1508 402 1574 δέστατον
417 1520 485 1583 τοῖς
506 1504 703 1583 ἀκολάστοις
722 1506 791 1573 έστλ
811 1506 865 1571 καὶ
887 1502 970 1586 ὅπερ
989 1502 1194 1583 ἀπεύξαιντ’
1219 1502 1256 1570 ἄν

244 1598 338 1673 οῦτοι
349 1605 490 1688 μάλιστα
503 1611 606 1690 έχεινς
627 1608 676 1673 17.
690 1600 820 1670 οὐκοῦν
830 1604 868 1670 τό
880 1628 918 1689 γε
929 1600 1012 1688 ἐμόν
1021 1611 1134 1689 σχημα
1146 1611 1256 1671 τοιοῦ-

243 1704 304 1772 τόν
319 1705 425 1787 ἐστιν,
443 1701 615 1790 αὐχμηρὸν
627 1702 729 1784 εἶναι,
748 1703 866 1771 λάσιον
876 1699 982 1786 εἶναι,
995 1709 1150 1789 τρίβωνα
1161 1710 1256 1789 ἔχειν,

243 1808 368 1887 κομᾶν,
386 1798 625 1887 ἀνυποδητεῖν,
641 1797 678 1867 τό
694 1797 725 1865 δ’
743 1797 906 1885 ὑμέτερον
920 1797 1040 1884 ὅμοιον
1053 1808 1103 1889 τῷ
1119 1807 1195 1867 τῶν
1211 1829 1257 1869 κι-

244 1904 386 1984 ναίδων,
402 1900 457 1967 καὶ
474 1903 658 1982 διακρίνειν
673 1894 751 1965 οὐδὲ
765 1892 813 1976 εἷς
827 1893 870 1964 ἀν
885 1904 969 1982 έχοι,
984 1895 1028 1966 οὐ
1040 1906 1082 1987 τῇ
1091 1900 1183 1989 χρόᾳ
1195 1910 1258 1966 τῶν
1291 1943 1293 1995 7

244 2001 398 2083 ίματίων,
422 1995 462 2064 οὐ
483 2004 523 2086 τῇ
539 1998 757 2083 μαλακότητι,
785 1994 827 2063 οὐ
851 2004 896 2085 τῷ
921 1996 1045 2082 πλήθει
1068 2005 1141 2063 τῶν
1161 2024 1257 2083 χιτω-

175 2114 226 2171 549
245 2104 387 2177 νίσκων,
403 2091 445 2161 οῦ
460 2110 528 2175 τοῖς
543 2094 793 2181 ἀμφιόσμασιν,
811 2092 871 2180 οὐχ
886 2091 1118 2182 ὑποδήμασιν,
1138 2094 1185 2162 οῦ
1201 2123 1258 2163 κα-

243 2201 389 2283 τασκευῇ
403 2202 543 2279 τριχῶν,
562 2192 625 2261 οῦκ
640 2192 742 2281 ὀδμῇ·
764 2195 819 2261 καὶ
835 2192 899 2278 γὰρ
914 2191 1049 2274 ἀπόζετε
1063 2191 1131 2280 ἤδη
1147 2219 1256 2277 παρα-

243 2292 385 2378 πλήσιον
399 2295 537 2370 ἐκείνοις
549 2298 583 2359 οί
594 2292 882 2377 εὐδαιμονέστατοι
897 2284 991 2359 οῦτοι
1005 2293 1164 2378 μάλιστα.
1187 2302 1257 2363 καί·

244 2418 294 2459 τοι
310 2400 344 2459 τί
352 2388 395 2459 ἀν
411 2392 479 2482 δςάη
492 2419 540 2470 τις
559 2390 683 2473 ἀνδρὸς
696 2391 758 2477 τὴν
774 2390 880 2479 αὐτὴν
891 2406 958 2472 τοῖς
971 2399 1138 2472 κιναίδοις
1149 2393 1257 2481 ὀδμὴν

243 2498 391 2580 έχοντος;
412 2500 593 2578 τοιγαροῦν
604 2490 683 2569 τούς
694 2491 895 2576 μένπόνους
908 2488 1009 2559 οὐδὲν
1019 2494 1164 2559 ἐκείνων
1174 2502 1255 2578 μᾶλ-

242 2601 304 2659 λον
321 2589 497 2675 ἀνέχεσθε,
520 2591 578 2668 τὰς
593 2591 629 2658 δὲ
648 2588 774 2675 ἡδονὰς
789 2586 890 2657 οὐδὲν
905 2592 1043 2657 ἐκείνων
1056 2583 1182 2676 ἧττον·
1206 2596 1254 2661 καὶ

242 2695 409 2775 τρέφεσθε
422 2704 491 2767 τοῖς
508 2686 620 2766 αὐτοῖς
635 2690 689 2756 καὶ
705 2694 871 2773 κοιμᾶσθε
889 2686 1010 2774 ὁμοίως
1023 2692 1080 2757 καὶ
1095 2697 1255 2776 βαδιζετε,

243 2789 422 2875 μᾶλλονδὲ
438 2793 582 2875 βαδίζειν
597 2785 661 2855 οὐκ
678 2792 824 2870 ἐθέλετε,
847 2792 1011 2873 φέρεσθαι
1030 2790 1067 2856 δὲ
1083 2788 1203 2874 ῶσπερ
1219 2788 1255 2856 u}
1290 2861 1291 2868 χ

244 2895 364 2973 φορτία
380 2893 414 2955 οί
426 2889 487 2973 μὲν
501 2884 560 2953 ὐπ’
579 2884 791 2971 ἀνθρώπων,
808 2891 844 2954 οί
854 2888 889 2954 δὲ
901 2884 966 2953 ῦπό
979 2894 1130 2973 κτηνῶν·
1154 2892 1213 2976 ἐμὲ
1224 2887 1256 2954 δὲ

244 2991 278 3051 οί
290 2986 390 3063 πόδες
405 2989 568 3071 φέρουσιν
582 2982 722 3067 ὅποιπερ
738 2980 782 3052 ἀν
797 2989 930 3071 δέωμαι.
953 2984 1045 3071 κάγῶ
1060 2986 1126 3071 μὲν
1142 2984 1256 3062 ίκανδς

244 3085 297 3151 καὶ
321 3088 436 3171 ῥίγους
456 3083 633 3170 ἀνέχεσθαι
658 3086 713 3151 καὶ
732 3085 862 3162 θάλπος
884 3087 1001 3169 φέρειν
1020 3087 1075 3152 καὶ
1098 3100 1172 3164 τοῖς
1191 3092 1257 3153 τῶν

242 3188 335 3248 θεῶν
351 3187 460 3267 ἔργοις
481 3181 526 3269 μὴ
548 3186 795 3268 δυσχεραίνειν,
817 3183 1039 3262 διότι-ἄθλιός
1054 3191 1143 3269 είμι,
1166 3182 1256 3270 ὑμεῖς

243 3286 278 3349 δὲ
294 3280 348 3349 διὰ
360 3279 422 3368 τὴν
437 3281 654 3367 εὐδαιμονίαν
665 3282 776 3351 οὐδενὶ
789 3291 857 3350 τῶν
867 3286 1056 3370 γινομένων
1067 3282 1254 3371 ἀρέσκεσθε

243 3384 297 3449 καὶ
311 3382 418 3450 πάντα
432 3386 605 3469 μέμφεσθε
616 3385 671 3451 καὶ
682 3382 721 3449 τά
733 3383 795 3467 μέν
807 3384 958 3466 παρόντα
972 3386 1091 3469 φέρειν
1101 3382 1171 3451 οὐκ
1182 3386 1254 3451 ἐθέ-

243 3486 332 3563 λετε,
346 3487 414 3546 τῶν
430 3478 466 3545 δὲ
482 3478 638 3545 ἀπόντων
654 3482 807 3564 ἐφίεσθε,
823 3487 983 3565 χειμῶνος
996 3479 1058 3565 μὲν
1074 3477 1255 3566 εὐχόμενοι
