2625 4092
299 289 564 348 ETAIPIKOI
583 290 839 348 ΔΙΑΛΟΓΟΙ.
1007 285 1068 348 243

69 450 197 530 Σύραν.
228 449 270 517 σύ
292 455 344 533 δέ,
365 442 493 534 dunc,
515 447 574 515 τὸν
591 447 695 532 ι’ίρτον
711 450 765 517 καὶ
785 446 822 516 τὸ
842 459 940 517 θετον
958 452 1012 517 καὶ
1029 477 1068 516 τα

67 544 151 612 ἄλλα
166 548 274 615 πάντα
289 545 371 631 πρὸς
385 545 447 634 την
463 544 594 635 ἐπῳδὴν
609 545 784 633 εὐτρέπιζε.

552 801 581 861 5.

256 915 551 970 ΚΛειΝΑΡιοΝ
576 917 660 968 KAI
687 916 880 970 ΛΕειΝΑ.

154 1036 181 1099 l.
205 1038 344 1098 ΚΛΩΝ,
367 1027 476 1097 Καινὰ
498 1030 573 1112 περὶ
594 1036 657 1095 σου
677 1028 861 1114 ἀκούομεν,
885 1021 912 1095 ύ
935 1033 1069 1112 Λέαινα,

66 1126 129 1213 την
146 1136 291 1214 Λεσβίαν
315 1130 486 1213 Μέγιλλαν
507 1125 567 1213 την
588 1135 751 1194 πλουσίαν
773 1130 854 1211 ε’ρολν
874 1149 937 1194 σου
959 1126 1069 1209 ὥσπερ

68 1223 176 1307 ἄνδρα
193 1229 245 1293 καὶ
262 1241 411 1293 συνεῖναι
427 1224 513 1308 ὑμᾶς
525 1222 586 1290 ούκ
602 1223 665 1290 οἶδ’
679 1223 739 1291 ὅτι
755 1225 915 1302 ποιούσας
926 1223 996 1310 μετ’
1010 1224 1070 1291 άλ-

68 1324 189 1408 λήλων.
212 1330 246 1390 τί
252 1331 368 1404 τοῦπος
389 1321 611 1408 ἠρυθρίασας;
635 1319 709 1389 ἀλλ’
723 1325 791 1391 εἰπὲ
805 1329 835 1391 εί
844 1321 954 1408 άληθη
966 1323 1069 1389 ταύτά

68 1423 167 1487 ἐστιν.
429 1425 431 1430 ’

151 1525 268 1587 ΛΕΛΙ.
290 1516 429 1605 Ἀληθῆ,
450 1511 475 1584 a}
494 1518 707 1603 Κλωνάριον·
730 1519 928 1604 αἰσχύνομαι
943 1521 993 1598 δέ,
1011 1518 1071 1587 άλ-

69 1619 210 1686 λόκοτον
225 1619 289 1703 γάρ
304 1627 336 1685 τί
349 1623 424 1684 ἐστι.

155 1723 291 1783 ΚΛΩΝ.
315 1715 405 1800 Πρὸς
420 1725 476 1802 τῆς
491 1717 725 1801 κουροτρόφου
740 1722 774 1783 τί
781 1713 818 1782 τὸ
837 1722 988 1800 πρᾶγμα,
1003 1712 1024 1801 ἢ
1039 1722 1072 1782 τί

67 1815 223 1898 βούλεται
234 1811 254 1900 ἡ
265 1816 352 1901 γυνη
360 1845 369 1896 3
387 1825 419 1882 τί
428 1817 463 1882 δέ
474 1818 527 1882 καὶ
540 1815 714 1899 πράττετε,
728 1812 808 1880 ὅταν
820 1821 956 1899 συνῆτες
972 1811 1069 1903 ὁρᾷς;

152 2017 271 2092 ΛΕΛΙ.
296 2019 386 2079 Φιλύ
401 2016 461 2096 μέν
479 2033 531 2095 σε,
556 2018 585 2079 εί
598 2018 656 2078 καί
668 2037 742 2077 τινα
759 2009 872 2095 ἄλλην.
894 2007 1016 2096 ἡγυνὴ
1035 2013 1070 2078 δὲ

68 2110 185 2185 δεινῶς
203 2106 342 2194 ἀνδρική
358 2114 454 2178 ἐστιν.

154 2211 182 2270 2.
200 2213 337 2273 ΚΛΩΝ.
364 2205 414 2273 Ού
434 2209 599 2291 μανθάνω
619 2206 639 2273 ὅ
656 2234 685 2273 τι
704 2208 758 2273 καὶ
773 2211 894 2291 λέγεις,
919 2212 949 2274 ελ
960 2207 1005 2292 μή
1022 2234 1071 2285 τις

68 2307 268 2387 ἑταιρίστρια
282 2305 437 2391 τυγχάνει
452 2299 552 2372 οὖσα·
581 2307 736 2384 τοιαύτας
748 2303 813 2391 γὰρ
835 2308 871 2372 έν
885 2310 1002 2394 Λέσβῳ
1017 2311 1070 2373 λέ-

67 2422 167 2488 γουσι
181 2400 344 2486 γυναῖκας’
357 2403 588 2488 ἀρρενωπούς,
613 2401 671 2469 ὑπ’
688 2401 823 2488 ἀνδρῶν
839 2405 900 2488 μὲν
915 2403 976 2471 οὐκ
993 2406 1070 2472 έθε-

68 2505 192 2576 λούσας
214 2498 294 2566 αὐτὸ
317 2501 472 2588 πάσχειν,
498 2505 626 2588 γυναιξὶ
650 2501 686 2568 δὲ
707 2498 808 2580 αὐτὰς
830 2503 1070 2588 πλησιαζούσας

69 2596 181 2680 ὥσπερ
194 2595 326 2682 ἄνδρας.

155 2702 273 2762 ΛΕΛΙ.
300 2699 460 2766 Τοιοῦτόν
474 2725 514 2764 τι.

153 2801 292 2863 ΚΛΩΝ.
314 2794 465 2873 Οὐκοῦν,
484 2789 511 2863 ύ
520 2799 661 2881 Λέαινα,
678 2804 777 2863 τούτο
790 2794 870 2862 αὐτὸ
885 2798 940 2864 καὶ
954 2797 1069 2884 διήγη-

68 2913 141 2975 σαι,
159 2890 248 2969 ὄπως
262 2894 323 2976 μὲν
339 2897 451 2977 ἐπείρα
464 2894 500 2961 τὸ
519 2902 669 2980 πρῶτον,
687 2894 776 2973 ὅπως
792 2897 826 2962 δέ
842 2898 896 2964 καὶ
912 2895 955 2963 σύ
971 2918 1070 2963 συνε-

67 2997 208 3076 πείσθης
226 2993 280 3059 καὶ
296 2993 335 3058 τά
353 2991 433 3078 μετὰ
448 3002 559 3061 ταῦτα.
1089 3016 1139 3068 290

153 3098 269 3161 ΛΕΑΙ.
294 3094 406 3160 Πύτον
426 3093 500 3162 τινὰ
516 3099 758 3177 συγκροτοῦσαι
773 3090 856 3178 αὐτή
876 3120 910 3159 τε
927 3094 981 3161 καὶ
998 3102 1071 3179 Δη-

67 3189 226 3274 μώνασσα
246 3189 265 3275 ἡ
286 3199 468 3273 Κορινθία,
491 3199 680 3260 πλουτοῦσα
697 3192 733 3258 δὲ
750 3193 804 3260 καλ
819 3189 902 3277 αὐτὴ
918 3195 972 3259 καὶ
989 3189 1071 3278 ὁμό-

68 3314 181 3375 τεχνος
192 3282 276 3356 ούσα
288 3297 326 3378 τῇ
339 3297 505 3378 Μεγίλλη,
521 3293 709 3376 παρέλαβον
720 3287 802 3372 κάμὲ
813 3297 997 3373 κιθαρίζειν
1009 3289 1070 3357 αύ-

68 3402 152 3466 tace·
177 3389 245 3454 ἐπεὶ
260 3388 296 3453 δέ
310 3390 486 3472 ἐκιθάρισα
496 3391 556 3457 καὶ
571 3387 653 3470 άιορὶ
671 3381 713 3474 ἦν
730 3392 783 3455 καὶ
798 3393 863 3455 ἔδει
878 3390 1070 3469 καθεύδειν,

68 3491 105 3553 αι’
126 3487 162 3554 δὲ
180 3489 343 3571 ἐμέθυον,
361 3485 440 3571 ’Ἁγε
462 3487 519 3574 δή,
546 3493 626 3576 ἔφη,
655 3481 682 3554 σῖ
703 3491 843 3571 Λέαινα,
869 3485 1071 3572 ἡΜέγιλλα,

868 3580 907 3637 16
920 3584 934 3613 *
