2625 4092
106 293 226 350 ΠΕΡΙ
247 290 342 349 ΤΗΣ
360 289 681 348 ΠΕΡΕΓΡΙΝΟΥ
700 286 975 345 ΤΕΛΕΥΤΗΣ.
1020 283 1081 347 273

74 451 217 539 τὸνμὲν
239 450 303 537 γάρ
326 454 481 517 Σινωπέα
510 444 531 534 ἢ
560 447 619 514 τὸν
645 446 848 515 διδάσκαλον
874 449 980 514 αὐτοῦ
1007 445 1151 525 ’νίν-33η

74 550 212 634 τισθένη
231 545 308 617 ούδέ
339 546 566 632 παραβάλλειν
580 544 675 633 ἠξίου
697 544 804 636 αὐτῷ,
830 543 902 613 ἀλλ’
922 543 1001 613 οὐδὲ
1023 543 1082 614 τόν

75 647 239 732 Σωκράτη
263 642 383 727 αύτόν,
411 643 518 711 ἐκάλει
541 643 576 710 δέ
603 643 664 710 τόν
682 651 748 712 Δία
774 645 826 712 ἐπὶ
845 641 906 730 τὴν
927 643 1080 729 ἅμιλλαν.

74 744 142 814 εἶτα
158 746 271 830 μέντοι
288 747 401 820 ἔδοξεν
416 738 506 831 αύτῷ
524 750 616 819 ίσους
637 767 707 819 πως
723 743 868 826 φυλάξαι
884 740 1007 819 αύτούς
1028 744 1082 810 καὶ

75 842 164 910 οὕτω
178 844 362 908 κατέπαυσε
379 837 439 906 τόν
456 839 574 925 λόγον·
605 849 634 908 6.
653 842 729 909 Δύο
743 839 808 927 γάρ
825 848 945 921 ταῦτα,
963 849 1043 928 ἔφη,
1064 838 1080 908 ὁ

75 948 147 1028 βίος
176 937 293 1022 ἀρίστα
322 937 594 1024 δημιουργήματα
626 939 805 1016 ἐθεάσατο,
840 938 899 1007 τόν
924 948 992 1010 Δία
1022 939 1083 1008 τδυ

73 1037 254 1123 Ὀλύμπιον
269 1037 323 1103 καὶ
338 1037 492 1118 Πρωτέα,
509 1037 650 1103 πλάσται
668 1036 703 1104 δέ
719 1039 773 1104 καὶ
788 1052 929 1122 τεχνῖται
946 1041 1083 1124 τοῦμὲν

75 1140 225 1217 Φειδίας,
248 1141 308 1200 τοῦ
331 1137 364 1200 δὲ
387 1132 407 1220 ἡ
432 1135 544 1218 φύσις.
576 1132 661 1203 ἀλλά
682 1143 747 1203 νῦν
767 1140 799 1216 ἐξ
821 1133 1016 1223 ἀνθρώπων
1037 1144 1083 1217 εἰς

73 1230 178 1309 θεούς
192 1229 228 1298 τό
243 1229 376 1318 ἀγαλμα
391 1239 488 1298 τοῦτο
505 1233 669 1318 οἰχήσεται
684 1231 869 1319 ὀχούμενον
882 1237 932 1303 ἐπὶ
943 1243 1004 1302 τοῦ
1015 1261 1082 1301 πυ-

75 1329 132 1414 ρός
149 1327 321 1414 ὀρφανούς
332 1328 417 1417 ἡμᾶς
432 1331 624 1398 καταλιπόν.
648 1339 751 1398 ταῦτα
763 1331 825 1412 ξύν
841 1342 951 1421 πολλῷ
967 1337 1081 1417 ἱδρῶτι

75 1425 258 1508 διεξελθών
275 1428 415 1511 ἐδάκρυε
426 1429 513 1514 μάλα
524 1435 661 1514 γελοίως
676 1433 729 1496 καί
743 1429 802 1510 τάς
813 1439 923 1516 τρίχας
941 1437 1080 1500 ἐτίλλετο

74 1525 340 1611 ὑποφειδόμενος
365 1525 408 1612 μὴ
428 1527 520 1592 πάνυ
536 1528 663 1611 ἕλκειν,
689 1529 743 1594 καὶ
762 1533 853 1606 τέλος
874 1528 1003 1616 ἀπῆγον
1020 1527 1081 1597 αό-

72 1623 132 1690 τὸν
143 1625 283 1704 λύζοντα
294 1623 415 1709 μεταξύ
424 1631 493 1692 τῶν
501 1631 663 1691 Κυνικῶν
672 1651 760 1704 τινες
769 1628 1079 1712 παραμυθούμενοι.

74 1725 101 1789 7.
121 1719 204 1805 μετά
220 1723 255 1788 δὲ
272 1727 392 1787 τοῦτον
408 1720 507 1798 ἀλλος
525 1717 631 1800 εὐθύς
644 1719 818 1810 ἀναβαίνει
835 1720 877 1790 ού
892 1731 1083 1809 περιμείνας

75 1825 278 1905 διαλυθῆναι
300 1817 336 1884 τὸ
356 1826 501 1904 πλῆθος,
525 1817 607 1886 ἀλλά
624 1817 675 1888 ἐπ’
697 1824 890 1907 αἰθομένοις
912 1838 979 1901 τοῖς
998 1849 1081 1905 προ-

72 1921 182 1998 τέροις
198 1923 328 1999 ἱερείοις
346 1919 451 2001 ἐπέχει
467 1926 535 1983 τῶν
552 1923 723 1985 σπονδῶν·
752 1923 807 1987 καί
821 1919 857 1986 τὸ
875 1919 935 2005 μὲν
948 1929 1082 2002 πρῶτον

73 2019 127 2084 ἐπὶ
150 2013 237 2084 πολύ
255 2018 349 2100 ἐγέλα
369 2019 423 2081 καὶ
447 2019 545 2101 δῆλος
565 2010 608 2101 ἦν
629 2019 766 2084 νειόθεν
782 2016 863 2085 αὐτὸ
880 2023 989 2102 δρῶν,
1014 2017 1081 2086 εἶτα

72 2113 193 2200 ἤρξατο
210 2103 276 2179 ὧδέ
287 2138 371 2190 πως·
393 2110 509 2180 Έπείὸ
528 2113 713 2195 κατάρατος
727 2120 894 2201 Θεαγένης
910 2120 1001 2194 τέλος
1013 2124 1080 2183 τῶν
1099 2131 1146 2185 3³1

72 2212 292 2298 μιαρωτάτων
303 2209 408 2277 αὐτοῦ
420 2209 530 2296 λόγων
545 2210 584 2278 τά
597 2209 813 2294 Ἡρακλείτου
827 2217 957 2296 δάκρυα
967 2217 1080 2301 ἐποιη-

12 2323 13 2336 ³
72 2332 171 2392 σατο,
190 2310 254 2394 ἐγὼ
272 2308 354 2376 κατά
370 2309 406 2376 τδ
422 2315 574 2378 ἐναντίον
593 2309 657 2378 ἀπὸ
673 2318 734 2378 τοῦ
747 2320 962 2397 Δημοκρίτου
976 2317 1079 2398 γέλω-

72 2434 128 2484 τος
143 2405 292 2492 ἀρξομαι.
322 2409 376 2474 καὶ
391 2399 492 2486 αὖθις
509 2413 603 2492 ἐγέλα
624 2411 676 2476 ἐπὶ
692 2410 794 2489 πολύ,
818 2409 969 2479 ὥστεκαὶ
986 2408 1080 2495 ἡμῶν

72 2501 152 2580 τούς
167 2501 312 2580 πολλούς
323 2506 375 2571 ἐπὶ
386 2501 423 2571 τό
434 2503 552 2591 όμοιον
567 2506 783 2573 ἐπεσπάσατο.
805 2513 834 2574 8.
849 2505 915 2574 εἶτα
931 2510 1080 2590 ἐπιστρέ-

71 2615 139 2679 ψας
155 2601 276 2666 ἑαυτόν
286 2596 351 2686 ,Ἢ
360 2609 394 2668 τί
404 2600 468 2685 γάρ
485 2602 583 2687 ἀλλο,
599 2609 681 2688 έφη,
699 2597 726 2670 ὦ
741 2603 876 2686 ἀνδρες,
898 2605 958 2692 χρὴ
974 2621 1081 2674 ποιεῖν

71 2696 242 2765 ἀκούοντα
257 2700 319 2785 μέν
336 2699 425 2768 οὕτω
439 2710 579 2786 γελοίων
598 2703 744 2788 ῥήσεων,
760 2700 891 2783 ὁρῶντα
907 2703 942 2769 δὲ
957 2704 1082 2786 ἀνδρας

71 2797 234 2882 γέροντας
250 2801 406 2881 δοξαρίου
422 2800 653 2866 καταπτύστου
670 2801 767 2866 ἕνεκα
784 2803 964 2886 μονονουχὶ
985 2809 1082 2887 κυβι-

72 2902 222 2973 στῶντας
237 2898 273 2962 ἐν
294 2904 339 2985 τῷ
355 2900 461 2987 μέσῳς
484 2894 527 2974 ὥς
550 2895 585 2963 δὲ
602 2901 736 2982 είδείητε
758 2892 831 2965 οἶόν
846 2925 876 2963 τι
899 2897 936 2966 τό
951 2897 1082 2985 ἄγαλμά

72 2995 143 3060 ἐστι
160 2988 196 3058 τὸ
210 2995 487 3080 καυθησόμενον,
504 2993 672 3063 ἀκούσατέ
682 2998 793 3080 μουέξ
808 2994 909 3084 ἀρχῆς
923 3024 1081 3083 παραφυ-

73 3090 234 3172 λάξαντος
251 3089 312 3177 τήν
332 3094 471 3179 γνώμην
488 3090 593 3160 αὐτοῦ
615 3093 670 3159 καί
690 3090 749 3158 τὸν
766 3099 841 3179 βίον
860 3096 1081 3182 ἐπιτηρήσαν-

74 3214 145 3270 τος·
170 3195 241 3257 ένια
260 3191 295 3256 δέ
312 3190 401 3274 παρά
418 3198 484 3258 τῶν
498 3199 644 3260 πολιτῶν
656 3188 762 3258 αὐτοῦ
774 3193 1017 3279 ἐπυνθανόμην
1028 3198 1079 3262 καί

75 3283 125 3365 οἷς
140 3285 269 3374 ἀνάγκη
284 3281 326 3374 ἦν
343 3287 489 3376 ἀκριβῶς
504 3293 626 3364 εἰδέναι
638 3286 751 3355 αύτόν.
774 3295 802 3357 9.
822 3287 858 3357 τό
871 3288 935 3376 γάρ
946 3299 1003 3378 τῆς
1014 3294 1082 3376 φύ-

76 3407 159 3463 σεως
176 3394 275 3453 τοῦτο
296 3388 429 3473 πλάσμα
445 3390 499 3455 καὶ
515 3386 762 3473 δημιούργημα,
786 3383 803 3454 ὁ
819 3394 880 3455 τοῦ
897 3396 1082 3458 Πολυκλεί-

76 3509 136 3550 του
150 3483 279 3570 κανών,
304 3487 373 3552 ἐπεὶ
397 3490 441 3562 είς
457 3483 582 3566 ἀνδρας
598 3493 704 3552 τελείν
718 3483 854 3570 ἤρξατο,
878 3488 916 3553 ἐν
929 3483 1081 3575 Ἀρμενίᾳ

160 3608 265 3647 wem«.
286 3595 330 3649 111.
904 3588 944 3651 18
