<?xml version="1.0" encoding="UTF-8"?>
<!DOCTYPE html PUBLIC "-//W3C//DTD XHTML 1.0 Transitional//EN"
    "http://www.w3.org/TR/xhtml1/DTD/xhtml1-transitional.dtd">
<html xmlns="http://www.w3.org/1999/xhtml" xml:lang="en" lang="en">
 <head>
  <title>
</title>
<meta http-equiv="Content-Type" content="text/html;charset=utf-8" />
  <meta name='ocr-system' content='tesseract 3.04.00' />
  <meta name='ocr-capabilities' content='ocr_page ocr_carea ocr_par ocr_line ocrx_word'/>
</head>
<body>
  <div class='ocr_page' id='page_1' title='image "./lucianisamosate04jacogoog/lucianisamosate04jacogoog_0191.png"; bbox 0 0 2625 4092; ppageno 0'>
   <div class='ocr_carea' id='block_1_1' title="bbox 352 275 1085 339">
    <p class='ocr_par' dir='ltr' id='par_1_1' title="bbox 352 275 1085 339">
     <span class='ocr_line' id='line_1_1' title="bbox 352 275 1085 339; baseline 0.004 -3"><span class='ocrx_word' id='word_1_1' title='bbox 352 279 518 336; x_wconf 75' lang='grc' dir='ltr'><em>ΜΤΙΑΣ</em></span> <span class='ocrx_word' id='word_1_2' title='bbox 536 279 823 338; x_wconf 75' lang='grc' dir='ltr'><em>ΕΓΚΩΜΙΟΝ.</em></span> <span class='ocrx_word' id='word_1_3' title='bbox 1024 275 1085 339; x_wconf 88' lang='grc'><strong><em>135</em></strong></span> 
     </span>
    </p>
   </div>
   <div class='ocr_carea' id='block_1_2' title="bbox 324 546 840 618">
    <p class='ocr_par' dir='ltr' id='par_1_2' title="bbox 324 546 840 618">
     <span class='ocr_line' id='line_1_2' title="bbox 324 546 840 618; baseline -0.004 0"><span class='ocrx_word' id='word_1_4' title='bbox 324 549 507 618; x_wconf 69' lang='lat' dir='ltr'><strong><em>mm</em></strong></span> <span class='ocrx_word' id='word_1_5' title='bbox 529 546 840 616; x_wconf 76' lang='grc' dir='ltr'><em>ΕΓΚΩΜΙΟΝ</em></span> 
     </span>
    </p>
   </div>
   <div class='ocr_carea' id='block_1_3' title="bbox 74 701 1084 1104">
    <p class='ocr_par' dir='ltr' id='par_1_3' title="bbox 74 701 1084 1104">
     <span class='ocr_line' id='line_1_3' title="bbox 164 701 1084 809; baseline -0.003 -18"><span class='ocrx_word' id='word_1_6' title='bbox 164 731 192 791; x_wconf 87' lang='grc'><strong><em>1.</em></strong></span> <span class='ocrx_word' id='word_1_7' title='bbox 208 721 252 790; x_wconf 90' lang='grc' dir='ltr'><em>Ἡ</em></span> <span class='ocrx_word' id='word_1_8' title='bbox 262 738 343 809; x_wconf 99' lang='grc' dir='ltr'><strong><em>μυῖα</em></strong></span> <span class='ocrx_word' id='word_1_9' title='bbox 362 729 428 790; x_wconf 89' lang='grc' dir='ltr'><strong><em>ἐστι</em></strong></span> <span class='ocrx_word' id='word_1_10' title='bbox 444 722 506 807; x_wconf 77' lang='grc' dir='ltr'><strong><em>μὲν</em></strong></span> <span class='ocrx_word' id='word_1_11' title='bbox 521 719 561 789; x_wconf 95' lang='grc' dir='ltr'><strong><em>οὐ</em></strong></span> <span class='ocrx_word' id='word_1_12' title='bbox 576 718 612 788; x_wconf 86' lang='grc' dir='ltr'><strong><em>τὸ</em></strong></span> <span class='ocrx_word' id='word_1_13' title='bbox 630 701 850 809; x_wconf 85' lang='grc' dir='ltr'><strong><em>σμικρότατόν</em></strong></span> <span class='ocrx_word' id='word_1_14' title='bbox 864 729 932 788; x_wconf 90' lang='grc' dir='ltr'><strong><em>τῶν</em></strong></span> <span class='ocrx_word' id='word_1_15' title='bbox 947 718 1084 808; x_wconf 81' lang='grc' dir='ltr'><em>ὀρνέων,</em></span> 
     </span>
     <span class='ocr_line' id='line_1_4' title="bbox 75 820 1083 908; baseline -0.005 -20"><span class='ocrx_word' id='word_1_16' title='bbox 75 820 161 888; x_wconf 85' lang='grc' dir='ltr'><strong><em>ὅσον</em></strong></span> <span class='ocrx_word' id='word_1_17' title='bbox 176 826 287 908; x_wconf 78' lang='grc' dir='ltr'><strong><em>ἐμπίσι</em></strong></span> <span class='ocrx_word' id='word_1_18' title='bbox 307 823 362 888; x_wconf 84' lang='grc' dir='ltr'><strong><em>καὶ</em></strong></span> <span class='ocrx_word' id='word_1_19' title='bbox 382 820 519 902; x_wconf 76' lang='grc' dir='ltr'><strong><em>κῶνωψι</em></strong></span> <span class='ocrx_word' id='word_1_20' title='bbox 534 822 670 897; x_wconf 83' lang='grc' dir='ltr'><strong><em>καὶτοῖς</em></strong></span> <span class='ocrx_word' id='word_1_21' title='bbox 687 825 733 887; x_wconf 87' lang='grc' dir='ltr'><strong><em>ἐτι</em></strong></span> <span class='ocrx_word' id='word_1_22' title='bbox 754 822 961 901; x_wconf 73' lang='grc' dir='ltr'><strong><em>λεπτοτέροις</em></strong></span> <span class='ocrx_word' id='word_1_23' title='bbox 976 841 1083 902; x_wconf 90' lang='grc' dir='ltr'><strong><em>παρα-</em></strong></span> 
     </span>
     <span class='ocr_line' id='line_1_5' title="bbox 74 913 1084 1005; baseline -0.005 -18"><span class='ocrx_word' id='word_1_24' title='bbox 74 921 230 1005; x_wconf 81' lang='grc' dir='ltr'><strong><em>βάλλειν,</em></strong></span> <span class='ocrx_word' id='word_1_25' title='bbox 255 916 339 987; x_wconf 72' lang='grc' dir='ltr'><strong><em>άλλιὶ</em></strong></span> <span class='ocrx_word' id='word_1_26' title='bbox 358 928 521 985; x_wconf 79' lang='grc' dir='ltr'><strong><em>τοσούτου</em></strong></span> <span class='ocrx_word' id='word_1_27' title='bbox 541 921 678 986; x_wconf 83' lang='grc' dir='ltr'><strong><em>ἐκείνων</em></strong></span> <span class='ocrx_word' id='word_1_28' title='bbox 691 921 827 1003; x_wconf 77' lang='grc' dir='ltr'><strong><em>μεγέθει</em></strong></span> <span class='ocrx_word' id='word_1_29' title='bbox 845 915 982 1002; x_wconf 89' lang='grc' dir='ltr'><strong><em>προύχει</em></strong></span> <span class='ocrx_word' id='word_1_30' title='bbox 1002 913 1084 982; x_wconf 81' lang='grc' dir='ltr'><strong><em>ὅσον</em></strong></span> 
     </span>
     <span class='ocr_line' id='line_1_6' title="bbox 75 1010 1083 1104; baseline -0.004 -21"><span class='ocrx_word' id='word_1_31' title='bbox 75 1016 161 1103; x_wconf 89' lang='grc' dir='ltr'><strong><em>αὐτῆ</em></strong></span> <span class='ocrx_word' id='word_1_32' title='bbox 184 1025 333 1104; x_wconf 78' lang='grc' dir='ltr'><strong><em>μελίττης</em></strong></span> <span class='ocrx_word' id='word_1_33' title='bbox 352 1015 573 1084; x_wconf 79' lang='grc' dir='ltr'><strong><em>ἀπολείπεται.</em></strong></span> <span class='ocrx_word' id='word_1_34' title='bbox 607 1018 784 1099; x_wconf 85' lang='grc' dir='ltr'><strong><em>ἐπτέρωται</em></strong></span> <span class='ocrx_word' id='word_1_35' title='bbox 808 1015 844 1085; x_wconf 78' lang='grc' dir='ltr'><strong><em>δέ</em></strong></span> <span class='ocrx_word' id='word_1_36' title='bbox 867 1013 908 1082; x_wconf 90' lang='grc' dir='ltr'><strong><em>οὐ</em></strong></span> <span class='ocrx_word' id='word_1_37' title='bbox 935 1010 1017 1081; x_wconf 81' lang='grc' dir='ltr'><strong><em>κατά</em></strong></span> <span class='ocrx_word' id='word_1_38' title='bbox 1043 1011 1083 1080; x_wconf 83' lang='grc' dir='ltr'><strong><em>τά</em></strong></span> 
     </span>
    </p>
   </div>
   <div class='ocr_carea' id='block_1_4' title="bbox 73 1111 1135 3572">
    <p class='ocr_par' dir='ltr' id='par_1_4' title="bbox 73 1111 1135 3572">
     <span class='ocr_line' id='line_1_7' title="bbox 75 1111 1084 1199; baseline -0.006 -17"><span class='ocrx_word' id='word_1_39' title='bbox 75 1113 161 1182; x_wconf 85' lang='grc' dir='ltr'><strong><em>αὐτοὶ</em></strong></span> <span class='ocrx_word' id='word_1_40' title='bbox 179 1130 246 1193; x_wconf 89' lang='grc' dir='ltr'><strong><em>τοῖς</em></strong></span> <span class='ocrx_word' id='word_1_41' title='bbox 265 1113 393 1199; x_wconf 78' lang='grc' dir='ltr'><strong><em>ἅλλοις,</em></strong></span> <span class='ocrx_word' id='word_1_42' title='bbox 416 1111 460 1192; x_wconf 88' lang='grc' dir='ltr'><strong><em>ῶς</em></strong></span> <span class='ocrx_word' id='word_1_43' title='bbox 480 1128 547 1190; x_wconf 89' lang='grc' dir='ltr'><strong><em>τοῖς</em></strong></span> <span class='ocrx_word' id='word_1_44' title='bbox 562 1113 623 1198; x_wconf 74' lang='grc' dir='ltr'><strong><em>μὲν</em></strong></span> <span class='ocrx_word' id='word_1_45' title='bbox 642 1112 878 1199; x_wconf 80' lang='grc' dir='ltr'><strong><em>ἁπανταχόθεν</em></strong></span> <span class='ocrx_word' id='word_1_46' title='bbox 894 1119 1002 1198; x_wconf 86' lang='grc' dir='ltr'><strong><em>κομᾶν</em></strong></span> <span class='ocrx_word' id='word_1_47' title='bbox 1022 1119 1084 1177; x_wconf 77' lang='grc' dir='ltr'><strong><em>τοῦ</em></strong></span> 
     </span>
     <span class='ocr_line' id='line_1_8' title="bbox 75 1206 1083 1300; baseline -0.006 -20"><span class='ocrx_word' id='word_1_48' title='bbox 75 1215 242 1300; x_wconf 78' lang='grc' dir='ltr'><strong><em>σώματος,</em></strong></span> <span class='ocrx_word' id='word_1_49' title='bbox 269 1227 337 1292; x_wconf 89' lang='grc' dir='ltr'><strong><em>τοῖς</em></strong></span> <span class='ocrx_word' id='word_1_50' title='bbox 358 1215 393 1279; x_wconf 78' lang='grc' dir='ltr'><strong><em>δὲ</em></strong></span> <span class='ocrx_word' id='word_1_51' title='bbox 414 1209 615 1294; x_wconf 79' lang='grc' dir='ltr'><strong><em>ὠκυπτέροις</em></strong></span> <span class='ocrx_word' id='word_1_52' title='bbox 634 1219 793 1297; x_wconf 79' lang='grc' dir='ltr'><strong><em>χρῆσθαι,</em></strong></span> <span class='ocrx_word' id='word_1_53' title='bbox 820 1207 902 1278; x_wconf 82' lang='grc' dir='ltr'><strong><em>άλλόι</em></strong></span> <span class='ocrx_word' id='word_1_54' title='bbox 920 1207 1003 1277; x_wconf 80' lang='grc' dir='ltr'><strong><em>κατά</em></strong></span> <span class='ocrx_word' id='word_1_55' title='bbox 1025 1206 1083 1286; x_wconf 77' lang='grc' dir='ltr'><strong><em>τὰς</em></strong></span> 
     </span>
     <span class='ocr_line' id='line_1_9' title="bbox 75 1304 1133 1396; baseline -0.007 -18"><span class='ocrx_word' id='word_1_56' title='bbox 75 1309 214 1393; x_wconf 75' lang='grc' dir='ltr'><strong><em>ἀκρίδας</em></strong></span> <span class='ocrx_word' id='word_1_57' title='bbox 226 1314 280 1378; x_wconf 87' lang='grc' dir='ltr'><strong><em>καὶ</em></strong></span> <span class='ocrx_word' id='word_1_58' title='bbox 294 1313 439 1396; x_wconf 80' lang='grc' dir='ltr'><strong><em>τέττιγας</em></strong></span> <span class='ocrx_word' id='word_1_59' title='bbox 449 1310 503 1376; x_wconf 84' lang='grc' dir='ltr'><strong><em>καὶ</em></strong></span> <span class='ocrx_word' id='word_1_60' title='bbox 514 1316 663 1394; x_wconf 90' lang='grc' dir='ltr'><strong><em>μελίττας</em></strong></span> <span class='ocrx_word' id='word_1_61' title='bbox 676 1310 763 1375; x_wconf 83' lang='grc' dir='ltr'><strong><em>ἐστίν</em></strong></span> <span class='ocrx_word' id='word_1_62' title='bbox 777 1304 1010 1393; x_wconf 80' lang='grc' dir='ltr'><strong><em>ὑμενόπτερος,</em></strong></span> <span class='ocrx_word' id='word_1_63' title='bbox 1027 1332 1083 1372; x_wconf 92' lang='grc' dir='ltr'><strong><em>το-</em></strong></span> <span class='ocrx_word' id='word_1_64' title='bbox 1098 1323 1133 1378; x_wconf 75' lang='lat'><strong><em>92</em></strong></span> 
     </span>
     <span class='ocr_line' id='line_1_10' title="bbox 75 1408 1083 1498; baseline -0.001 -19"><span class='ocrx_word' id='word_1_65' title='bbox 75 1420 201 1480; x_wconf 83' lang='grc' dir='ltr'><strong><em>σοῶτον</em></strong></span> <span class='ocrx_word' id='word_1_66' title='bbox 215 1408 411 1495; x_wconf 85' lang='grc' dir='ltr'><strong><em>ἆπαλῶτερα</em></strong></span> <span class='ocrx_word' id='word_1_67' title='bbox 423 1418 543 1495; x_wconf 78' lang='grc' dir='ltr'><strong><em>ἔχουσα</em></strong></span> <span class='ocrx_word' id='word_1_68' title='bbox 557 1413 597 1479; x_wconf 83' lang='grc' dir='ltr'><strong><em>τὰ</em></strong></span> <span class='ocrx_word' id='word_1_69' title='bbox 609 1410 711 1495; x_wconf 81' lang='grc' dir='ltr'><strong><em>πτερά</em></strong></span> <span class='ocrx_word' id='word_1_70' title='bbox 729 1411 810 1479; x_wconf 85' lang='grc' dir='ltr'><strong><em>ὅσον</em></strong></span> <span class='ocrx_word' id='word_1_71' title='bbox 821 1420 877 1498; x_wconf 85' lang='grc' dir='ltr'><strong><em>τῆς</em></strong></span> <span class='ocrx_word' id='word_1_72' title='bbox 889 1412 1083 1498; x_wconf 79' lang='grc' dir='ltr'><strong><em>Ἑλληνικῆς</em></strong></span> 
     </span>
     <span class='ocr_line' id='line_1_11' title="bbox 75 1507 1083 1596; baseline -0.002 -20"><span class='ocrx_word' id='word_1_73' title='bbox 75 1515 218 1596; x_wconf 84' lang='grc' dir='ltr'><strong><em>ἐσθῆτος</em></strong></span> <span class='ocrx_word' id='word_1_74' title='bbox 240 1509 259 1596; x_wconf 83' lang='grc' dir='ltr'><strong><em>ῆ</em></strong></span> <span class='ocrx_word' id='word_1_75' title='bbox 279 1507 398 1595; x_wconf 85' lang='grc' dir='ltr'><strong><em>Ἰνδική</em></strong></span> <span class='ocrx_word' id='word_1_76' title='bbox 417 1514 593 1591; x_wconf 87' lang='grc' dir='ltr'><strong><em>λεπτοτέρα</em></strong></span> <span class='ocrx_word' id='word_1_77' title='bbox 615 1512 670 1576; x_wconf 82' lang='grc' dir='ltr'><strong><em>καὶ</em></strong></span> <span class='ocrx_word' id='word_1_78' title='bbox 684 1516 915 1595; x_wconf 86' lang='grc' dir='ltr'><strong><em>μαλακωτέρα·</em></strong></span> <span class='ocrx_word' id='word_1_79' title='bbox 945 1514 999 1578; x_wconf 82' lang='grc' dir='ltr'><strong><em>καὶ</em></strong></span> <span class='ocrx_word' id='word_1_80' title='bbox 1016 1510 1083 1596; x_wconf 88' lang='grc' dir='ltr'><strong><em>μῆν</em></strong></span> 
     </span>
     <span class='ocr_line' id='line_1_12' title="bbox 75 1605 1082 1696; baseline -0.002 -20"><span class='ocrx_word' id='word_1_81' title='bbox 75 1609 267 1693; x_wconf 77' lang='grc' dir='ltr'><strong><em>διήνθισται</em></strong></span> <span class='ocrx_word' id='word_1_82' title='bbox 279 1607 360 1676; x_wconf 78' lang='grc' dir='ltr'><strong><em>κατά</em></strong></span> <span class='ocrx_word' id='word_1_83' title='bbox 376 1605 454 1685; x_wconf 83' lang='grc' dir='ltr'><strong><em>τούς</em></strong></span> <span class='ocrx_word' id='word_1_84' title='bbox 465 1615 603 1692; x_wconf 79' lang='grc' dir='ltr'><strong><em>ταῶνας,</em></strong></span> <span class='ocrx_word' id='word_1_85' title='bbox 621 1618 654 1675; x_wconf 87' lang='grc' dir='ltr'><strong><em>εῖ</em></strong></span> <span class='ocrx_word' id='word_1_86' title='bbox 660 1635 709 1685; x_wconf 86' lang='grc' dir='ltr'><strong><em>τις</em></strong></span> <span class='ocrx_word' id='word_1_87' title='bbox 722 1606 834 1686; x_wconf 79' lang='grc' dir='ltr'><strong><em>άτενές</em></strong></span> <span class='ocrx_word' id='word_1_88' title='bbox 845 1611 962 1696; x_wconf 80' lang='grc' dir='ltr'><strong><em>βλέποι</em></strong></span> <span class='ocrx_word' id='word_1_89' title='bbox 975 1612 1008 1686; x_wconf 88' lang='grc' dir='ltr'><strong><em>ἐς</em></strong></span> <span class='ocrx_word' id='word_1_90' title='bbox 1020 1608 1082 1674; x_wconf 92' lang='grc' dir='ltr'><strong><em>αὐ-</em></strong></span> 
     </span>
     <span class='ocr_line' id='line_1_13' title="bbox 75 1703 1080 1793; baseline 0.001 -21"><span class='ocrx_word' id='word_1_91' title='bbox 75 1708 155 1792; x_wconf 90' lang='grc' dir='ltr'><strong><em>τήν,</em></strong></span> <span class='ocrx_word' id='word_1_92' title='bbox 179 1703 306 1774; x_wconf 87' lang='grc' dir='ltr'><strong><em>ὁπόταν</em></strong></span> <span class='ocrx_word' id='word_1_93' title='bbox 327 1707 531 1773; x_wconf 84' lang='grc' dir='ltr'><strong><em>ἐκπετάσασα</em></strong></span> <span class='ocrx_word' id='word_1_94' title='bbox 551 1704 634 1788; x_wconf 87' lang='grc' dir='ltr'><strong><em>πρός</em></strong></span> <span class='ocrx_word' id='word_1_95' title='bbox 654 1706 714 1772; x_wconf 88' lang='grc' dir='ltr'><strong><em>τόν</em></strong></span> <span class='ocrx_word' id='word_1_96' title='bbox 736 1705 833 1792; x_wconf 81' lang='grc' dir='ltr'><strong><em>ἥλιον</em></strong></span> <span class='ocrx_word' id='word_1_97' title='bbox 850 1706 1080 1793; x_wconf 82' lang='grc' dir='ltr'><strong><em>πτερύσσηται.</em></strong></span> 
     </span>
     <span class='ocr_line' id='line_1_14' title="bbox 73 1802 1086 1894; baseline 0.002 -22"><span class='ocrx_word' id='word_1_98' title='bbox 73 1810 103 1872; x_wconf 75' lang='lat'><strong><em>2.</em></strong></span> <span class='ocrx_word' id='word_1_99' title='bbox 120 1802 141 1890; x_wconf 86' lang='grc' dir='ltr'><strong><em>ῆ</em></strong></span> <span class='ocrx_word' id='word_1_100' title='bbox 160 1803 196 1871; x_wconf 79' lang='grc' dir='ltr'><strong><em>δέ</em></strong></span> <span class='ocrx_word' id='word_1_101' title='bbox 213 1811 328 1891; x_wconf 91' lang='grc' dir='ltr'><strong><em>πτῆσις</em></strong></span> <span class='ocrx_word' id='word_1_102' title='bbox 346 1803 422 1872; x_wconf 84' lang='grc' dir='ltr'><strong><em>οὐτε</em></strong></span> <span class='ocrx_word' id='word_1_103' title='bbox 436 1804 517 1871; x_wconf 84' lang='grc' dir='ltr'><strong><em>κατόι</em></strong></span> <span class='ocrx_word' id='word_1_104' title='bbox 535 1802 592 1880; x_wconf 80' lang='grc' dir='ltr'><strong><em>τάς</em></strong></span> <span class='ocrx_word' id='word_1_105' title='bbox 606 1809 800 1888; x_wconf 86' lang='grc' dir='ltr'><strong><em>νυκτερίδας</em></strong></span> <span class='ocrx_word' id='word_1_106' title='bbox 815 1812 937 1894; x_wconf 86' lang='grc' dir='ltr'><strong><em>είρεσίᾳ</em></strong></span> <span class='ocrx_word' id='word_1_107' title='bbox 952 1821 1086 1894; x_wconf 87' lang='grc' dir='ltr'><strong><em>συνεχεῖ</em></strong></span> 
     </span>
     <span class='ocr_line' id='line_1_15' title="bbox 74 1901 1082 1991; baseline -0.001 -19"><span class='ocrx_word' id='word_1_108' title='bbox 74 1912 144 1972; x_wconf 92' lang='grc' dir='ltr'><strong><em>τῶν</em></strong></span> <span class='ocrx_word' id='word_1_109' title='bbox 160 1911 290 1989; x_wconf 87' lang='grc' dir='ltr'><strong><em>πτερῶν</em></strong></span> <span class='ocrx_word' id='word_1_110' title='bbox 307 1903 383 1971; x_wconf 86' lang='grc' dir='ltr'><strong><em>οὐτε</em></strong></span> <span class='ocrx_word' id='word_1_111' title='bbox 398 1902 479 1971; x_wconf 86' lang='grc' dir='ltr'><strong><em>κατά</em></strong></span> <span class='ocrx_word' id='word_1_112' title='bbox 491 1901 548 1982; x_wconf 85' lang='grc' dir='ltr'><strong><em>τάς</em></strong></span> <span class='ocrx_word' id='word_1_113' title='bbox 559 1901 696 1988; x_wconf 88' lang='grc' dir='ltr'><strong><em>άκρίδας</em></strong></span> <span class='ocrx_word' id='word_1_114' title='bbox 707 1902 787 1988; x_wconf 84' lang='grc' dir='ltr'><strong><em>μετά</em></strong></span> <span class='ocrx_word' id='word_1_115' title='bbox 803 1904 992 1991; x_wconf 72' lang='grc' dir='ltr'><strong><em>πηδήματος</em></strong></span> <span class='ocrx_word' id='word_1_116' title='bbox 1004 1902 1082 1971; x_wconf 72' lang='grc' dir='ltr'><strong><em>οὐδὲ</em></strong></span> 
     </span>
     <span class='ocr_line' id='line_1_16' title="bbox 77 1999 1082 2089; baseline -0.001 -21"><span class='ocrx_word' id='word_1_117' title='bbox 77 2000 121 2081; x_wconf 87' lang='grc' dir='ltr'><strong><em>ῶς</em></strong></span> <span class='ocrx_word' id='word_1_118' title='bbox 138 2006 174 2068; x_wconf 91' lang='grc' dir='ltr'><strong><em>οί</em></strong></span> <span class='ocrx_word' id='word_1_119' title='bbox 186 2010 312 2087; x_wconf 82' lang='grc' dir='ltr'><strong><em>σφῆκες</em></strong></span> <span class='ocrx_word' id='word_1_120' title='bbox 327 1999 408 2087; x_wconf 82' lang='grc' dir='ltr'><strong><em>μετά</em></strong></span> <span class='ocrx_word' id='word_1_121' title='bbox 421 2002 630 2089; x_wconf 76' lang='grc' dir='ltr'><strong><em>ῥοιζήματος,</em></strong></span> <span class='ocrx_word' id='word_1_122' title='bbox 647 1999 720 2069; x_wconf 78' lang='grc' dir='ltr'><strong><em>ἀλλ’</em></strong></span> <span class='ocrx_word' id='word_1_123' title='bbox 738 2000 908 2088; x_wconf 77' lang='grc' dir='ltr'><strong><em>εὐκαμπὴς</em></strong></span> <span class='ocrx_word' id='word_1_124' title='bbox 922 1999 1036 2086; x_wconf 84' lang='grc' dir='ltr'><strong><em>πρόςό</em></strong></span> <span class='ocrx_word' id='word_1_125' title='bbox 1051 2029 1082 2068; x_wconf 92' lang='grc' dir='ltr'><strong><em>τι</em></strong></span> 
     </span>
     <span class='ocr_line' id='line_1_17' title="bbox 75 2095 1081 2188; baseline 0 -22"><span class='ocrx_word' id='word_1_126' title='bbox 75 2095 119 2166; x_wconf 78' lang='grc' dir='ltr'><strong><em>όν</em></strong></span> <span class='ocrx_word' id='word_1_127' title='bbox 135 2103 234 2187; x_wconf 88' lang='grc' dir='ltr'><strong><em>μέρος</em></strong></span> <span class='ocrx_word' id='word_1_128' title='bbox 251 2097 379 2188; x_wconf 85' lang='grc' dir='ltr'><strong><em>ὁρμήσῃ</em></strong></span> <span class='ocrx_word' id='word_1_129' title='bbox 393 2108 454 2166; x_wconf 83' lang='grc' dir='ltr'><strong><em>τοῦ</em></strong></span> <span class='ocrx_word' id='word_1_130' title='bbox 473 2098 578 2182; x_wconf 85' lang='grc' dir='ltr'><strong><em>άέρος.</em></strong></span> <span class='ocrx_word' id='word_1_131' title='bbox 602 2103 657 2168; x_wconf 84' lang='grc' dir='ltr'><strong><em>καί</em></strong></span> <span class='ocrx_word' id='word_1_132' title='bbox 671 2097 738 2186; x_wconf 84' lang='grc' dir='ltr'><strong><em>μήν</em></strong></span> <span class='ocrx_word' id='word_1_133' title='bbox 752 2097 885 2168; x_wconf 87' lang='grc' dir='ltr'><strong><em>κάκεῖνο</em></strong></span> <span class='ocrx_word' id='word_1_134' title='bbox 903 2100 1081 2184; x_wconf 89' lang='grc' dir='ltr'><strong><em>πρόσεστιν</em></strong></span> 
     </span>
     <span class='ocr_line' id='line_1_18' title="bbox 74 2195 1082 2289; baseline -0.001 -24"><span class='ocrx_word' id='word_1_135' title='bbox 74 2197 177 2288; x_wconf 86' lang='grc' dir='ltr'><strong><em>αὐτῆ,</em></strong></span> <span class='ocrx_word' id='word_1_136' title='bbox 191 2197 228 2266; x_wconf 87' lang='grc' dir='ltr'><strong><em>τό</em></strong></span> <span class='ocrx_word' id='word_1_137' title='bbox 240 2198 285 2286; x_wconf 87' lang='grc' dir='ltr'><strong><em>μή</em></strong></span> <span class='ocrx_word' id='word_1_138' title='bbox 298 2197 379 2265; x_wconf 90' lang='grc' dir='ltr'><strong><em>καθ’</em></strong></span> <span class='ocrx_word' id='word_1_139' title='bbox 393 2197 549 2284; x_wconf 78' lang='grc' dir='ltr'><strong><em>ἡσυχίαν,</em></strong></span> <span class='ocrx_word' id='word_1_140' title='bbox 566 2196 649 2266; x_wconf 83' lang='grc' dir='ltr'><strong><em>ἀλλά</em></strong></span> <span class='ocrx_word' id='word_1_141' title='bbox 666 2197 734 2284; x_wconf 91' lang='grc' dir='ltr'><strong><em>μετ’</em></strong></span> <span class='ocrx_word' id='word_1_142' title='bbox 750 2197 835 2289; x_wconf 75' lang='grc' dir='ltr'><strong><em>ᾠδῆς</em></strong></span> <span class='ocrx_word' id='word_1_143' title='bbox 849 2200 1007 2267; x_wconf 88' lang='grc' dir='ltr'><strong><em>πέτεσθαι</em></strong></span> <span class='ocrx_word' id='word_1_144' title='bbox 1019 2195 1082 2265; x_wconf 91' lang='grc' dir='ltr'><strong><em>οὐκ</em></strong></span> 
     </span>
     <span class='ocr_line' id='line_1_19' title="bbox 74 2293 1084 2382; baseline 0.001 -21"><span class='ocrx_word' id='word_1_145' title='bbox 74 2295 226 2382; x_wconf 83' lang='grc' dir='ltr'><strong><em>άπηνοῶς</em></strong></span> <span class='ocrx_word' id='word_1_146' title='bbox 244 2300 298 2365; x_wconf 82' lang='grc' dir='ltr'><strong><em>οἵα</em></strong></span> <span class='ocrx_word' id='word_1_147' title='bbox 313 2299 487 2364; x_wconf 78' lang='grc' dir='ltr'><strong><em>κωνώπων</em></strong></span> <span class='ocrx_word' id='word_1_148' title='bbox 504 2299 556 2366; x_wconf 81' lang='grc' dir='ltr'><strong><em>καὶ</em></strong></span> <span class='ocrx_word' id='word_1_149' title='bbox 578 2300 741 2382; x_wconf 83' lang='grc' dir='ltr'><strong><em>ἐμπίδων,</em></strong></span> <span class='ocrx_word' id='word_1_150' title='bbox 765 2293 895 2364; x_wconf 73' lang='grc' dir='ltr'><strong><em>οὐδὲτὸ</em></strong></span> <span class='ocrx_word' id='word_1_151' title='bbox 912 2295 1084 2382; x_wconf 86' lang='grc' dir='ltr'><strong><em>βαρύβρο-</em></strong></span> 
     </span>
     <span class='ocr_line' id='line_1_20' title="bbox 75 2392 1083 2484; baseline -0.001 -21"><span class='ocrx_word' id='word_1_152' title='bbox 75 2423 141 2479; x_wconf 90' lang='grc' dir='ltr'><strong><em>μον</em></strong></span> <span class='ocrx_word' id='word_1_153' title='bbox 156 2403 224 2463; x_wconf 92' lang='grc' dir='ltr'><strong><em>τῶν</em></strong></span> <span class='ocrx_word' id='word_1_154' title='bbox 240 2404 401 2481; x_wconf 84' lang='grc' dir='ltr'><strong><em>μελιττῶν</em></strong></span> <span class='ocrx_word' id='word_1_155' title='bbox 417 2392 438 2481; x_wconf 84' lang='grc' dir='ltr'><strong><em>ή</em></strong></span> <span class='ocrx_word' id='word_1_156' title='bbox 459 2404 526 2463; x_wconf 90' lang='grc' dir='ltr'><strong><em>τῶν</em></strong></span> <span class='ocrx_word' id='word_1_157' title='bbox 541 2405 682 2482; x_wconf 79' lang='grc' dir='ltr'><strong><em>σφηκῶν</em></strong></span> <span class='ocrx_word' id='word_1_158' title='bbox 696 2394 731 2465; x_wconf 85' lang='grc' dir='ltr'><strong><em>τό</em></strong></span> <span class='ocrx_word' id='word_1_159' title='bbox 751 2395 899 2484; x_wconf 87' lang='grc' dir='ltr'><strong><em>φοβερόν</em></strong></span> <span class='ocrx_word' id='word_1_160' title='bbox 917 2397 971 2464; x_wconf 83' lang='grc' dir='ltr'><strong><em>καὶ</em></strong></span> <span class='ocrx_word' id='word_1_161' title='bbox 987 2393 1083 2463; x_wconf 85' lang='grc' dir='ltr'><strong><em>άπει-</em></strong></span> 
     </span>
     <span class='ocr_line' id='line_1_21' title="bbox 75 2493 1082 2582; baseline -0.003 -18"><span class='ocrx_word' id='word_1_162' title='bbox 75 2493 213 2582; x_wconf 89' lang='grc' dir='ltr'><strong><em>λητικόν</em></strong></span> <span class='ocrx_word' id='word_1_163' title='bbox 227 2498 480 2582; x_wconf 83' lang='grc' dir='ltr'><strong><em>ἐνδεικνυμένῆ,</em></strong></span> <span class='ocrx_word' id='word_1_164' title='bbox 503 2494 585 2564; x_wconf 84' lang='grc' dir='ltr'><strong><em>άλλά</em></strong></span> <span class='ocrx_word' id='word_1_165' title='bbox 602 2495 765 2564; x_wconf 83' lang='grc' dir='ltr'><strong><em>τοσοῦτόν</em></strong></span> <span class='ocrx_word' id='word_1_166' title='bbox 784 2498 852 2564; x_wconf 82' lang='grc' dir='ltr'><strong><em>ἐστι</em></strong></span> <span class='ocrx_word' id='word_1_167' title='bbox 867 2498 1082 2582; x_wconf 78' lang='grc' dir='ltr'><strong><em>λιγυρωτέρα,</em></strong></span> 
     </span>
     <span class='ocr_line' id='line_1_22' title="bbox 75 2590 1081 2683; baseline -0.001 -22"><span class='ocrx_word' id='word_1_168' title='bbox 75 2593 159 2662; x_wconf 82' lang='grc' dir='ltr'><strong><em>ὅσον</em></strong></span> <span class='ocrx_word' id='word_1_169' title='bbox 172 2593 423 2681; x_wconf 80' lang='grc' dir='ltr'><strong><em>σάλπιγγοςκαί</em></strong></span> <span class='ocrx_word' id='word_1_170' title='bbox 437 2596 620 2683; x_wconf 79' lang='grc' dir='ltr'><strong><em>κυμβάλων</em></strong></span> <span class='ocrx_word' id='word_1_171' title='bbox 632 2592 729 2663; x_wconf 82' lang='grc' dir='ltr'><strong><em>αὐλοὶ</em></strong></span> <span class='ocrx_word' id='word_1_172' title='bbox 745 2592 976 2680; x_wconf 87' lang='grc' dir='ltr'><strong><em>μελιχρότεροι.</em></strong></span> <span class='ocrx_word' id='word_1_173' title='bbox 998 2600 1027 2660; x_wconf 85' lang='grc'><strong><em>3.</em></strong></span> <span class='ocrx_word' id='word_1_174' title='bbox 1045 2590 1081 2660; x_wconf 85' lang='grc' dir='ltr'><strong><em>τό</em></strong></span> 
     </span>
     <span class='ocr_line' id='line_1_23' title="bbox 74 2689 1083 2780; baseline -0.005 -19"><span class='ocrx_word' id='word_1_175' title='bbox 74 2696 110 2762; x_wconf 83' lang='grc' dir='ltr'><strong><em>δέ</em></strong></span> <span class='ocrx_word' id='word_1_176' title='bbox 125 2693 207 2762; x_wconf 84' lang='grc' dir='ltr'><strong><em>ἄλλο</em></strong></span> <span class='ocrx_word' id='word_1_177' title='bbox 229 2691 357 2780; x_wconf 85' lang='grc' dir='ltr'><strong><em>σῶμαῆ</em></strong></span> <span class='ocrx_word' id='word_1_178' title='bbox 375 2694 437 2780; x_wconf 82' lang='grc' dir='ltr'><strong><em>μέν</em></strong></span> <span class='ocrx_word' id='word_1_179' title='bbox 458 2691 585 2780; x_wconf 87' lang='grc' dir='ltr'><strong><em>κεφαλῆ</em></strong></span> <span class='ocrx_word' id='word_1_180' title='bbox 606 2692 786 2760; x_wconf 84' lang='grc' dir='ltr'><strong><em>λεπτότατα</em></strong></span> <span class='ocrx_word' id='word_1_181' title='bbox 803 2699 848 2780; x_wconf 77' lang='grc' dir='ltr'><strong><em>τῷ</em></strong></span> <span class='ocrx_word' id='word_1_182' title='bbox 865 2689 979 2777; x_wconf 85' lang='grc' dir='ltr'><strong><em>αὐχένι</em></strong></span> <span class='ocrx_word' id='word_1_183' title='bbox 999 2712 1083 2757; x_wconf 89' lang='grc' dir='ltr'><strong><em>συν-</em></strong></span> 
     </span>
     <span class='ocr_line' id='line_1_24' title="bbox 75 2787 1083 2878; baseline -0.001 -21"><span class='ocrx_word' id='word_1_184' title='bbox 75 2795 181 2878; x_wconf 84' lang='grc' dir='ltr'><strong><em>έχεται</em></strong></span> <span class='ocrx_word' id='word_1_185' title='bbox 201 2792 255 2859; x_wconf 83' lang='grc' dir='ltr'><strong><em>καὶ</em></strong></span> <span class='ocrx_word' id='word_1_186' title='bbox 277 2797 367 2860; x_wconf 85' lang='grc' dir='ltr'><strong><em>ἐστιν</em></strong></span> <span class='ocrx_word' id='word_1_187' title='bbox 391 2789 653 2876; x_wconf 90' lang='grc' dir='ltr'><strong><em>εὐπεριάγωγος,</em></strong></span> <span class='ocrx_word' id='word_1_188' title='bbox 677 2789 718 2856; x_wconf 91' lang='grc' dir='ltr'><strong><em>οὐ</em></strong></span> <span class='ocrx_word' id='word_1_189' title='bbox 739 2805 977 2876; x_wconf 78' lang='grc' dir='ltr'><strong><em>συμπεφυκυῖα</em></strong></span> <span class='ocrx_word' id='word_1_190' title='bbox 996 2788 1040 2868; x_wconf 88' lang='grc' dir='ltr'><strong><em>ῶς</em></strong></span> <span class='ocrx_word' id='word_1_191' title='bbox 1062 2787 1083 2876; x_wconf 86' lang='grc' dir='ltr'><strong><em>ῆ</em></strong></span> 
     </span>
     <span class='ocr_line' id='line_1_25' title="bbox 75 2886 1084 2976; baseline -0.002 -19"><span class='ocrx_word' id='word_1_192' title='bbox 75 2901 143 2959; x_wconf 90' lang='grc' dir='ltr'><strong><em>τῶν</em></strong></span> <span class='ocrx_word' id='word_1_193' title='bbox 158 2888 321 2974; x_wconf 79' lang='grc' dir='ltr'><strong><em>ἀκρίδων·</em></strong></span> <span class='ocrx_word' id='word_1_194' title='bbox 349 2889 520 2976; x_wconf 81' lang='grc' dir='ltr'><strong><em>ὀφθαλμοὶ</em></strong></span> <span class='ocrx_word' id='word_1_195' title='bbox 536 2894 571 2956; x_wconf 79' lang='grc' dir='ltr'><strong><em>δὲ</em></strong></span> <span class='ocrx_word' id='word_1_196' title='bbox 587 2902 783 2973; x_wconf 86' lang='grc' dir='ltr'><strong><em>προπαγεῖς,</em></strong></span> <span class='ocrx_word' id='word_1_197' title='bbox 806 2886 893 2956; x_wconf 79' lang='grc' dir='ltr'><strong><em>πολὺ</em></strong></span> <span class='ocrx_word' id='word_1_198' title='bbox 909 2896 969 2954; x_wconf 86' lang='grc' dir='ltr'><em>τοὺ</em></span> <span class='ocrx_word' id='word_1_199' title='bbox 984 2890 1084 2972; x_wconf 82' lang='grc' dir='ltr'><strong><em>κέρα-</em></strong></span> 
     </span>
     <span class='ocr_line' id='line_1_26' title="bbox 75 2985 1087 3076; baseline -0.002 -20"><span class='ocrx_word' id='word_1_200' title='bbox 75 3017 130 3068; x_wconf 91' lang='grc' dir='ltr'><strong><em>τος</em></strong></span> <span class='ocrx_word' id='word_1_201' title='bbox 145 2995 289 3075; x_wconf 88' lang='grc' dir='ltr'><strong><em>ἐχοντες·</em></strong></span> <span class='ocrx_word' id='word_1_202' title='bbox 312 2992 452 3074; x_wconf 89' lang='grc' dir='ltr'><strong><em>στέρνον</em></strong></span> <span class='ocrx_word' id='word_1_203' title='bbox 466 2989 622 3073; x_wconf 87' lang='grc' dir='ltr'><strong><em>εὐπαγές,</em></strong></span> <span class='ocrx_word' id='word_1_204' title='bbox 638 2990 693 3055; x_wconf 80' lang='grc' dir='ltr'><strong><em>καὶ</em></strong></span> <span class='ocrx_word' id='word_1_205' title='bbox 708 2987 937 3072; x_wconf 87' lang='grc' dir='ltr'><strong><em>ἐκπεφόκασιν</em></strong></span> <span class='ocrx_word' id='word_1_206' title='bbox 951 2985 1035 3076; x_wconf 87' lang='grc' dir='ltr'><strong><em>αὐτῆ</em></strong></span> <span class='ocrx_word' id='word_1_207' title='bbox 1052 2988 1087 3054; x_wconf 76' lang='grc' dir='ltr'><strong><em>οἱ</em></strong></span> 
     </span>
     <span class='ocr_line' id='line_1_27' title="bbox 75 3083 1135 3174; baseline 0.002 -18"><span class='ocrx_word' id='word_1_208' title='bbox 75 3088 176 3165; x_wconf 89' lang='grc' dir='ltr'><strong><em>πόδες</em></strong></span> <span class='ocrx_word' id='word_1_209' title='bbox 190 3084 232 3154; x_wconf 91' lang='grc' dir='ltr'><strong><em>οὐ</em></strong></span> <span class='ocrx_word' id='word_1_210' title='bbox 248 3085 330 3154; x_wconf 86' lang='grc' dir='ltr'><strong><em>κατά</em></strong></span> <span class='ocrx_word' id='word_1_211' title='bbox 348 3085 427 3165; x_wconf 85' lang='grc' dir='ltr'><strong><em>τούς</em></strong></span> <span class='ocrx_word' id='word_1_212' title='bbox 443 3095 571 3173; x_wconf 85' lang='grc' dir='ltr'><strong><em>σφῆκας</em></strong></span> <span class='ocrx_word' id='word_1_213' title='bbox 586 3087 676 3154; x_wconf 90' lang='grc' dir='ltr'><strong><em>πάνυ</em></strong></span> <span class='ocrx_word' id='word_1_214' title='bbox 691 3089 895 3173; x_wconf 80' lang='grc' dir='ltr'><strong><em>ἐσφιγμένοι.</em></strong></span> <span class='ocrx_word' id='word_1_215' title='bbox 915 3085 936 3173; x_wconf 89' lang='grc' dir='ltr'><strong><em>ή</em></strong></span> <span class='ocrx_word' id='word_1_216' title='bbox 955 3083 1081 3174; x_wconf 85' lang='grc' dir='ltr'><strong><em>γαστήρ</em></strong></span> <span class='ocrx_word' id='word_1_217' title='bbox 1099 3103 1135 3158; x_wconf 74' lang='lat'><strong><em>9³</em></strong></span> 
     </span>
     <span class='ocr_line' id='line_1_28' title="bbox 76 3181 1084 3272; baseline -0.002 -19"><span class='ocrx_word' id='word_1_218' title='bbox 76 3188 111 3254; x_wconf 81' lang='grc' dir='ltr'><strong><em>δὲ</em></strong></span> <span class='ocrx_word' id='word_1_219' title='bbox 126 3183 298 3272; x_wconf 84' lang='grc' dir='ltr'><strong><em>ω’χύρωται</em></strong></span> <span class='ocrx_word' id='word_1_220' title='bbox 315 3187 369 3252; x_wconf 85' lang='grc' dir='ltr'><strong><em>καὶ</em></strong></span> <span class='ocrx_word' id='word_1_221' title='bbox 387 3181 470 3270; x_wconf 85' lang='grc' dir='ltr'><strong><em>αὐτή</em></strong></span> <span class='ocrx_word' id='word_1_222' title='bbox 491 3189 545 3252; x_wconf 80' lang='grc' dir='ltr'><strong><em>καὶ</em></strong></span> <span class='ocrx_word' id='word_1_223' title='bbox 560 3189 693 3271; x_wconf 88' lang='grc' dir='ltr'><strong><em>θῶρακι</em></strong></span> <span class='ocrx_word' id='word_1_224' title='bbox 710 3192 797 3254; x_wconf 83' lang='grc' dir='ltr'><strong><em>ἐοικε</em></strong></span> <span class='ocrx_word' id='word_1_225' title='bbox 813 3186 917 3266; x_wconf 83' lang='grc' dir='ltr'><strong><em>ζῶνας</em></strong></span> <span class='ocrx_word' id='word_1_226' title='bbox 931 3191 1084 3263; x_wconf 89' lang='grc' dir='ltr'><strong><em>πλατείας</em></strong></span> 
     </span>
     <span class='ocr_line' id='line_1_29' title="bbox 75 3282 1084 3372; baseline -0.003 -19"><span class='ocrx_word' id='word_1_227' title='bbox 75 3287 130 3354; x_wconf 82' lang='grc' dir='ltr'><strong><em>καὶ</em></strong></span> <span class='ocrx_word' id='word_1_228' title='bbox 147 3290 285 3370; x_wconf 89' lang='grc' dir='ltr'><strong><em>φολίδας</em></strong></span> <span class='ocrx_word' id='word_1_229' title='bbox 307 3290 437 3372; x_wconf 82' lang='grc' dir='ltr'><strong><em>ἔχουσα.</em></strong></span> <span class='ocrx_word' id='word_1_230' title='bbox 468 3283 630 3372; x_wconf 85' lang='grc' dir='ltr'><strong><em>άμύνεται</em></strong></span> <span class='ocrx_word' id='word_1_231' title='bbox 646 3289 759 3370; x_wconf 88' lang='grc' dir='ltr'><strong><em>μέντοι</em></strong></span> <span class='ocrx_word' id='word_1_232' title='bbox 781 3282 821 3352; x_wconf 93' lang='grc' dir='ltr'><strong><em>οὐ</em></strong></span> <span class='ocrx_word' id='word_1_233' title='bbox 844 3284 925 3351; x_wconf 78' lang='grc' dir='ltr'><strong><em>κατά</em></strong></span> <span class='ocrx_word' id='word_1_234' title='bbox 942 3282 1084 3368; x_wconf 90' lang='grc' dir='ltr'><strong><em>τούρρο-</em></strong></span> 
     </span>
     <span class='ocr_line' id='line_1_30' title="bbox 75 3380 1085 3474; baseline -0.001 -23"><span class='ocrx_word' id='word_1_235' title='bbox 75 3386 200 3470; x_wconf 82' lang='grc' dir='ltr'><strong><em>πύγιον</em></strong></span> <span class='ocrx_word' id='word_1_236' title='bbox 223 3380 266 3461; x_wconf 84' lang='grc' dir='ltr'><strong><em>ῶς</em></strong></span> <span class='ocrx_word' id='word_1_237' title='bbox 283 3382 369 3472; x_wconf 84' lang='grc' dir='ltr'><strong><em>σφήξ</em></strong></span> <span class='ocrx_word' id='word_1_238' title='bbox 393 3385 448 3452; x_wconf 82' lang='grc' dir='ltr'><strong><em>καὶ</em></strong></span> <span class='ocrx_word' id='word_1_239' title='bbox 467 3389 616 3471; x_wconf 85' lang='grc' dir='ltr'><strong><em>μέλιττα,</em></strong></span> <span class='ocrx_word' id='word_1_240' title='bbox 642 3382 725 3452; x_wconf 79' lang='grc' dir='ltr'><strong><em>ἀλλὰ</em></strong></span> <span class='ocrx_word' id='word_1_241' title='bbox 743 3393 788 3474; x_wconf 78' lang='grc' dir='ltr'><strong><em>τῶ</em></strong></span> <span class='ocrx_word' id='word_1_242' title='bbox 813 3385 949 3470; x_wconf 87' lang='grc' dir='ltr'><strong><em>στόματι</em></strong></span> <span class='ocrx_word' id='word_1_243' title='bbox 970 3384 1025 3451; x_wconf 79' lang='grc' dir='ltr'><strong><em>καὶ</em></strong></span> <span class='ocrx_word' id='word_1_244' title='bbox 1045 3390 1085 3470; x_wconf 89' lang='grc' dir='ltr'><strong><em>τῆ</em></strong></span> 
     </span>
     <span class='ocr_line' id='line_1_31' title="bbox 77 3481 1089 3572; baseline -0.003 -21"><span class='ocrx_word' id='word_1_245' title='bbox 77 3488 285 3571; x_wconf 89' lang='grc' dir='ltr'><strong><em>προβοσκίδι,</em></strong></span> <span class='ocrx_word' id='word_1_246' title='bbox 295 3481 337 3572; x_wconf 81' lang='grc' dir='ltr'><strong><em>ἣν</em></strong></span> <span class='ocrx_word' id='word_1_247' title='bbox 349 3481 430 3552; x_wconf 85' lang='grc' dir='ltr'><strong><em>κατά</em></strong></span> <span class='ocrx_word' id='word_1_248' title='bbox 440 3483 480 3552; x_wconf 82' lang='grc' dir='ltr'><strong><em>τά</em></strong></span> <span class='ocrx_word' id='word_1_249' title='bbox 491 3483 575 3552; x_wconf 73' lang='grc' dir='ltr'><strong><em>αὐτοὶ</em></strong></span> <span class='ocrx_word' id='word_1_250' title='bbox 587 3499 654 3563; x_wconf 88' lang='grc' dir='ltr'><strong><em>τοῖς</em></strong></span> <span class='ocrx_word' id='word_1_251' title='bbox 667 3487 801 3569; x_wconf 86' lang='grc' dir='ltr'><strong><em>ἐλέφασι</em></strong></span> <span class='ocrx_word' id='word_1_252' title='bbox 811 3485 865 3552; x_wconf 84' lang='grc' dir='ltr'><strong><em>καὶ</em></strong></span> <span class='ocrx_word' id='word_1_253' title='bbox 875 3481 956 3570; x_wconf 88' lang='grc' dir='ltr'><strong><em>αὐτή</em></strong></span> <span class='ocrx_word' id='word_1_254' title='bbox 968 3489 1089 3570; x_wconf 83' lang='grc' dir='ltr'><strong><em>ἔχουσα</em></strong></span> 
     </span>
    </p>
   </div>
   <div class='ocr_carea' id='block_1_5' title="bbox 0 0 1318 4092">
    <p class='ocr_par' dir='ltr' id='par_1_5' title="bbox 0 0 1318 4092">
     <span class='ocr_line' id='line_1_32' title="bbox 0 0 1318 4092; baseline 0 0"><span class='ocrx_word' id='word_1_255' title='bbox 0 0 1318 4092; x_wconf 95' lang='lat' dir='ltr'><strong><em> </em></strong></span> 
     </span>
    </p>
   </div>
  </div>
 </body>
</html>
