2625 4092
312 295 578 354 ETAIPIKOI
596 297 857 357 ΔΙΑΛΟΓΟΙ.
1024 297 1086 359 239

81 451 245 537 ἀφέμενος
260 455 497 538 ἐκοινολογεῖτο
513 457 610 522 Θαΐδι
626 462 666 542 τῇ
679 460 858 538 Λαμπρίου
875 457 1003 544 ἑταίρᾳ,
1018 484 1084 543 μη-

81 555 168 619 δέπιο
187 554 316 618 ἐκείνου
338 550 517 634 παρόντος·
546 555 613 619 ἐπεὶ
632 555 667 618 δὲ
680 559 946 638 χαλεπαίνουσαν
964 552 1030 622 εἶδέ
1042 583 1083 641 με

79 653 133 718 καὶ
148 653 302 717 διένευσα
318 649 409 736 αῦτςῦ
422 645 475 718 οἷα
491 665 592 729 ποιεῖ,
610 658 671 717 τοῦ
687 647 771 728 ύτός
785 649 892 731 ἀκρον
910 651 1082 736 ἐφαψάμε-

79 775 136 826 νος
162 745 352 826 ἀνακλάσας
374 745 433 816 τόν
454 746 577 835 αὐχένα
597 758 654 834 τῆς
670 753 792 828 Θαΐδος
816 753 972 836 ἐφίλησεν
993 749 1082 818 οὕτω

78 851 277 930 προσφυῶς,
295 843 377 913 ὥστε
393 847 488 931 μόλις
502 845 670 914 ἀπέσπασε
686 846 725 914 τᾶ
741 855 848 933 χείλη,
864 846 922 915 εἶτ’
941 848 1006 936 ἐγῦ
1020 851 1083 934 μὲν

77 947 259 1032 ἐδάκρυον,
276 941 342 1012 ὁδέ
355 946 450 1029 ἐγέλα
464 948 519 1012 καὶ
533 943 615 1029 πρός
630 945 692 1032 την
706 952 813 1015 Θαίδα
828 946 933 1014 πολλᾶ
948 945 1032 1029 πρὸς
1044 945 1081 1013 τό
1136 1008 1140 1014 .

76 1037 136 1120 οῦς
148 1048 238 1128 ἔλεγε
250 1040 323 1108 κατ’
335 1045 416 1127 ἐμοῦ
429 1045 571 1130 δηλαδή,
586 1046 640 1112 καὶ
652 1044 671 1128 ἡ
685 1050 765 1121 Θαῒς
777 1048 900 1130 ἐμειδία
911 1047 1081 1132 βλέπουσα

75 1139 159 1224 πρὸς
174 1144 237 1225 ἐμέ.
268 1137 311 1218 ὡς
332 1143 367 1208 δὲ
388 1142 570 1225 προσιόντα
586 1141 734 1229 ᾔσθοντο
753 1141 812 1209 τόν
827 1150 1005 1227 Λαμπρίαν
1026 1143 1080 1210 καὶ
1100 1153 1151 1206 λθίι

75 1239 305 1330 ἐκορέσθησάν
322 1265 401 1306 ποτε
423 1247 598 1324 φιλοῦντες
619 1238 799 1325 ἀλλήλους,
826 1239 891 1326 ἐγώ
912 1243 973 1324 μὲν
990 1239 1080 1328 ὅμως

75 1334 153 1420 παρ’
173 1335 277 1403 αὐτόν
292 1345 511 1422 κατεκλίθην,
534 1336 576 1414 ἀς
592 1337 635 1421 μὴ
652 1338 708 1404 καὶ
729 1345 826 1404 τοῦτο
843 1343 1079 1421 προφασίζοιτο

74 1431 234 1518 ὕστερον,
260 1433 281 1521 ἡ
301 1439 382 1512 Θαῒς
405 1437 442 1502 δέ
464 1432 633 1500 ἀναστᾶσα
662 1431 831 1520 ὠρχήσατο
859 1435 973 1519 πρώτη
994 1433 1080 1501 ἀπο-

72 1540 249 1617 γυμνοῦσα
266 1534 317 1600 ἐπὶ
332 1529 418 1600 πολύ
433 1530 472 1599 τά
485 1530 598 1617 σφυρά
616 1529 660 1610 ὡς
673 1532 760 1616 μόνη
772 1529 855 1597 καλᾶ
870 1537 1007 1651 ἔχουσα
1025 1533 1078 1598 καὶ

74 1627 187 1715 ἐπειδη
203 1627 417 1715 ἐπαύσατο,’
402 1657 419 1696 ο
432 1637 606 1714 Λαμπρίας
617 1632 679 1713 μὲν
694 1631 785 1711 ἐσίγα
796 1627 891 1695 καὶ
863 1653 954 1694 ειπεν
967 1625 1079 1709 οὐδέν,

74 1734 217 1810 Δίφιλος
232 1724 299 1794 δὲ’
281 1728 484 1814 νπερεπῄνει
500 1725 537 1793 τό
555 1725 730 1812 εὔρυθμον
745 1730 799 1792 καὶ
810 1723 848 1792 τό
858 1727 1079 1852 ηεχορηγημέ-

75 1851 154 1909 νον,
171 1827 225 1892 καὶ
241 1823 292 1892 ότι
304 1819 344 1892 εύ
358 1823 441 1909 πρός
456 1852 516 1912 την
531 1825 679 1906 κιθάραν
694 1821 711 1890 ὁ
726 1822 810 1900 ποῦς
828 1826 882 1890 καὶ
896 1821 932 1889 τό
946 1819 1080 1908 σφυρόν

74 1919 119 1998 ῦς
134 1921 239 1989 καλόν
253 1924 308 1990 καὶ
322 1921 405 1991 ἀλλα
421 1933 541 2009 μυρίοι,
557 1925 712 2007 καθάπερ
723 1949 784 2008 την
801 1921 991 2006 Καλάμιδος
1003 1929 1080 1987 Σαι-

73 2021 254 2103 σάνδραν
237 2030 394 2108 επαινῦν,
410 2021 484 2092 ἀλλ’
498 2021 570 2109 ούχι
560 2020 731 2106 κῃΘαΐδα,
709 2050 752 2108 ην
765 2025 819 2089 και
831 2041 874 2087 σν
862 2019 985 2088 οἶσθα
999 2027 1077 2086 συλ-

72 2124 261 2206 λουομένην
271 2119 352 2207 ημῑν
366 2126 419 2188 οἵα
431 2126 507 2189 ἐστί.
530 2127 611 2199 Θαῒς
628 2122 663 2188 δὲ
678 2116 731 2188 οἷα
746 2122 800 2187 καὶ
812 2124 962 2198 ἔσκωψεν
972 2112 1079 2193 εύθῦς

72 2220 106 2295 ἐς
121 2219 191 2302 ἐμέ·
215 2225 255 2286 Et
269 2219 335 2303 γύρ
350 2247 415 2303 τις,
432 2226 512 2306 ἐφη,
528 2217 573 2305 μὴ
586 2219 776 2304 αἰσχύνεται
790 2214 897 2285 λεπτοὶ.
907 2221 1027 2302 ἔχουσα
1038 2212 1078 2280 τᾶ

72 2319 191 2403 σκέλη,
206 2315 378 2404 ὀρχήσεται
391 2322 443 2386 καὶ
458 2316 541 2406 αῦτη
554 2321 765 2398 ἐξαναστᾶσα.
788 2323 821 2383 τί
835 2312 878 2381 ἀν
893 2318 1030 2399 λέγοιμι,
1050 2306 1076 2379 ύ

72 2423 191 2502 μητερ;
213 2415 355 2503 ἀνέστην
365 2417 430 2505 γᾶρ
445 2421 498 2485 καὶ
513 2415 722 2502 ὠρχησάμην.
742 2422 777 2483 τί
789 2413 853 2501 γάρ
871 2418 937 2480 ἔδει
953 2425 1076 2490 ποιεῑν;

72 2512 277 2601 ἀνασχέσθαι
299 2520 354 2583 καὶ
372 2519 595 2602 ἐπαληθεύειν
610 2513 647 2582 τό
667 2521 805 2599 σκῶμμα
825 2515 880 2579 καὶ
893 2510 955 2595 τὴν
971 2514 1076 2578 Θαΐδα

72 2616 134 2680 ἐᾶν
147 2629 326 2697 τυραννεῖν
342 2623 403 2683 τοῦ
414 2623 620 2701 συμιιοσίους

158 2717 187 2780 3.
211 2721 324 2785 ΜΗΤ.
358 2716 616 2801 Φιλοτιμότερον
638 2715 717 2797 μέν,
750 2705 776 2778 ὦ
799 2712 967 2796 θύγατερ·
999 2706 1077 2774 οῦδὲ

71 2819 262 2896 φροντίζειν
276 2811 340 2899 γᾶρ
358 2818 472 2900 ἐχρῆν·
495 2818 568 2898 λέγε
585 2809 615 2878 δ’
634 2809 723 2898 ὅμως
738 2808 777 2876 τά
793 2805 872 2894 μετά
888 2815 1000 2875 ταῦτα.

160 2918 248 2980 ΦΙΛ.
273 2917 318 2980 OC
329 2915 390 2998 μὲν
407 2905 469 2981 οῦν
484 2912 578 2981 ἀλλοι
596 2907 759 2998 ἐπῄνουν,
778 2906 795 2974 ὁ
810 2915 953 2991 Δίφιλος
966 2908 1001 2974 δέ
1016 2906 1080 2992 μό·

70 3035 132 3088 νος
142 3007 262 3076 ῦπτιον
273 3011 470 3098 καταβαλών
486 3009 607 3080 ἑαυτόν
619 3013 651 3087 ἐς
662 3007 724 3094 τὴν
739 3004 871 3092 όροφην
884 3005 1077 3092 ἀνέβλεπεν,

71 3106 146 3196 ἀχρι
166 3109 205 3193 δὴ
224 3117 376 3192 καμοῦσα
392 3110 597 3196 ἐπαυσάμην.

158 3215 234 3276 ΜΗ
237 3216 271 3276 Τ.
299 3207 343 3276 Τό
360 3217 498 3294 φιλῆσαι
511 3209 545 3276 δὲ
562 3205 621 3274 τόν
636 3216 813 3293 Λαμπρίαν
828 3203 950 3291 ἀληθὲς
965 3198 1008 3289 ἦν
1025 3207 1078 3270 καὶ

69 3307 109 3374 τό
125 3315 317 3394 μεταβᾶσαν
328 3311 586 3389 περιπλέκεσθαι
600 3306 706 3396 αύτῷ;
721 3314 756 3373 τί
763 3313 874 3395 σιγᾷςς
888 3302 1000 3371 ούκέτι
1014 3301 1078 3388 γάρ

70 3413 176 3474 ταῦτα
193 3407 392 3492 συγγνώμης
406 3403 491 3484 ἀξια.

158 3514 247 3574 ΦΙΛ.
270 3504 474 3574 ’Λντιλυπεῑν
490 3507 679 3593 ἐβουλόμην
692 3504 805 3572 αὐτόν.
