2625 4092
227 298 290 363 238
584 301 889 362 AOYKIANOY

228 459 305 548 ήμῑν
323 467 356 530 οί
372 463 489 547 γάμοι,
512 460 596 530 αλλὰ
613 469 679 529 νῦν
694 459 911 546 ἀνεμνήσθην
933 460 1079 540 ἀκούσας
1096 470 1155 548 της
1174 489 1225 548 μη-

229 561 322 644 τρός,
344 556 443 628 ὁπότε
462 561 541 646 χθές
562 557 748 641 ἀνέστρεψα
771 557 851 640 παρ’
868 559 981 645 ὑμῶν·
1012 566 1076 645 ἔφη
1093 561 1178 648 γάρ,
1196 553 1229 626 Ὦ

231 658 402 743 Πάμφιλε,
429 656 446 725 ὁ
471 660 532 744 μέν
554 657 730 744 ἡλικιώτης
750 680 803 726 σοι
823 664 995 745 Χαρμίδης
1012 667 1073 727 τοῦ
1090 668 1232 746 γείτονος
1293 666 1294 669 ’

230 759 470 839 Αρισταινέτου
483 754 556 833 υίὸς
573 770 672 840 γαμεῖ
683 755 747 842 ήδη
762 758 817 825 καί
834 771 1018 841 σωφρονεῖ,
1034 754 1077 823 σύ
1094 755 1131 825 δὲ
1147 760 1232 841 μέχρι

230 859 319 930 τίνος
333 854 444 943 ἑταίρᾳ
461 853 573 933 σύνεις
596 861 732 920 τοιαῦτα
747 856 953 936 παρακούων
964 852 1066 939 αὐτῆς
1079 857 1115 932 ές
1129 851 1233 921 ὕπνον
1294 878 1295 905 1

230 955 455 1038 κατηνέχθην·
478 950 545 1019 εἶτα
556 953 666 1018 έεοθεν
676 960 851 1038 προῆλθον
862 951 928 1020 ἀπὸ
942 959 1001 1039 τῆς
1015 957 1138 1035 οίκίας,
1159 949 1233 1018 ὥστε

232 1047 332 1118 οὐδὲν
350 1047 440 1117 εἶδον
456 1042 504 1118 ὦν
524 1048 545 1135 ἡ
560 1053 673 1132 Δωρὶς
691 1047 833 1135 ὕστερον
854 1050 950 1118 εἶδεν.
976 1057 1007 1118 εί
1025 1053 1062 1118 δὲ
1079 1048 1236 1132 ἀπιστεῖς,

232 1142 334 1227 αὖθις
349 1147 562 1233 ἀπελθοῦσα,
582 1141 608 1214 ά
623 1155 733 1231 Δωρί,
751 1145 897 1234 ἀκριβῶς
912 1150 960 1217 ίδέ
977 1146 1021 1234 μή
1037 1146 1098 1214 τὸν
1115 1170 1236 1215 στενο-

232 1246 315 1329 πόν,
331 1243 413 1314 ἀλλά
425 1245 487 1330 τήν
497 1247 627 1364 θύραν,
639 1249 762 1326 ποτέρα
773 1243 1234 1330 έστδνὴκατεστεφανωμένή·

234 1341 384 1429 εὑρήσεις
400 1343 463 1429 γάρ
478 1341 623 1430 τὴντῶν
639 1342 809 1428 γειτόνων.

217 1528 220 1533 ¹
318 1448 450 1510 ΜῬΡΤ.
465 1439 661 1524 Ἀπέσωσας,
675 1433 886 1524 άΠάμφιλε·
903 1437 1100 1526 απηγξαμηυ
1110 1464 1178 1524 γαρ
1189 1465 1237 1520 αν,

234 1548 268 1608 εί
280 1566 310 1606 τι
324 1546 455 1606 τοιοῦτο
471 1543 609 1626 ἐγένετο

1297 1370 1299 1493 λ

318 1645 462 1707 ΠΑΜΦ.
483 1635 570 1706 Ἀλλ’
586 1635 648 1703 ούκ
664 1633 709 1703 ἀν
723 1640 871 1722 ἐγένετο,
887 1633 966 1722 μηδ’
981 1634 1071 1703 οὕτω
1089 1642 1238 1720 μανείην,
1298 1592 1299 1687 ι

236 1734 280 1814 άς
300 1739 504 1805 ἐκλαθέσθαι
527 1744 700 1821 Μυρτίου,
733 1741 787 1805 καὶ
807 1744 910 1803 ταῦτα
929 1734 992 1820 ήδη
1012 1761 1069 1821 μοι
1095 1735 1239 1818 κυούσης
1299 1814 1300 1827 ¹

235 1840 379 1903 παιδίον.

723 2078 753 2140 3.

479 2200 654 2252 ΜΗΤΗΡ
674 2200 757 2252 κκι
780 2199 1004 2251 mmm.

321 2337 348 2398 l.
376 2337 485 2398 MHT.
511 2329 668 2418 Ἐμάνης,
690 2325 888 2415 ὥΦίλιννα,
910 2329 932 2418 ἢ
953 2339 987 2399 τί
1000 2338 1125 2406 ἔπαθες
1147 2331 1242 2416 ἐντῷ

238 2435 406 2518 ξυμποσίῳ
423 2433 517 2514 χθές;
544 2421 603 2515 ἧκε
625 2429 690 2517 γάρ
711 2428 790 2512 παρ’
815 2431 871 2516 ἐμὲ
892 2437 1035 2515 Δίφιλος
1055 2430 1167 2496 ἕωθεν
1185 2431 1243 2492 δα-

237 2527 352 2612 κρύων
369 2531 421 2594 καὶ
443 2529 622 2614 διηγήσατό
638 2557 696 2614 μοι
715 2527 738 2596 ἀ
758 2536 885 2597 ἔπαθεν
903 2527 969 2595 ὑπὸ
989 2534 1068 2594 σοῦ·
1091 2525 1243 2613 μεμεθύ-

237 2636 319 2693 σθαι
332 2625 397 2713 γάρ
411 2649 449 2694 σε
464 2631 518 2694 καὶ
535 2631 567 2704 ές
581 2628 618 2695 τὸ
635 2633 738 2713 μέσον
751 2627 942 2698 ἀναστᾶσαν
957 2624 1168 2712 ὀρχήσασθαι
1184 2621 1244 2690 αύ-

237 2751 298 2792 του
284 2726 555 2804 διακωλύοντος
569 2730 622 2793 και
637 2727 718 2811 μετά
730 2735 832 2794 ταῦτα
845 2734 982 2814 φιλῆσαι
995 2731 1176 2811 Λαμπρίαν
1187 2723 1243 2790 τδν

239 2825 370 2906 ἑταῖρον
390 2823 510 2909 αύτού,
534 2828 588 2892 καὶ
610 2826 680 2893 ἐπεὶ
702 2829 882 2923 ἐχαλέπηνέ
903 2845 972 2909 σοι,
995 2826 1244 2890 καταλιποῦσαν

239 2921 343 2990 αὐτὸν
358 2921 519 2992 ἀπελθεῖν
528 2923 612 3008 πρὸς
628 2923 689 2992 τὸν
698 2917 877 3010 Λαμπρίαν
891 2925 947 2991 καὶ
957 2930 1150 3009 περιβαλειν
1163 2923 1244 2988 έκεῖ-

239 3047 316 3104 νον,
335 3019 455 3089 ἑαυτὸν
470 3022 539 3090 δὲ’
520 3032 766 3110 αποπνίγεσθαι
782 3024 912 3090 τούτων
927 3023 1145 3108 γιγνομένων.
1171 3017 1243 3086 ἀλλ’

240 3073 317 3187 οὐδέ
332 3128 388 3206 τῆς
402 3122 532 3207 νυκτός,
554 3121 653 3208 οἶμαι,
670 3122 919 3198 συνεκάθευδες
930 3119 999 3206 μετ’
1013 3118 1127 3202 αύτού,
1143 3145 1244 3188 κατα-

241 3226 382 3286 λιποῦσα
397 3218 433 3286 δὲ
451 3220 639 3305 δακρύοντα
654 3222 741 3306 μόνη
757 3224 808 3288 ἐπὶ
824 3227 886 3287 τοῦ
906 3225 1048 3305 πλησίον
1064 3222 1245 3304 σκίμποδος

240 3319 408 3384 κατέκεισο
425 3317 552 3407 ᾄδουσα
567 3323 620 3386 καὶ
636 3326 789 3388 λυποῦσα
803 3321 939 3384 ἐκεῖνον.

325 3423 354 3484 2.
371 3425 459 3484 ΦΙΛ.
480 3416 528 3484 Τά
540 3416 603 3502 γάρ
616 3416 721 3485 αὐτοῦ
732 3440 803 3499 σοι,
818 3409 972 3503 άμήτερ,
991 3413 1033 3483 ού
1048 3414 1243 3502 διηγήσατο·

242 3510 284 3581 ού
298 3514 363 3602 γάρ
379 3511 421 3581 ἀν
437 3514 664 3601 συνηγόρευες
684 3515 774 3604 αύτῷ
790 3513 928 3602 ὑβριστῇ
941 3541 980 3601 γε
995 3513 1085 3596 ὄντι,
1106 3509 1144 3590 ὃς
1165 3515 1245 3595 ε’μού
