2625 4092
230 282 293 345 352
580 284 889 345 AOPKIANOY

231 469 305 511 κετο
322 449 408 529 ἔγνω
426 468 460 511 τε
476 438 494 510 ό
512 442 691 530 Κομβάβος
705 438 767 527 την
782 448 907 529 αίτίην,
928 447 1086 525 θαρσέων
1098 470 1136 515 ,τε
1152 442 1228 533 ἤιεν,

231 539 280 608 ότι
296 539 362 627 och
378 538 540 625 ἀπολογίη
557 549 642 609 οίκοι
658 543 819 617 ἐλείπετο,
838 547 897 607 καί
906 567 965 626 μιν
980 541 1126 609 ἐλθόντα
1142 542 1160 609 ὁ
1177 548 1229 630 βι-

230 638 342 716 σιλεύς
356 636 474 705 αὐτίκα
489 639 551 723 μὲν
567 641 666 722 έδησέ
683 663 718 703 τε
734 638 788 705 καὶ
808 640 845 704 ἐν
859 646 992 726 φρουρῇ
1008 644 1068 723 έχε.
1103 638 1186 724 μετά
1201 639 1230 705 δὲ

230 736 424 819 παρεόντων
448 740 481 803 oc
497 742 565 803 τῶν
592 743 719 819 φίλων,
745 741 780 804 οἳ
797 735 851 802 καὶ
872 736 946 801 τότε
971 740 1174 827 πεμπομένῳ
1194 745 1231 826 τῷ

161 847 211 902 471
234 834 402 923 Κομβάβῳ
424 836 665 919 παρεγένοντο,
692 857 896 918 παραγαγειν
917 836 949 910 ἐς
969 839 1072 918 μέσον
1096 860 1233 922 κατηγο-

231 936 320 1014 ρέειν
332 930 449 1018 ἀρχετο
460 938 519 999 καί
531 937 564 999 οί
573 939 727 1017 μοεχηίηυ
739 957 774 999 τε
790 934 843 997 καί
855 929 1036 1016 ἀκολασίην
1050 930 1232 1017 προύφερε·

231 1032 334 1113 κάρτα
351 1029 386 1097 δὲ
409 1032 639 1100 δεινοπαθέων
656 1035 767 1096 πίστιν
787 1054 822 1095 τε
838 1032 891 1096 καὶ
909 1036 1024 1115 φιλίην
1043 1027 1235 1097 ἀνεκαλέετο

233 1132 337 1215 λέγων
355 1124 471 1211 τρισσά
489 1125 672 1214 Κομβάβον
685 1125 830 1193 ἀδικέειν
844 1119 961 1213 μοιχόν
975 1154 1009 1195 τε
1024 1128 1125 1195 έόντα
1139 1130 1195 1195 καὶ
1210 1130 1236 1203 ές

231 1234 342 1293 πίστιν
354 1224 536 1310 ὑβρίσαντα
552 1224 604 1292 καὶ
621 1228 653 1301 ἐς
670 1222 756 1291 θεὸν
772 1222 968 1312 ἀσεβέοντα,
982 1234 1038 1312 τῆς
1049 1229 1086 1293 ἐν
1098 1234 1146 1315 τῷ
1158 1231 1235 1313 έργμ

231 1328 342 1393 τοιάδε
354 1330 472 1411 ἔπρηξε
483 1350 489 1363 ·
512 1318 628 1393 πολλοὶ
639 1324 675 1393 δέ
687 1334 908 1409 παρεστεῶτες
919 1325 1076 1413 ἤλεγχον,
1094 1326 1148 1395 ὅτι
1161 1326 1238 1393 ἀνα·

232 1424 363 1512 φανδδν
376 1430 478 1511 σφέας
494 1422 663 1516 ἀλλήλοισι
682 1427 862 1504 συνεόντας
878 1424 976 1493 εἶδον.
999 1432 1081 1492 πᾶσι
1097 1426 1135 1494 δὲ
1154 1431 1238 1503 τέλος

232 1526 366 1593 ἐδόκεεν
386 1522 504 1591 αὐτίκα
528 1524 691 1610 θνήσκειν
706 1525 888 1611 Κομβάβον
909 1524 1064 1591 θανάτου
1087 1524 1169 1603 ἀξια
1193 1528 1237 1605 έρ

232 1627 408 1711 γασμένον.
438 1630 488 1693 25.
506 1621 523 1690 ὁ
544 1626 579 1694 δὲ
594 1630 674 1702 τέως
689 1627 750 1711 μὲν
768 1627 883 1710 ἕστηκε
900 1627 1005 1710 λέγων
1024 1620 1149 1692 ούδέν·
1179 1627 1237 1691 ἐπεὶ

233 1726 268 1790 δὲ
288 1721 351 1809 ἤδη
367 1726 400 1801 ές
420 1720 480 1789 τόν
498 1723 606 1807 φόνον
621 1722 735 1809 ἤγετο,
758 1722 927 1808 φθέγξατό
945 1748 978 1788 τε
999 1721 1053 1788 καὶ
1070 1720 1109 1787 τό
1128 1723 1241 1807 κειμη-

233 1830 305 1888 λιον
323 1829 410 1887 αίτεε
429 1823 552 1904 λέγων,
574 1818 617 1899 ὡς
634 1819 780 1904 ἀναιρέει
797 1847 854 1905 μιν
869 1818 931 1888 ούκ
953 1819 1070 1906 ὕβριος
1086 1818 1174 1888 οὐδὲ
1188 1820 1240 1905 γά-

233 1944 306 2003 μων
322 1920 442 2001 εἵνεκα,
459 1916 532 1986 ἀλλ’
545 1922 683 1987 ἐκείνων
699 1922 902 2005 ἐπιθυμέων,
917 1920 958 1986 τά
970 1923 1004 1986 οί
1013 1916 1130 1986 ἀπιών
1142 1945 1242 2001 παρε-

233 2016 371 2102 θήκατο.
396 2013 479 2097 πρὸς
497 2018 576 2083 τάδε
595 2017 613 2083 ὁ
629 2017 785 2105 βασιλεύς
800 2020 940 2095 καλέσας
955 2013 1014 2083 τόν
1029 2024 1164 2103 ταμίην
1181 2020 1241 2084 έκέ

233 2122 330 2182 λευεν
352 2116 474 2181 ἐνείκαι
497 2116 537 2181 τά
559 2120 593 2183 οί
612 2120 794 2202 φρουρέειν
816 2120 955 2183 ἐδωκεν·
988 2110 1032 2191 ὡς
1056 2116 1094 2181 δὲ
1121 2113 1243 2200 ἤνεικε,
1284 2119 1285 2188 ζ

233 2212 335 2287 λύσας
349 2208 410 2295 τὴν
425 2218 593 2299 σφρηγῖδα
609 2212 626 2281 ό
644 2215 820 2301 Κομβάβος
835 2214 875 2280 τά
896 2239 930 2281 τε
945 2213 1083 2281 ἐνεόντα
1099 2215 1244 2291 ἐπέδειξε

232 2310 285 2375 καὶ
301 2308 426 2375 ἑωυτόν
439 2307 532 2378 ὁκοῖα
548 2313 764 2398 ἐπεπόνθεεν,
781 2318 870 2393 ἔλεξέ
880 2341 925 2395 τε,
941 2307 980 2380 Ὦ
994 2320 1157 2399 βασιλεῦ,
1174 2314 1243 2380 τάδε

232 2435 281 2475 τοι
298 2406 361 2493 έγοδ
378 2406 572 2499 ὀρρωδέων,
589 2408 663 2480 εὖτέ
672 2439 712 2499 με
727 2414 852 2499 ταύτην
864 2410 945 2479 ὁδόν
957 2418 1122 2496 ἔπεμπες,
1140 2411 1244 2480 ἀέκων

231 2507 324 2594 ἤιον,
357 2510 412 2576 καὶ
434 2512 506 2579 ἐπεί
525 2538 565 2597 με
587 2510 749 2598 ἀναγκαίη
769 2514 896 2598 μεγάλη
921 2514 958 2579 ἐκ
985 2513 1040 2577 σέο
1069 2516 1245 2598 κατέλαβε,
1284 2567 1285 2588 ,

231 2608 343 2675 τοιάδε
362 2612 550 2691 ἐπετέλεσα,
574 2610 678 2678 ἐσθλά
700 2614 761 2695 μὲν
782 2615 815 2689 ἐς
832 2612 1009 2690 δεσπότεα,
1033 2612 1110 2694 ἐμοὶ
1131 2614 1174 2677 δὲ
1192 2610 1244 2676 οίκ

233 2706 385 2795 εάτυχέα·
415 2710 545 2776 τοιόσδε
560 2713 673 2795 μέντοι
688 2708 753 2777 ἐόν
774 2707 897 2794 ἀνδρὸς
916 2705 968 2777 ἐπ’
986 2706 1130 2795 ἀδικίην
1154 2714 1242 2796 ἐγκα-

233 2811 357 2892 λέομαι.
391 2805 461 2874 ὅδὲ
484 2807 567 2889 πρός
583 2809 662 2877 τάδε
683 2807 840 2896 ἀμβώσας
861 2808 1037 2895 περιέβαλέ
1052 2809 1093 2875 τέ
1113 2836 1183 2895 μιν
1200 2810 1244 2875 κιιὶ

233 2906 390 2987 δακρύων
408 2903 474 2989 ἀμα
492 2912 621 2993 ἔλεγεν,
644 2901 683 2975 Ὠ
698 2908 874 2995 Κομβάβε,
898 2914 932 2975 τί
948 2910 1031 2992 μέγα
1046 2906 1168 2976 κακὸν
1186 2917 1246 2988 εἰς·

164 3021 215 3072 47⁶2
233 3006 355 3087 γάσαο;
379 3010 412 3070 τί
423 3007 458 3071 δὲ
475 3004 623 3074 σεωυτόν
639 3006 727 3074 οὕτω
741 3004 905 3085 ἀεικέλιον
920 3012 1020 3090 ἔργον
1036 3014 1179 3089 μοῦνος
1193 3006 1246 3074 ἀν·

234 3106 324 3183 δρῶν
345 3109 500 3189 έπρηξας;
523 3103 562 3172 τά
586 3104 627 3172 ού
648 3108 786 3192 πάμπαν
801 3108 959 3189 ἐπαινέω,
986 3097 1013 3171 ὦ
1033 3109 1192 3190 σχέτλιε,
1216 3105 1247 3183 ὃς

233 3201 344 3267 τοιάδε
359 3208 461 3287 έτλης.
479 3198 532 3271 οἷα
546 3204 627 3291 μήτε
644 3204 680 3271 σὲ
696 3207 836 3272 παθέειν
847 3205 927 3290 μήτε
937 3204 993 3288 ε’μδ
1004 3208 1148 3273 ἰδέσθαι
1161 3206 1245 3292 όίφε»

233 3309 306 3366 λεν·
329 3298 370 3365 ού
382 3302 445 3385 γάρ
464 3328 520 3385 μοι
536 3303 655 3389 ταύτης
672 3300 849 3390 ἀπολογίης
865 3307 966 3370 ἔδεεν.
985 3299 1060 3369 ἀλλ’
1080 3307 1161 3373 ἐπεὶ
1178 3310 1246 3373 δαί-

233 3422 307 3483 μων
323 3399 433 3465 τοιάδε
450 3397 565 3483 ἥθελε,
589 3408 703 3485 πρῶτα
717 3403 779 3488 μέν
801 3422 852 3467 σοι
871 3408 953 3478 τίσις
967 3403 999 3479 έξ
1013 3398 1137 3486 ἡμέων
1156 3410 1245 3473 ἔσσε-

232 3519 304 3575 ται,
323 3494 450 3563 αὐτέων
466 3500 706 3578 συκοφαντέων
726 3496 744 3565 ό
764 3500 928 3579 θάνατος,
949 3496 1031 3583 μετά
1054 3501 1092 3567 δὲ
1118 3503 1246 3589 μεγάλη
