2625 4092
163 235 191 274 tv
582 225 821 278 PRAEFATIO.

161 371 264 414 temere.
305 374 329 412 c.
347 353 480 441 uppigas,
488 361 519 412 de
534 361 625 415 Halmii
644 366 789 415 coniectura
806 379 853 430 pro
871 357 968 433 χρῄζοι
1009 365 1068 417 thid.
1087 372 1146 429 post
1164 359 1250 414 τοῦτο

162 423 208 496 ἐμὲ
230 429 335 482 intrusit
352 429 429 484 Dind.
449 432 616 496 supportica
653 433 716 487 ibid.
737 432 901 502 προοῖσται]
925 430 1071 498 προσέσται
1091 433 1127 484 id.
1146 444 1251 484 auctore
1290 434 1292 497 i

162 501 291 557 iacobsio:
310 509 446 564 utrumque
462 503 614 565 improbavit
633 499 737 568 Cobet,
762 514 789 552 at
806 505 898 554 meiius
914 518 963 554 uon
981 503 1094 569 protulit.
1130 502 1193 558 ibid.
1212 499 1254 552 Et
1290 518 1291 521 ¹

161 575 191 636 γε
207 565 255 619 aori
270 569 364 636 scripsi
382 570 452 635 quod
470 571 592 620 debemus
604 570 749 638 Hirschigio
766 587 813 638 pro
829 567 869 622 Et
881 569 931 624 atati
965 571 1025 624 tota.
1040 561 1251 637 ἐπιγράφοιμεν
1290 624 1291 627 ¹

162 640 247 690 Cobet.
265 641 412 690 mutandum
432 649 517 688 censet
535 641 560 690 in
578 629 774 706 ἐπιγράψομεν
814 658 837 693 c.
857 641 874 694 3
892 633 992 692 σκόπει
1005 633 1038 690 ot
1056 633 1105 706 δὴ]
1129 643 1251 690 σκοπεῖν

161 702 193 758 δὲ
211 705 257 758 δεῖ
274 708 352 761 Dind.
393 710 453 759 ibid.
474 696 545 773 αὕτη
567 700 585 794 rj
605 704 702 791 τέχνη]
719 699 792 776 αὕτη
809 703 893 777 τέχνη
914 713 950 763 id.
985 711 1047 762 ibid.
1067 718 1153 773 „recte
1171 711 1250 762 codd.

162 770 327 840 ἐπὶτοῦτο,
350 778 417 828 maie
435 778 546 828 editores
568 775 616 830 επὶ
637 782 756 848 coctast
776 779 864 832 Gobct.
887 795 954 831 uuus
971 787 1070 830 tantum
1086 779 1144 830 cod.
1163 775 1251 830 τοῦτο
1290 782 1292 809 i

162 847 277 907 exhibet,
302 849 371 911 quod
388 848 440 898 iam
457 849 553 912 recepi.
572 852 704 912 sequeutia
721 849 847 916 Hirschig.
867 851 904 901 ita
920 850 1055 900 scribenda
1072 864 1130 898 esse
1148 858 1250 898 censet:
1290 812 1292 897 i

162 909 424 981 παρεσκευασμένος
439 905 540 966 ου’θέν.
572 915 658 968 m.
674 912 773 968 Elcci
788 910 891 983 σμικρά
905 911 1005 984 λέγοις,
1021 909 1121 984 ἀληθῆ
1137 911 1185 981 δέ,
1204 908 1252 968 ου-
1290 906 1291 961 i

161 978 216 1035 θέν
233 982 346 1036 διοίσει.
385 986 446 1038 itio.
468 975 543 1035 έστιν
560 979 578 1053 ἡ
597 981 693 1055 τέχνη]
713 978 771 1037 έστι
787 981 871 1053 τέχνη
886 987 1014 1052 Hirschig.
1050 987 1112 1041 ibid.
1133 980 1251 1044 πάντως
1290 1030 1292 1041 ,

162 1057 256 1121 scripsi
265 1056 298 1106 dc
311 1053 402 1106 Seileri
412 1057 463 1105 mei
478 1057 622 1107 coniectura
637 1071 684 1123 pro
699 1049 777 1108 πάνυ
790 1048 838 1115 cic.
859 1057 945 1111 Cobet.
961 1051 1075 1115 πάντως
1090 1047 1155 1123 γὰρ.
1173 1057 1250 1107 Dind.
1290 1052 1292 1097 ἵ

162 1117 241 1174 πάνυ
257 1115 310 1191 γάρ
347 1139 370 1178 c.
388 1128 407 1175 4
425 1137 476 1190 συγ
494 1120 726 1191 εγυμνασμένων,
750 1126 820 1191 quod
838 1128 899 1177 oiim
916 1142 1115 1193 proposueram,
1139 1127 1192 1176 iam
1211 1141 1251 1177 re·

163 1198 220 1258 cepi
243 1210 300 1244 cum
313 1193 389 1244 Dind.
408 1209 454 1259 pro
519 1188 736 1261 εγυμνασμένων
768 1195 830 1248 ibid
848 1212 913 1261 „pro
930 1185 1027 1261 ὀρθῶς
1043 1185 1154 1246 ένοίνου
1166 1209 1198 1260 γε
1213 1189 1252 1245 εἰ·
1290 1243 1292 1246 ,

161 1259 268 1321 πόντος
278 1249 367 1320 οὕτως
382 1255 636 1331 άπεμνημένευσας
652 1275 691 1316 est
705 1266 731 1315 iu
750 1266 845 1331 optimo
858 1266 1000 1316 Marciano:
1025 1254 1124 1329 ὀρθοῖς
1140 1255 1251 1321 ἐκεῖνος
1290 1270 1292 1327 ζ

162 1348 193 1399 γε
209 1325 290 1382 εἶπεν
306 1317 390 1391 οὖτος
403 1325 438 1384 σά
451 1348 480 1385 τι
493 1326 762 1400 άπεμνημόνευσας,
778 1335 847 1385 unde
861 1336 961 1385 videtur
972 1337 1162 1400 reponendumr
1179 1325 1252 1384 ἐκεῖ·
1290 1358 1292 1409 t

162 1394 213 1460 νός
228 1416 257 1452 τι
275 1395 369 1463 εἶπεν,
389 1389 467 1462 ὅστις
484 1389 540 1476 ἦν,
560 1398 595 1454 ου’
613 1419 643 1454 τε
658 1394 942 1469 άπεμνημένευσας.“
959 1402 1047 1458 Cobet.
1083 1404 1144 1455 ibid.
1165 1397 1250 1469 τέχνη
1290 1412 1292 1493 p

162 1462 199 1524 άν
217 1469 271 1540 εἴη]
291 1459 328 1522 άν
344 1487 376 1521 ex
394 1475 490 1538 optimo
507 1475 562 1524 cod.
581 1475 678 1529 addidi.
704 1474 763 1524 ibid.
783 1465 895 1538 σαθρὸν
913 1489 972 1524 cum
985 1471 1064 1525 orno.
1083 1484 1190 1524 auctore
1205 1473 1251 1523 Ga-

162 1544 285 1595 sauhouo.
313 1540 512 1606 haudquaquam
538 1545 682 1597 verisimilis
708 1554 748 1592 est
777 1545 935 1604 coniectura,
964 1559 1039 1606 quam
1063 1542 1168 1607 protulit
1188 1541 1249 1595 Cob.
1290 1571 1292 1582 ·

163 1629 189 1679 p.
210 1612 274 1662 114:
294 1599 310 1661 ὁ
327 1607 392 1673 περὶ
410 1606 499 1677 αὐτῆς
514 1602 547 1663 io'
564 1627 611 1676 ος,
627 1605 761 1672 καθάπερ
776 1605 810 1661 αἱ
823 1607 950 1690 πονηραὶ
963 1602 1063 1677 χάτραι
1079 1603 1251 1675 διακρούονν
1290 1614 1292 1724 p

162 1629 1250 1803 otri“ttittrtriitttatitttrttto‘tirritu

161 1830 216 1870 tum
234 1820 318 1870 iocum
337 1802 590 1872 transformavitita:
616 1765 929 1886 iuivoupnopactwo
947 1811 1029 1884 εἰμὴ
1048 1766 1121 1869 παθη
1140 1811 1250 1885 ἡμέραν
1290 1790 1292 1916 J

162 1886 207 1955 εἴη
227 1879 258 1938 έν
276 1886 418 1958 γυμνασίᾳ
438 1889 591 1956 [γυμνασία
605 1890 662 1942 cod.
675 1886 769 1956 Mara]
785 1880 941 1940 ἀπόλλυσιν
953 1881 1010 1939 νιτὲ.
1023 1898 1151 1940 caeterum
1165 1891 1200 1939 de
1213 1891 1251 1940 in-
1290 1918 1292 1968 ρ

162 1960 260 2009 dustria
278 1957 343 2009 falsa
360 1958 438 2009 refert
457 1962 497 2011 vir
518 1939 607 2012 doctus
625 1960 656 2010 ds
675 1960 813 2010 codicibus.
854 1975 877 2008 c.
900 1955 975 2026 Ίτῷ
998 1955 1062 2026 βίῳ]
1085 1955 1144 2008 τοῖν
1163 1949 1195 2006 έν
1211 1957 1251 2026 τῷ

161 2025 214 2097 βίῳ
229 2027 314 2078 Cobet.
339 2042 365 2094 p.
387 2028 446 2082 113.
487 2031 548 2080 ibid.
569 2026 673 2095 μανίας
695 2014 729 2096 ᾖ,
759 2028 829 2093 quod
848 2028 910 2078 olim
930 2029 1069 2094 proposui,
1091 2029 1144 2079 iam
1165 2031 1251 2094 recepi

162 2112 220 2148 cum
239 2097 315 2148 Dind.
337 2112 384 2164 pro
407 2097 511 2164 μανίας
534 2095 580 2164 εἴη
619 2098 681 2152 ibid.
705 2089 775 2148 ἄνευ
798 2090 856 2147 ἔστι
875 2107 978 2148 auctore
994 2098 1094 2148 Halmio
1113 2113 1161 2164 pro
1181 2087 1251 2147 άνευ
1290 2128 1292 2166 Ι

162 2157 230 2216 ἐστι’.
266 2165 394 2232 Hirschig.
411 2170 502 2233 prohat
518 2167 654 2218 lectionem
672 2152 712 2217 civ
728 2157 796 2217 ου’δέ
814 2163 866 2232 ζῆν
884 2180 914 2233 γε
931 2157 1001 2217 ἄνευ
1019 2157 1080 2217 έστί
1112 2183 1136 2217 ο.
1155 2167 1172 2218 8
1191 2159 1250 2216 ἐπι-

162 2229 280 2300 τρέψαι,
300 2234 395 2285 Struvii
415 2238 632 2316 emendatiorum,
649 2240 737 2303 recepi
755 2253 812 2288 cum
828 2236 904 2287 Dind.
939 2237 1000 2288 ibid.
1020 2225 1082 2301 Οέχ
1101 2225 1193 2294 οὕτως
1213 2253 1250 2287 re-

162 2307 252 2356 vocavi
267 2321 314 2372 pro
333 2294 407 2356 oiu'
427 2320 520 2365 ουτος.
540 2307 615 2358 Dind.
634 2297 678 2358 Οὔ
696 2299 733 2373 δὴ
753 2291 846 2363 οὖτος.
867 2305 956 2356 Cobet:
978 2307 1084 2367 ,δίοιτο
1098 2309 1195 2372 potuit:
1216 2295 1250 2355 ori
1288 2323 1292 2339 ⁴

162 2371 266 2440 δῆτα.“
283 2375 365 2440 potuit
375 2377 497 2440 profecto.
516 2375 644 2443 Hirschig.
655 2385 735 2426 totum
744 2377 828 2426 locum
837 2377 875 2425 sic
885 2376 1048 2426 scribendum
1058 2385 1083 2424 et
1092 2376 1251 2441 distinguen-

162 2447 223 2496 dum
242 2451 340 2495 censet:
369 2437 524 2510 φέρεγάρ,
548 2438 575 2495 εἰ
595 2435 776 2508 ἐπιτρέψειας
794 2441 903 2512 σεαυτῷ
926 2444 982 2508 (vel
1000 2446 1022 2494 si
1049 2446 1122 2495 malis
1145 2434 1250 2512 ἑαυτῷ)

162 2511 235 2564 ναῦν
250 2503 280 2564 έν
296 2505 425 2581 θαλάττῃ
439 2511 487 2564 καὶ
499 2511 615 2580 χειμῶνι
628 2507 667 2581 μὴ
682 2506 866 2578 ἐπιστάμενος
880 2510 1036 2581 κυβερνᾶν,
1054 2512 1180 2580 σωθείης
1194 2505 1249 2575 άν;

165 2581 250 2633 m.
269 2573 330 2646 Οὐχ
349 2569 448 2641 οὕτως.
486 2582 569 2634 ΠΛΡ.
589 2582 627 2634 Τι’
638 2576 676 2650 δή
689 2598 772 2648 ποτε,
788 2572 862 2650 ἢτῷ
875 2575 913 2646 μὴ
932 2576 1004 2647 ἔχειν
1020 2575 1139 2648 τέχνην,
1154 2574 1198 2631 δι’
1217 2569 1250 2648 ἦς

162 2647 272 2719 δυνήσῃ
292 2645 388 2712 coiisse
404 2644 520 2714 έαυτόν;
542 2655 603 2709 ibid.
622 2650 672 2704 aci
693 2646 751 2719 μὴν
773 2645 947 2718 κυβερνήτας
967 2641 1036 2718 aci]
1066 2655 1150 2704 miuus
1167 2657 1248 2736 probo

161 2725 276 2786 quaeda
294 2722 344 2773 hoc
363 2724 419 2774 loco
442 2726 510 2775 idem
531 2727 571 2776 vir
588 2725 754 2776 doctissimus
772 2723 886 2789 protulit.
923 2721 983 2772 ibid.
1002 2721 1249 2789 γεγυμνασμένων]
1290 2740 1292 2779 t

162 2785 449 2858 συγγεγυμνασμένων
466 2794 542 2848 Dind.
578 2811 601 2846 o.
620 2793 637 2843 9
653 2782 717 2842 ἀλλ’
736 2783 843 2853 έκεῖνο,
866 2779 958 2872 ὅπως]
983 2779 1049 2840 aitt’
1070 2782 1163 2841 έκεῖνο
1188 2784 1250 2842 σκό-

162 2873 225 2924 πει,
248 2850 327 2919 ὅπως
345 2863 379 2913 tu.
415 2862 502 2913 Cobet.
524 2864 639 2924 „scribet
665 2851 729 2911 ἀλλ’
753 2850 832 2917 ὅπως
853 2858 903 2908 καὶ
926 2873 1045 2926 ορον-
1059 2851 1251 2919 inaudacter

162 2931 257 2980 talibus
276 2930 308 2980 de
327 2933 480 2981 coniecturis
496 2946 547 2981 nou
565 2942 603 2982 est
622 2933 692 2996 quod
709 2934 813 2981 verbum
831 2930 939 2992 addam3
957 2929 1045 2980 ludam
1058 2946 1137 2997 saepe
1152 2933 1252 2982 videtur

161 3001 202 3050 vir
227 2999 323 3048 doctus.
345 3000 451 3049 meiicra
474 3016 533 3052 euru
551 3000 643 3051 docere
665 3009 783 3066 poteraut
799 2999 955 3050 Fritzschius
978 3008 1004 3049 et
1024 2999 1154 3067 Hirschig.
1192 3000 1250 3050 totu

162 3059 255 3118 έκεῖνο
280 3059 391 3136 σκόπει]
415 3069 586 3136 expungenda
603 3078 690 3121 censet
712 3069 778 3121 haec
796 3069 872 3119 verba
898 3067 986 3123 Cobet.
1021 3086 1044 3124 c.
1064 3070 1098 3122 10
1121 3061 1203 3134 παρὰ
1220 3061 1251 3118 δὲ

162 3130 296 3205 πλήθωσι
317 3130 461 3255 ρράπεζαι]
486 3146 544 3190 autc
564 3138 628 3190 haec
652 3141 729 3189 verba
749 3138 887 3190 inserenda
904 3149 977 3204 putat
999 3152 1048 3189 suo
1066 3141 1145 3190 Marte
1163 3138 1249 3190 Cobet.

197 3209 285 3260 .115.
344 3209 468 3258 omerica:

163 3207 195 3274 (p
289 3206 511 3342 )‚.Acccop6vsc
526 3265 555 3325 δ’
574 3266 630 3326 circi
645 3267 754 3343 δώματ’
771 3267 964 3338 ἀκουάζωνται
982 3267 1086 3326 ἀοιδοῦ

318 3336 419 3412 ἥμενοι
435 3335 557 3411 ἕξείης.“

163 3427 188 3466 at
210 3417 295 3468 taedet
316 3416 381 3466 tales
403 3432 444 3466 res
466 3431 567 3483 semper
590 3416 694 3470 referre.
740 3416 801 3466 ibid.
826 3408 880 3482 τὴν
905 3407 997 3467 αὑτοῦ
1022 3430 1080 3466 ουτω
1099 3413 1249 3493 uincam.

162 3499 207 3550 pro
227 3477 281 3552 τήν
301 3475 391 3538 αὐτοῦ
423 3485 485 3537 itta.
504 3481 561 3535 τῶν
579 3477 723 3549 Ἑλλήνων
741 3501 798 3536 cum
816 3489 874 3537 cod.
896 3485 1011 3537 revocavi
1034 3500 1079 3550 pro
1097 3479 1156 3532 τάν
1174 3483 1250 3532 cius

1284 3635 1292 4041 i
