2625 4092
303 315 568 374 ETAIPIKOI
586 312 847 373 ΔΙΑΛΟΓΟΙ.
1014 311 1075 375 245

69 477 88 563 η
103 478 220 562 γνώμη
235 477 271 543 δὲ
287 479 340 542 καὶ
356 472 377 561 ἡ
392 476 552 558 ἐπιθυμία
570 474 624 539 καὶ
640 465 742 538 τάλλα
754 473 862 539 πάντα
873 472 995 560 ἀνδρός
1006 477 1075 542 ε’στί
1091 497 1143 552 292

66 603 132 662 μοι.
160 578 224 643 Καὶ
235 573 332 660 ίκανη
344 581 429 659 γοῦν
441 594 509 656 σοι,
522 577 624 658 ἔφην,
640 574 816 656 ἐπιθυμία,
835 574 965 660 Πάρεχε
977 581 1073 659 γοῦν,

69 671 96 743 (ό
108 681 250 760 Λέαινα,
271 681 300 741 εί
310 673 472 758 ἀπιστεῖς,
491 678 571 758 ἔφη,
588 675 641 739 καί
655 672 770 759 γνάση
782 671 881 740 οὐδὲν
893 675 1076 742 ἐνδέουσάν

66 799 107 858 με
127 781 195 840 τω”ν
215 771 364 855 ἀνδρῶν·
398 777 460 856 ἔχω
478 772 542 856 γάρ
565 797 594 835 τι
620 768 692 836 ἀντὶ
709 777 770 835 τοῦ
791 768 957 854 ἀνδρείου.
991 768 1074 838 ἀλλά

67 871 201 955 πάρεχε,
218 867 292 947 ὄψει
306 869 379 953 γάρ.
403 869 579 952 παρέσχον,
597 860 623 932 τό
633 868 844 953 Κλωνάριον,
861 867 1074 953 ἱκετευούσης

66 965 175 1036 πολλά
198 969 252 1034 καὶ
269 965 376 1051 ὅρμον
397 965 548 1050 τινάνμοι
575 965 698 1049 δούσης
720 972 786 1031 τῶν
808 973 1000 1033 πολυτελῶν
1021 970 1073 1034 καὶ

66 1065 195 1144 ὀθόνας
206 1073 273 1131 τῶν
284 1071 423 1132 λεπτῶν.
439 1061 494 1130 εἶτ’
507 1060 570 1148 ἐγώ
582 1066 642 1148 μὲν
653 1061 764 1148 ὥσπερ
777 1063 883 1147 ἀνδρα
894 1066 1074 1150 περιελάμ-

66 1172 190 1252 βανον,
207 1161 227 1248 ἡ
245 1163 280 1229 δὲ
295 1165 399 1249 ἐφίλει
414 1165 514 1229 τεκαὶ
532 1165 633 1228 ἐποίει
648 1163 702 1227 καὶ
717 1159 882 1246 ἤσθμαινε
897 1165 951 1230 καὶ
967 1162 1074 1230 ἐδόκει-

68 1287 128 1347 μοι
142 1263 174 1337 ἐς
190 1258 379 1346 ὑπερβολὴν
394 1258 544 1345 ἥδεσθαι.

153 1362 292 1424 ΚΛΩΝ.
319 1363 358 1422 Τί
371 1359 483 1440 ἐποίει,
502 1348 675 1439 οδΛίαινα,
693 1352 800 1440 ἢτίνα
814 1355 955 1439 τρόπον;
976 1367 1073 1425 τοῦτο

64 1453 133 1540 γάρ
148 1454 289 1541 μάλιστα
304 1457 380 1521 είπέ.

154 1560 272 1621 ΛΕΑΙ.
299 1552 355 1638 Μὴ
378 1552 538 1634 ἀνάκρινε
561 1549 722 1636 ἀκριβεῖς,
744 1551 861 1638 αἰσχρά
878 1554 957 1637 γάρ·
991 1554 1074 1622 ὥστε

62 1649 190 1737 ’μάτην
209 1648 369 1735 οὐρανίαν
385 1653 447 1719 οὐκ
462 1647 505 1716 ἀν
521 1659 654 1733 είποιμι.

473 1801 677 1810 ——-.--——

556 1911 587 1971 6.

271 2021 500 2074 ΚΡΩΒΤΔΗ
527 2022 609 2072 ΚΑΙ
635 2020 869 2074 KOPINNA.

154 2134 179 2194 l.
196 2135 324 2195 ΚΡΩΒ,
344 2121 383 2194 Ὦ
399 2128 565 2210 Κόριννα,
590 2125 634 2205 ὡς
648 2128 710 2212 μὲν
725 2125 767 2193 ού
783 2128 874 2194 πάνυ
889 2126 1002 2195 δεινδν
1017 2121 1072 2215 ἦν,

63 2224 84 2294 δ
100 2229 262 2312 ἐνόμιζες,
280 2225 317 2293 τό
329 2240 473 2311 γυναῖκα
484 2229 643 2311 γενέσθαι
660 2229 696 2293 ἐκ
710 2228 901 2312 παρθένου,
918 2228 1073 2313 μεμάθη·

63 2351 128 2402 κας
142 2324 222 2411 ἤδη,
238 2323 318 2411 μετά
337 2331 509 2409 μειρακίου
522 2325 583 2409 μὲν
600 2323 725 2407 ὡραίου
738 2326 917 2411 γενομένη,
935 2332 1023 2409 μνᾶν
1037 2329 1073 2392 δὲ

64 2424 103 2488 τό
130 2433 261 2505 πρῶτον
282 2430 439 2508 μίσθωμα
463 2427 685 2508 κομισαμένη,
713 2426 746 2503 ἐξ
768 2415 808 2508 ἧς
830 2421 935 2507 ὅρμον
957 2422 1073 2490 αὐτίκα

63 2521 243 2608 ὠνήσομαί
255 2544 316 2589 σοι.

156 2627 251 2688 ΚΟΡ.
276 2628 360 2703 Ναί,
379 2623 574 2705 μαννάριον.
600 2623 696 2706 ἐχέτω
714 2622 749 2687 δὲ
764 2622 818 2687 καὶ
833 2620 967 2705 ψήφους
981 2616 1074 2697 τινάς

64 2735 253 2805 πυραυγεῖς
268 2717 337 2798 οἷος
352 2718 369 2788 ὁ
384 2726 576 2797 Φιλαινίδος
594 2723 663 2786 ἐστί
684 2775 690 2785 .

154 2825 283 2886 ΚΡΩΒ.
302 2817 414 2885 Ἔσται
435 2827 592 2896 τοιοῦτος.
623 2817 726 2884 ἀκουε
741 2818 777 2883 δὲ
798 2820 852 2882 καὶ
870 2810 972 2884 τάλλα
991 2818 1071 2900 παρ)

60 2923 149 3001 ἐμοῦ
172 2916 193 2982 ἀ
209 2936 246 2983 σε
263 2914 324 3002 χρὴ
348 2931 455 2984 ποιεῖν
472 2921 526 2984 καὶ
544 2917 634 2992 ὅπως
650 2919 901 3000 προσφέρεσθαι
922 2930 989 2992 τοῖς
1011 2913 1072 2983 ἀν-

59 3015 205 3098 δράσιν·
239 3014 321 3099 άλλη
343 3015 489 3101 μὲνγὰρ
512 3015 590 3101 ἡμῖν
612 3013 806 3099 ἀποστροφὴ
829 3022 890 3080 του
909 3022 987 3100 βίον
1010 3011 1072 3080 ούκ
1091 3032 1141 3087 29³

58 3123 173 3196 ἔστιν,
191 3107 217 3180 ὦ
232 3116 398 3197 θύγατερ,
422 3113 505 3181 ἀλλά
528 3116 589 3180 δύο
606 3120 661 3197 ἔτη
683 3121 786 3178 ταῦτα
803 3117 835 3192 ἐξ
853 3107 895 3179 οὗ
911 3119 1073 3200 τέθνηκεν

58 3213 81 3281 ὁ
108 3217 290 3297 μακαρίτης
306 3234 369 3278 σου
387 3213 510 3296 πατήρ,
536 3211 598 3278 οὐκ
619 3211 719 3278 οἶσθα
740 3211 830 3288 ὅπως
847 3212 1071 3299 ἀπεζήσαμεν,

58 3312 122 3380 ὅτε
139 3311 174 3378 δὲ
189 3315 312 3388 ἐκεῖνος
328 3317 396 3396 ἔζη,
419 3314 527 3378 πάντα
543 3305 586 3396 ἦν
601 3312 681 3398 ἡμῖν
696 3315 811 3380 ίκανά·
840 3317 994 3399 ἐχάλκευε
1008 3313 1073 3398 γάρ

57 3413 121 3480 καὶ
135 3415 218 3496 μέγα
234 3405 277 3495 ἦν
293 3409 398 3495 όυομα
416 3408 520 3476 αὐτοῦ
536 3414 572 3477 ἐν
583 3420 747 3496 Πειραιεῖ,
763 3415 817 3478 καὶ
833 3414 970 3478 πάντων
986 3415 1073 3478 ἐστὶν

17 3571 24 3582 ,
58 3510 209 3577 ἀκοῦσαι
218 3515 450 3594 διομνυμένων
459 3503 482 3594 ἦ
492 3508 559 3595 μὴν
569 3509 649 3595 μετά
661 3519 799 3578 Φιλῖνον
811 3515 924 3595 μηκέτι
937 3517 1074 3578 ἔσεσθαι
