<?xml version="1.0" encoding="UTF-8"?>
<!DOCTYPE html PUBLIC "-//W3C//DTD XHTML 1.0 Transitional//EN"
    "http://www.w3.org/TR/xhtml1/DTD/xhtml1-transitional.dtd">
<html xmlns="http://www.w3.org/1999/xhtml" xml:lang="en" lang="en">
 <head>
  <title>
</title>
<meta http-equiv="Content-Type" content="text/html;charset=utf-8" />
  <meta name='ocr-system' content='tesseract 3.04.00' />
  <meta name='ocr-capabilities' content='ocr_page ocr_carea ocr_par ocr_line ocrx_word'/>
</head>
<body>
  <div class='ocr_page' id='page_1' title='image "./lucianisamosate04jacogoog/lucianisamosate04jacogoog_0262.png"; bbox 0 0 2625 4092; ppageno 0'>
   <div class='ocr_carea' id='block_1_1' title="bbox 227 274 885 341">
    <p class='ocr_par' dir='ltr' id='par_1_1' title="bbox 227 274 885 341">
     <span class='ocr_line' id='line_1_1' title="bbox 227 274 885 341; baseline 0.005 -5"><span class='ocrx_word' id='word_1_1' title='bbox 227 274 289 336; x_wconf 75' lang='lat'><strong><em>206</em></strong></span> <span class='ocrx_word' id='word_1_2' title='bbox 580 280 885 341; x_wconf 74' lang='grc' dir='ltr'><em>ΛΟΤΚΙΑΝΟΥ</em></span> 
     </span>
    </p>
   </div>
   <div class='ocr_carea' id='block_1_2' title="bbox 224 433 1308 828">
    <p class='ocr_par' dir='ltr' id='par_1_2' title="bbox 224 433 1308 828">
     <span class='ocr_line' id='line_1_2' title="bbox 226 433 1239 530; baseline 0.012 -27"><span class='ocrx_word' id='word_1_3' title='bbox 226 442 364 523; x_wconf 76' lang='grc' dir='ltr'><strong><em>έχονσα,</em></strong></span> <span class='ocrx_word' id='word_1_4' title='bbox 386 433 408 525; x_wconf 82' lang='grc' dir='ltr'><em>ἢ</em></span> <span class='ocrx_word' id='word_1_5' title='bbox 424 447 458 505; x_wconf 84' lang='grc' dir='ltr'><strong><em>εί</em></strong></span> <span class='ocrx_word' id='word_1_6' title='bbox 472 462 540 505; x_wconf 93' lang='grc' dir='ltr'><strong><em>που</em></strong></span> <span class='ocrx_word' id='word_1_7' title='bbox 556 436 621 522; x_wconf 87' lang='grc' dir='ltr'><strong><em>ἀρα</em></strong></span> <span class='ocrx_word' id='word_1_8' title='bbox 639 442 677 506; x_wconf 92' lang='grc' dir='ltr'><strong><em>έν</em></strong></span> <span class='ocrx_word' id='word_1_9' title='bbox 691 446 816 519; x_wconf 89' lang='grc' dir='ltr'><strong><em>κοίλοις</em></strong></span> <span class='ocrx_word' id='word_1_10' title='bbox 830 441 1034 530; x_wconf 87' lang='grc' dir='ltr'><strong><em>συνεστηκός</em></strong></span> <span class='ocrx_word' id='word_1_11' title='bbox 1052 441 1150 515; x_wconf 86' lang='grc' dir='ltr'><strong><em>ὑετοῦ</em></strong></span> <span class='ocrx_word' id='word_1_12' title='bbox 1168 446 1239 516; x_wconf 87' lang='grc' dir='ltr'><strong><em>όλί-</em></strong></span> 
     </span>
     <span class='ocr_line' id='line_1_3' title="bbox 227 535 1240 625; baseline 0.007 -21"><span class='ocrx_word' id='word_1_13' title='bbox 227 561 290 621; x_wconf 91' lang='grc' dir='ltr'><strong><em>γου</em></strong></span> <span class='ocrx_word' id='word_1_14' title='bbox 304 543 481 620; x_wconf 91' lang='grc' dir='ltr'><strong><em>λείψανον,</em></strong></span> <span class='ocrx_word' id='word_1_15' title='bbox 502 535 591 622; x_wconf 85' lang='grc' dir='ltr'><strong><em>παχύ</em></strong></span> <span class='ocrx_word' id='word_1_16' title='bbox 604 541 659 605; x_wconf 83' lang='grc' dir='ltr'><strong><em>καὶ</em></strong></span> <span class='ocrx_word' id='word_1_17' title='bbox 675 546 774 606; x_wconf 82' lang='grc' dir='ltr'><strong><em>τοῦτο</em></strong></span> <span class='ocrx_word' id='word_1_18' title='bbox 790 540 845 608; x_wconf 80' lang='grc' dir='ltr'><strong><em>καλ</em></strong></span> <span class='ocrx_word' id='word_1_19' title='bbox 860 544 1024 625; x_wconf 76' lang='grc' dir='ltr'><strong><em>δυσῶδες,</em></strong></span> <span class='ocrx_word' id='word_1_20' title='bbox 1047 541 1127 611; x_wconf 69' lang='grc' dir='ltr'><strong><em>ούδέ</em></strong></span> <span class='ocrx_word' id='word_1_21' title='bbox 1142 546 1240 612; x_wconf 86' lang='grc' dir='ltr'><strong><em>πάνυ</em></strong></span> 
     </span>
     <span class='ocr_line' id='line_1_4' title="bbox 225 631 1307 724; baseline 0.009 -24"><span class='ocrx_word' id='word_1_22' title='bbox 225 637 367 715; x_wconf 77' lang='grc' dir='ltr'><strong><em>διψῶντι</em></strong></span> <span class='ocrx_word' id='word_1_23' title='bbox 376 631 548 720; x_wconf 76' lang='grc' dir='ltr'><strong><em>ἀνθρώπῳ</em></strong></span> <span class='ocrx_word' id='word_1_24' title='bbox 560 636 712 721; x_wconf 91' lang='grc' dir='ltr'><strong><em>πότιμον.</em></strong></span> <span class='ocrx_word' id='word_1_25' title='bbox 737 635 890 723; x_wconf 88' lang='grc' dir='ltr'><strong><em>ἀοίκητος</em></strong></span> <span class='ocrx_word' id='word_1_26' title='bbox 906 647 991 724; x_wconf 85' lang='grc' dir='ltr'><strong><em>γοῦν</em></strong></span> <span class='ocrx_word' id='word_1_27' title='bbox 1003 645 1070 709; x_wconf 83' lang='grc' dir='ltr'><strong><em>ἐστι</em></strong></span> <span class='ocrx_word' id='word_1_28' title='bbox 1082 641 1137 708; x_wconf 83' lang='grc' dir='ltr'><strong><em>διδ</em></strong></span> <span class='ocrx_word' id='word_1_29' title='bbox 1152 649 1241 709; x_wconf 85' lang='grc' dir='ltr'><strong><em>ταῦ·</em></strong></span> <span class='ocrx_word' id='word_1_30' title='bbox 1306 635 1307 648; x_wconf 52' lang='grc'>’</span> 
     </span>
     <span class='ocr_line' id='line_1_5' title="bbox 224 728 1308 828; baseline 0.01 -28"><span class='ocrx_word' id='word_1_31' title='bbox 224 758 281 802; x_wconf 83' lang='grc' dir='ltr'><strong><em>τα·</em></strong></span> <span class='ocrx_word' id='word_1_32' title='bbox 310 728 418 820; x_wconf 71' lang='grc' dir='ltr'><strong><em>ήποίς</em></strong></span> <span class='ocrx_word' id='word_1_33' title='bbox 433 730 498 819; x_wconf 81' lang='grc' dir='ltr'><strong><em>γάρ</em></strong></span> <span class='ocrx_word' id='word_1_34' title='bbox 513 729 557 800; x_wconf 82' lang='grc' dir='ltr'><strong><em>ἀν</em></strong></span> <span class='ocrx_word' id='word_1_35' title='bbox 572 740 695 803; x_wconf 87' lang='grc' dir='ltr'><strong><em>οίκοῖτο</em></strong></span> <span class='ocrx_word' id='word_1_36' title='bbox 709 733 876 822; x_wconf 76' lang='grc' dir='ltr'><strong><em>ἀνήμερος</em></strong></span> <span class='ocrx_word' id='word_1_37' title='bbox 896 736 986 806; x_wconf 81' lang='grc' dir='ltr'><strong><em>οὕτω</em></strong></span> <span class='ocrx_word' id='word_1_38' title='bbox 1006 743 1060 809; x_wconf 82' lang='grc' dir='ltr'><strong><em>καῖ</em></strong></span> <span class='ocrx_word' id='word_1_39' title='bbox 1077 738 1162 828; x_wconf 80' lang='grc' dir='ltr'><strong><em>ξηρά</em></strong></span> <span class='ocrx_word' id='word_1_40' title='bbox 1185 744 1241 809; x_wconf 76' lang='grc' dir='ltr'><strong><em>καὶ</em></strong></span> <span class='ocrx_word' id='word_1_41' title='bbox 1307 742 1308 792; x_wconf 56' lang='grc' dir='ltr'><strong><em>λ</em></strong></span> 
     </span>
    </p>
   </div>
   <div class='ocr_carea' id='block_1_3' title="bbox 148 824 1312 3592">
    <p class='ocr_par' dir='ltr' id='par_1_3' title="bbox 221 824 1310 1220">
     <span class='ocr_line' id='line_1_6' title="bbox 224 824 1239 926; baseline 0.005 -25"><span class='ocrx_word' id='word_1_42' title='bbox 224 831 353 919; x_wconf 77' lang='grc' dir='ltr'><strong><em>ἄφορος</em></strong></span> <span class='ocrx_word' id='word_1_43' title='bbox 372 824 458 900; x_wconf 82' lang='grc' dir='ltr'><strong><em>οὖσα</em></strong></span> <span class='ocrx_word' id='word_1_44' title='bbox 484 834 540 902; x_wconf 81' lang='grc' dir='ltr'><strong><em>καῖ</em></strong></span> <span class='ocrx_word' id='word_1_45' title='bbox 559 842 674 924; x_wconf 73' lang='grc' dir='ltr'><strong><em>πολλῷ</em></strong></span> <span class='ocrx_word' id='word_1_46' title='bbox 695 842 741 923; x_wconf 77' lang='grc' dir='ltr'><strong><em>τῷ</em></strong></span> <span class='ocrx_word' id='word_1_47' title='bbox 762 833 876 923; x_wconf 75' lang='grc' dir='ltr'><strong><em>αὐχμῷ</em></strong></span> <span class='ocrx_word' id='word_1_48' title='bbox 897 840 1090 926; x_wconf 71' lang='grc' dir='ltr'><strong><em>πιεζομένης</em></strong></span> <span class='ocrx_word' id='word_1_49' title='bbox 1118 841 1178 907; x_wconf 80' lang='grc' dir='ltr'><strong><em>καὶ</em></strong></span> <span class='ocrx_word' id='word_1_50' title='bbox 1202 836 1239 906; x_wconf 87' lang='grc' dir='ltr'><strong><em>τό</em></strong></span> 
     </span>
     <span class='ocr_line' id='line_1_7' title="bbox 221 929 1309 1022; baseline 0.006 -24"><span class='ocrx_word' id='word_1_51' title='bbox 221 930 355 1010; x_wconf 89' lang='grc' dir='ltr'><strong><em>θάλπος</em></strong></span> <span class='ocrx_word' id='word_1_52' title='bbox 370 931 407 1000; x_wconf 72' lang='grc' dir='ltr'><strong><em>δέ</em></strong></span> <span class='ocrx_word' id='word_1_53' title='bbox 422 929 503 998; x_wconf 87' lang='grc' dir='ltr'><strong><em>αὑτό</em></strong></span> <span class='ocrx_word' id='word_1_54' title='bbox 522 933 577 1001; x_wconf 84' lang='grc' dir='ltr'><strong><em>καὶ</em></strong></span> <span class='ocrx_word' id='word_1_55' title='bbox 588 930 606 1000; x_wconf 85' lang='grc' dir='ltr'><strong>ὁ</strong></span> <span class='ocrx_word' id='word_1_56' title='bbox 617 930 682 1018; x_wconf 84' lang='grc' dir='ltr'><strong><em>άήρ</em></strong></span> <span class='ocrx_word' id='word_1_57' title='bbox 693 939 813 1021; x_wconf 80' lang='grc' dir='ltr'><strong><em>κομιδή</em></strong></span> <span class='ocrx_word' id='word_1_58' title='bbox 828 933 986 1022; x_wconf 75' lang='grc' dir='ltr'><strong><em>πυρώδης</em></strong></span> <span class='ocrx_word' id='word_1_59' title='bbox 1001 938 1054 1003; x_wconf 80' lang='grc' dir='ltr'><strong><em>καὶ</em></strong></span> <span class='ocrx_word' id='word_1_60' title='bbox 1070 937 1242 1022; x_wconf 80' lang='grc' dir='ltr'><strong><em>φλογερὸς</em></strong></span> <span class='ocrx_word' id='word_1_61' title='bbox 1308 958 1309 984; x_wconf 63' lang='lat'>¹</span> 
     </span>
     <span class='ocr_line' id='line_1_8' title="bbox 227 1025 1241 1122; baseline 0.007 -26"><span class='ocrx_word' id='word_1_62' title='bbox 227 1025 275 1097; x_wconf 73' lang='grc' dir='ltr'><strong><em>οἷν</em></strong></span> <span class='ocrx_word' id='word_1_63' title='bbox 291 1027 380 1114; x_wconf 78' lang='grc' dir='ltr'><strong><em>καλή</em></strong></span> <span class='ocrx_word' id='word_1_64' title='bbox 397 1031 532 1115; x_wconf 87' lang='grc' dir='ltr'><strong><em>ψάμμος</em></strong></span> <span class='ocrx_word' id='word_1_65' title='bbox 547 1029 752 1112; x_wconf 77' lang='grc' dir='ltr'><strong><em>ὑπερζέουσα</em></strong></span> <span class='ocrx_word' id='word_1_66' title='bbox 767 1041 936 1112; x_wconf 76' lang='grc' dir='ltr'><strong><em>παντελος</em></strong></span> <span class='ocrx_word' id='word_1_67' title='bbox 951 1032 1077 1120; x_wconf 86' lang='grc' dir='ltr'><strong><em>ἀβατον</em></strong></span> <span class='ocrx_word' id='word_1_68' title='bbox 1092 1032 1154 1120; x_wconf 85' lang='grc' dir='ltr'><strong><em>τήν</em></strong></span> <span class='ocrx_word' id='word_1_69' title='bbox 1171 1037 1241 1122; x_wconf 79' lang='grc' dir='ltr'><strong><em>χύ-</em></strong></span> 
     </span>
     <span class='ocr_line' id='line_1_9' title="bbox 225 1129 1310 1220; baseline 0.006 -27"><span class='ocrx_word' id='word_1_70' title='bbox 225 1154 289 1208; x_wconf 85' lang='grc' dir='ltr'><strong><em>ραν</em></strong></span> <span class='ocrx_word' id='word_1_71' title='bbox 305 1133 428 1212; x_wconf 86' lang='grc' dir='ltr'><strong><em>τίθησι.</em></strong></span> <span class='ocrx_word' id='word_1_72' title='bbox 459 1133 490 1196; x_wconf 74' lang='lat'><strong><em>2.</em></strong></span> <span class='ocrx_word' id='word_1_73' title='bbox 506 1129 723 1214; x_wconf 77' lang='grc' dir='ltr'><strong><em>Γαράμαντες</em></strong></span> <span class='ocrx_word' id='word_1_74' title='bbox 739 1131 839 1214; x_wconf 92' lang='grc' dir='ltr'><strong><em>μόνοι</em></strong></span> <span class='ocrx_word' id='word_1_75' title='bbox 852 1132 1027 1215; x_wconf 80' lang='grc' dir='ltr'><strong><em>πρόσοικοι</em></strong></span> <span class='ocrx_word' id='word_1_76' title='bbox 1043 1131 1152 1217; x_wconf 85' lang='grc' dir='ltr'><strong><em>ὅντες,</em></strong></span> <span class='ocrx_word' id='word_1_77' title='bbox 1181 1130 1241 1199; x_wconf 89' lang='grc' dir='ltr'><strong><em>εύ-</em></strong></span> <span class='ocrx_word' id='word_1_78' title='bbox 1309 1172 1310 1220; x_wconf 63' lang='grc' dir='ltr'><strong><em>η</em></strong></span> 
     </span>
    </p>

    <p class='ocr_par' dir='ltr' id='par_1_4' title="bbox 154 1221 1312 3486">
     <span class='ocr_line' id='line_1_10' title="bbox 154 1225 1242 1318; baseline 0.002 -22"><span class='ocrx_word' id='word_1_79' title='bbox 154 1240 206 1296; x_wconf 72' lang='lat'><strong><em>23⁵</em></strong></span> <span class='ocrx_word' id='word_1_80' title='bbox 225 1226 340 1304; x_wconf 63' lang='grc' dir='ltr'><strong><em>σιαλὶς</em></strong></span> <span class='ocrx_word' id='word_1_81' title='bbox 355 1230 410 1294; x_wconf 81' lang='grc' dir='ltr'><strong><em>καὶ</em></strong></span> <span class='ocrx_word' id='word_1_82' title='bbox 425 1236 559 1312; x_wconf 83' lang='grc' dir='ltr'><strong><em>κοῦφον</em></strong></span> <span class='ocrx_word' id='word_1_83' title='bbox 571 1233 690 1312; x_wconf 82' lang='grc' dir='ltr'><strong><em>έθνος,</em></strong></span> <span class='ocrx_word' id='word_1_84' title='bbox 705 1225 884 1312; x_wconf 79' lang='grc' dir='ltr'><strong><em>ἄνθρωποι</em></strong></span> <span class='ocrx_word' id='word_1_85' title='bbox 899 1246 1067 1316; x_wconf 76' lang='grc' dir='ltr'><strong><em>σκηνῖται,</em></strong></span> <span class='ocrx_word' id='word_1_86' title='bbox 1082 1228 1146 1298; x_wconf 82' lang='grc' dir='ltr'><strong><em>ἀπό</em></strong></span> <span class='ocrx_word' id='word_1_87' title='bbox 1168 1231 1242 1318; x_wconf 83' lang='grc' dir='ltr'><strong><em>θή-</em></strong></span> 
     </span>
     <span class='ocr_line' id='line_1_11' title="bbox 225 1317 1242 1414; baseline 0.006 -24"><span class='ocrx_word' id='word_1_88' title='bbox 225 1351 285 1408; x_wconf 88' lang='grc' dir='ltr'><strong><em>ρας</em></strong></span> <span class='ocrx_word' id='word_1_89' title='bbox 302 1322 342 1390; x_wconf 82' lang='grc' dir='ltr'><strong><em>τά</em></strong></span> <span class='ocrx_word' id='word_1_90' title='bbox 357 1323 463 1393; x_wconf 77' lang='grc' dir='ltr'><strong><em>πολλὰ</em></strong></span> <span class='ocrx_word' id='word_1_91' title='bbox 476 1333 608 1411; x_wconf 80' lang='grc' dir='ltr'><strong><em>ζῶντες,</em></strong></span> <span class='ocrx_word' id='word_1_92' title='bbox 624 1331 731 1395; x_wconf 79' lang='grc' dir='ltr'><strong><em>ἐνίοτε</em></strong></span> <span class='ocrx_word' id='word_1_93' title='bbox 743 1317 835 1394; x_wconf 86' lang='grc' dir='ltr'><strong><em>οὑτοι</em></strong></span> <span class='ocrx_word' id='word_1_94' title='bbox 847 1328 1046 1413; x_wconf 81' lang='grc' dir='ltr'><strong><em>ἐσβάλλουσι</em></strong></span> <span class='ocrx_word' id='word_1_95' title='bbox 1060 1330 1242 1414; x_wconf 85' lang='grc' dir='ltr'><strong><em>θηράσον-</em></strong></span> 
     </span>
     <span class='ocr_line' id='line_1_12' title="bbox 225 1422 1311 1513; baseline 0.005 -22"><span class='ocrx_word' id='word_1_96' title='bbox 225 1452 277 1503; x_wconf 90' lang='grc' dir='ltr'><strong><em>τες</em></strong></span> <span class='ocrx_word' id='word_1_97' title='bbox 289 1422 374 1511; x_wconf 77' lang='grc' dir='ltr'><strong><em>ἀμφὶ</em></strong></span> <span class='ocrx_word' id='word_1_98' title='bbox 384 1423 510 1508; x_wconf 82' lang='grc' dir='ltr'><strong><em>τροπάς</em></strong></span> <span class='ocrx_word' id='word_1_99' title='bbox 520 1423 579 1504; x_wconf 82' lang='grc' dir='ltr'><strong><em>τὰς</em></strong></span> <span class='ocrx_word' id='word_1_100' title='bbox 592 1423 780 1513; x_wconf 85' lang='grc' dir='ltr'><strong><em>χειμερινάς</em></strong></span> <span class='ocrx_word' id='word_1_101' title='bbox 789 1427 948 1512; x_wconf 89' lang='grc' dir='ltr'><strong><em>μάλιστα,</em></strong></span> <span class='ocrx_word' id='word_1_102' title='bbox 962 1423 1066 1494; x_wconf 78' lang='grc' dir='ltr'><strong><em>ὕοντα</em></strong></span> <span class='ocrx_word' id='word_1_103' title='bbox 1077 1426 1136 1495; x_wconf 88' lang='grc' dir='ltr'><strong><em>τόν</em></strong></span> <span class='ocrx_word' id='word_1_104' title='bbox 1145 1427 1243 1496; x_wconf 85' lang='grc' dir='ltr'><strong><em>θεόν</em></strong></span> <span class='ocrx_word' id='word_1_105' title='bbox 1310 1487 1311 1496; x_wconf 70' lang='grc'><strong><em>,</em></strong></span> 
     </span>
     <span class='ocr_line' id='line_1_13' title="bbox 224 1521 1239 1613; baseline 0.007 -24"><span class='ocrx_word' id='word_1_106' title='bbox 224 1524 441 1609; x_wconf 84' lang='grc' dir='ltr'><strong><em>τηρήσαντες,</em></strong></span> <span class='ocrx_word' id='word_1_107' title='bbox 463 1522 564 1591; x_wconf 84' lang='grc' dir='ltr'><strong><em>ὁπότε</em></strong></span> <span class='ocrx_word' id='word_1_108' title='bbox 579 1521 616 1593; x_wconf 88' lang='grc' dir='ltr'><strong><em>τό</em></strong></span> <span class='ocrx_word' id='word_1_109' title='bbox 634 1522 722 1592; x_wconf 81' lang='grc' dir='ltr'><strong><em>πολὺ</em></strong></span> <span class='ocrx_word' id='word_1_110' title='bbox 739 1532 799 1592; x_wconf 89' lang='grc' dir='ltr'><strong><em>τού</em></strong></span> <span class='ocrx_word' id='word_1_111' title='bbox 814 1526 983 1610; x_wconf 88' lang='grc' dir='ltr'><strong><em>καύματος</em></strong></span> <span class='ocrx_word' id='word_1_112' title='bbox 1002 1532 1161 1613; x_wconf 79' lang='grc' dir='ltr'><strong><em>σβεσθείη</em></strong></span> <span class='ocrx_word' id='word_1_113' title='bbox 1182 1528 1239 1596; x_wconf 75' lang='grc' dir='ltr'><strong><em>καὶ</em></strong></span> 
     </span>
     <span class='ocr_line' id='line_1_14' title="bbox 224 1618 1312 1712; baseline 0.003 -26"><span class='ocrx_word' id='word_1_114' title='bbox 224 1618 243 1706; x_wconf 85' lang='grc' dir='ltr'><strong><em>ή</em></strong></span> <span class='ocrx_word' id='word_1_115' title='bbox 259 1621 393 1706; x_wconf 85' lang='grc' dir='ltr'><strong><em>ψάμμος</em></strong></span> <span class='ocrx_word' id='word_1_116' title='bbox 412 1631 584 1708; x_wconf 81' lang='grc' dir='ltr'><strong><em>νοτισθείη</em></strong></span> <span class='ocrx_word' id='word_1_117' title='bbox 599 1625 654 1690; x_wconf 79' lang='grc' dir='ltr'><strong><em>καὶ</em></strong></span> <span class='ocrx_word' id='word_1_118' title='bbox 671 1619 823 1707; x_wconf 84' lang='grc' dir='ltr'><strong><em>ἀμηγέπη</em></strong></span> <span class='ocrx_word' id='word_1_119' title='bbox 839 1622 922 1708; x_wconf 83' lang='grc' dir='ltr'><strong><em>βατὴ</em></strong></span> <span class='ocrx_word' id='word_1_120' title='bbox 938 1625 1077 1707; x_wconf 89' lang='grc' dir='ltr'><strong><em>γένοιτο.</em></strong></span> <span class='ocrx_word' id='word_1_121' title='bbox 1104 1621 1124 1707; x_wconf 86' lang='grc' dir='ltr'><strong><em>ή</em></strong></span> <span class='ocrx_word' id='word_1_122' title='bbox 1138 1625 1240 1710; x_wconf 84' lang='grc' dir='ltr'><strong><em>θήρα</em></strong></span> <span class='ocrx_word' id='word_1_123' title='bbox 1311 1709 1312 1712; x_wconf 8' lang='lat'>¹</span> 
     </span>
     <span class='ocr_line' id='line_1_15' title="bbox 224 1718 1312 1807; baseline 0.004 -23"><span class='ocrx_word' id='word_1_124' title='bbox 224 1723 263 1784; x_wconf 80' lang='grc' dir='ltr'><strong><em>δι’</em></strong></span> <span class='ocrx_word' id='word_1_125' title='bbox 274 1721 364 1787; x_wconf 79' lang='grc' dir='ltr'><strong><em>ἐστιν</em></strong></span> <span class='ocrx_word' id='word_1_126' title='bbox 382 1718 472 1787; x_wconf 85' lang='grc' dir='ltr'><strong><em>όνων</em></strong></span> <span class='ocrx_word' id='word_1_127' title='bbox 488 1747 524 1788; x_wconf 91' lang='grc' dir='ltr'><strong><em>τε</em></strong></span> <span class='ocrx_word' id='word_1_128' title='bbox 544 1727 612 1787; x_wconf 81' lang='grc' dir='ltr'><strong><em>τῶν</em></strong></span> <span class='ocrx_word' id='word_1_129' title='bbox 632 1719 759 1805; x_wconf 86' lang='grc' dir='ltr'><strong><em>ἀγρίων</em></strong></span> <span class='ocrx_word' id='word_1_130' title='bbox 775 1723 829 1789; x_wconf 80' lang='grc' dir='ltr'><strong><em>καὶ</em></strong></span> <span class='ocrx_word' id='word_1_131' title='bbox 847 1728 1025 1803; x_wconf 73' lang='grc' dir='ltr'><strong><em>στρουθῶν</em></strong></span> <span class='ocrx_word' id='word_1_132' title='bbox 1044 1727 1111 1787; x_wconf 81' lang='grc' dir='ltr'><strong><em>τῶν</em></strong></span> <span class='ocrx_word' id='word_1_133' title='bbox 1126 1724 1240 1807; x_wconf 82' lang='grc' dir='ltr'><strong><em>μεγά-</em></strong></span> <span class='ocrx_word' id='word_1_134' title='bbox 1311 1737 1312 1740; x_wconf 76' lang='grc'>’</span> 
     </span>
     <span class='ocr_line' id='line_1_16' title="bbox 213 1820 1239 1906; baseline 0.002 -22"><span class='ocrx_word' id='word_1_135' title='bbox 213 1827 292 1884; x_wconf 87' lang='grc' dir='ltr'><strong><em>-λων</em></strong></span> <span class='ocrx_word' id='word_1_136' title='bbox 311 1825 522 1903; x_wconf 79' lang='grc' dir='ltr'><strong><em>χαμαιπετῶν</em></strong></span> <span class='ocrx_word' id='word_1_137' title='bbox 545 1821 600 1886; x_wconf 82' lang='grc' dir='ltr'><strong><em>καὶ</em></strong></span> <span class='ocrx_word' id='word_1_138' title='bbox 620 1820 778 1904; x_wconf 77' lang='grc' dir='ltr'><strong><em>πιθήκων</em></strong></span> <span class='ocrx_word' id='word_1_139' title='bbox 800 1820 941 1906; x_wconf 85' lang='grc' dir='ltr'><strong><em>μάλιστα</em></strong></span> <span class='ocrx_word' id='word_1_140' title='bbox 963 1821 1019 1887; x_wconf 76' lang='grc' dir='ltr'><strong><em>καί</em></strong></span> <span class='ocrx_word' id='word_1_141' title='bbox 1040 1820 1239 1906; x_wconf 77' lang='grc' dir='ltr'><strong><em>ἐλεφάντων</em></strong></span> 
     </span>
     <span class='ocr_line' id='line_1_17' title="bbox 223 1913 1239 2001; baseline 0.003 -19"><span class='ocrx_word' id='word_1_142' title='bbox 223 1919 344 1982; x_wconf 82' lang='grc' dir='ltr'><strong><em>ἐνίοτε·</em></strong></span> <span class='ocrx_word' id='word_1_143' title='bbox 371 1923 474 1982; x_wconf 82' lang='grc' dir='ltr'><strong><em>ταῦτα</em></strong></span> <span class='ocrx_word' id='word_1_144' title='bbox 488 1913 552 2000; x_wconf 83' lang='grc' dir='ltr'><strong><em>γάρ</em></strong></span> <span class='ocrx_word' id='word_1_145' title='bbox 573 1918 661 2001; x_wconf 93' lang='grc' dir='ltr'><strong><em>μόνα</em></strong></span> <span class='ocrx_word' id='word_1_146' title='bbox 679 1921 811 1997; x_wconf 87' lang='grc' dir='ltr'><strong><em>διαρκεῖ</em></strong></span> <span class='ocrx_word' id='word_1_147' title='bbox 820 1914 905 1999; x_wconf 90' lang='grc' dir='ltr'><strong><em>πρός</em></strong></span> <span class='ocrx_word' id='word_1_148' title='bbox 920 1915 957 1982; x_wconf 87' lang='grc' dir='ltr'><strong><em>τὸ</em></strong></span> <span class='ocrx_word' id='word_1_149' title='bbox 974 1921 1068 1997; x_wconf 90' lang='grc' dir='ltr'><strong><em>δίψος</em></strong></span> <span class='ocrx_word' id='word_1_150' title='bbox 1081 1920 1135 1985; x_wconf 79' lang='grc' dir='ltr'><strong><em>καὶ</em></strong></span> <span class='ocrx_word' id='word_1_151' title='bbox 1149 1914 1239 1985; x_wconf 87' lang='grc' dir='ltr'><strong><em>ἀνέ-</em></strong></span> 
     </span>
     <span class='ocr_line' id='line_1_18' title="bbox 221 2011 1240 2104; baseline 0.002 -24"><span class='ocrx_word' id='word_1_152' title='bbox 221 2039 311 2100; x_wconf 90' lang='grc' dir='ltr'><strong><em>χεται</em></strong></span> <span class='ocrx_word' id='word_1_153' title='bbox 327 2015 378 2082; x_wconf 80' lang='grc' dir='ltr'><strong><em>έπλ</em></strong></span> <span class='ocrx_word' id='word_1_154' title='bbox 395 2013 482 2081; x_wconf 87' lang='grc' dir='ltr'><strong><em>πολύ</em></strong></span> <span class='ocrx_word' id='word_1_155' title='bbox 502 2016 800 2100; x_wconf 79' lang='grc' dir='ltr'><strong><em>ταλαιπωρούμενα</em></strong></span> <span class='ocrx_word' id='word_1_156' title='bbox 818 2011 883 2080; x_wconf 88' lang='grc' dir='ltr'><strong><em>ὑπό</em></strong></span> <span class='ocrx_word' id='word_1_157' title='bbox 900 2023 1012 2104; x_wconf 77' lang='grc' dir='ltr'><strong><em>πολλῷ</em></strong></span> <span class='ocrx_word' id='word_1_158' title='bbox 1032 2017 1086 2083; x_wconf 77' lang='grc' dir='ltr'><strong><em>καὶ</em></strong></span> <span class='ocrx_word' id='word_1_159' title='bbox 1104 2013 1175 2095; x_wconf 79' lang='grc' dir='ltr'><strong><em>ὀξεῖ</em></strong></span> <span class='ocrx_word' id='word_1_160' title='bbox 1189 2022 1240 2104; x_wconf 73' lang='grc' dir='ltr'><strong><em>τῷ</em></strong></span> 
     </span>
     <span class='ocr_line' id='line_1_19' title="bbox 222 2108 1240 2200; baseline 0.001 -22"><span class='ocrx_word' id='word_1_161' title='bbox 222 2109 313 2200; x_wconf 83' lang='grc' dir='ltr'><strong><em>ήλίφ.</em></strong></span> <span class='ocrx_word' id='word_1_162' title='bbox 335 2114 390 2178; x_wconf 84' lang='grc' dir='ltr'><strong><em>καὶ</em></strong></span> <span class='ocrx_word' id='word_1_163' title='bbox 403 2108 494 2196; x_wconf 85' lang='grc' dir='ltr'><strong><em>ὅμως</em></strong></span> <span class='ocrx_word' id='word_1_164' title='bbox 510 2117 545 2179; x_wconf 86' lang='grc' dir='ltr'><strong><em>οί</em></strong></span> <span class='ocrx_word' id='word_1_165' title='bbox 551 2112 766 2199; x_wconf 88' lang='grc' dir='ltr'><strong><em>Γαράμαντες</em></strong></span> <span class='ocrx_word' id='word_1_166' title='bbox 782 2110 917 2179; x_wconf 79' lang='grc' dir='ltr'><strong><em>έπειδάν</em></strong></span> <span class='ocrx_word' id='word_1_167' title='bbox 931 2110 971 2178; x_wconf 82' lang='grc' dir='ltr'><strong><em>τά</em></strong></span> <span class='ocrx_word' id='word_1_168' title='bbox 988 2119 1073 2179; x_wconf 87' lang='grc' dir='ltr'><strong><em>σιτία</em></strong></span> <span class='ocrx_word' id='word_1_169' title='bbox 1084 2139 1240 2179; x_wconf 85' lang='grc' dir='ltr'><strong><em>κατανα-</em></strong></span> 
     </span>
     <span class='ocr_line' id='line_1_20' title="bbox 222 2206 1239 2295; baseline -0.001 -18"><span class='ocrx_word' id='word_1_170' title='bbox 222 2208 376 2277; x_wconf 84' lang='grc' dir='ltr'><strong><em>λύσωσιν</em></strong></span> <span class='ocrx_word' id='word_1_171' title='bbox 397 2206 482 2292; x_wconf 82' lang='grc' dir='ltr'><strong><em>άπερ</em></strong></span> <span class='ocrx_word' id='word_1_172' title='bbox 503 2216 631 2295; x_wconf 85' lang='grc' dir='ltr'><strong><em>ἔχοντες</em></strong></span> <span class='ocrx_word' id='word_1_173' title='bbox 651 2208 831 2295; x_wconf 89' lang='grc' dir='ltr'><strong><em>ἀφίκοντο,</em></strong></span> <span class='ocrx_word' id='word_1_174' title='bbox 858 2209 1107 2278; x_wconf 83' lang='grc' dir='ltr'><strong><em>ἀπελαύνουσιν</em></strong></span> <span class='ocrx_word' id='word_1_175' title='bbox 1124 2208 1239 2278; x_wconf 85' lang='grc' dir='ltr'><strong><em>ὀπίσω</em></strong></span> 
     </span>
     <span class='ocr_line' id='line_1_21' title="bbox 222 2302 1237 2395; baseline -0.002 -19"><span class='ocrx_word' id='word_1_176' title='bbox 222 2306 328 2385; x_wconf 82' lang='grc' dir='ltr'><strong><em>εὐθύς</em></strong></span> <span class='ocrx_word' id='word_1_177' title='bbox 342 2307 486 2386; x_wconf 86' lang='grc' dir='ltr'><strong><em>δεδιότες</em></strong></span> <span class='ocrx_word' id='word_1_178' title='bbox 496 2302 539 2394; x_wconf 74' lang='grc' dir='ltr'><strong><em>μή</em></strong></span> <span class='ocrx_word' id='word_1_179' title='bbox 552 2318 670 2391; x_wconf 90' lang='grc' dir='ltr'><strong><em>σφίσιν</em></strong></span> <span class='ocrx_word' id='word_1_180' title='bbox 684 2308 705 2394; x_wconf 82' lang='grc' dir='ltr'><em>ἡ</em></span> <span class='ocrx_word' id='word_1_181' title='bbox 719 2311 852 2394; x_wconf 89' lang='grc' dir='ltr'><strong><em>ψάμμος</em></strong></span> <span class='ocrx_word' id='word_1_182' title='bbox 866 2307 1089 2394; x_wconf 75' lang='grc' dir='ltr'><strong><em>ἀναφλεγεῖσα</em></strong></span> <span class='ocrx_word' id='word_1_183' title='bbox 1101 2308 1237 2395; x_wconf 90' lang='grc' dir='ltr'><strong><em>δύσβα-</em></strong></span> 
     </span>
     <span class='ocr_line' id='line_1_22' title="bbox 221 2404 1237 2493; baseline -0.001 -18"><span class='ocrx_word' id='word_1_184' title='bbox 221 2434 276 2486; x_wconf 91' lang='grc' dir='ltr'><strong><em>τος</em></strong></span> <span class='ocrx_word' id='word_1_185' title='bbox 291 2410 346 2475; x_wconf 77' lang='grc' dir='ltr'><strong><em>καὶ</em></strong></span> <span class='ocrx_word' id='word_1_186' title='bbox 368 2405 493 2491; x_wconf 81' lang='grc' dir='ltr'><strong><em>ἀπορος</em></strong></span> <span class='ocrx_word' id='word_1_187' title='bbox 513 2412 664 2493; x_wconf 84' lang='grc' dir='ltr'><strong><em>γένηται,</em></strong></span> <span class='ocrx_word' id='word_1_188' title='bbox 689 2405 755 2476; x_wconf 83' lang='grc' dir='ltr'><strong><em>είτα</em></strong></span> <span class='ocrx_word' id='word_1_189' title='bbox 773 2407 884 2489; x_wconf 76' lang='grc' dir='ltr'><strong><em>ὥσπερ</em></strong></span> <span class='ocrx_word' id='word_1_190' title='bbox 907 2404 1000 2484; x_wconf 82' lang='grc' dir='ltr'><strong><em>ἐντός</em></strong></span> <span class='ocrx_word' id='word_1_191' title='bbox 1016 2404 1153 2488; x_wconf 81' lang='grc' dir='ltr'><strong><em>ἀρκύων</em></strong></span> <span class='ocrx_word' id='word_1_192' title='bbox 1170 2416 1237 2493; x_wconf 91' lang='grc' dir='ltr'><strong><em>λη-</em></strong></span> 
     </span>
     <span class='ocr_line' id='line_1_23' title="bbox 220 2504 1235 2592; baseline -0.002 -16"><span class='ocrx_word' id='word_1_193' title='bbox 220 2510 364 2592; x_wconf 88' lang='grc' dir='ltr'><strong><em>φθέντες</em></strong></span> <span class='ocrx_word' id='word_1_194' title='bbox 378 2509 434 2575; x_wconf 82' lang='grc' dir='ltr'><strong><em>καὶ</em></strong></span> <span class='ocrx_word' id='word_1_195' title='bbox 454 2505 549 2574; x_wconf 73' lang='grc' dir='ltr'><strong><em>αὐτοὶ</em></strong></span> <span class='ocrx_word' id='word_1_196' title='bbox 563 2505 756 2575; x_wconf 88' lang='grc' dir='ltr'><strong><em>ἀπόλωνται</em></strong></span> <span class='ocrx_word' id='word_1_197' title='bbox 771 2504 852 2592; x_wconf 79' lang='grc' dir='ltr'><strong><em>μετὰ</em></strong></span> <span class='ocrx_word' id='word_1_198' title='bbox 871 2515 929 2592; x_wconf 90' lang='grc' dir='ltr'><strong><em>τής</em></strong></span> <span class='ocrx_word' id='word_1_199' title='bbox 944 2504 1065 2591; x_wconf 86' lang='grc' dir='ltr'><strong><em>ἀγρας·</em></strong></span> <span class='ocrx_word' id='word_1_200' title='bbox 1094 2505 1235 2591; x_wconf 77' lang='grc' dir='ltr'><strong><em>ἄφυκτα</em></strong></span> 
     </span>
     <span class='ocr_line' id='line_1_24' title="bbox 219 2601 1235 2694; baseline -0.004 -18"><span class='ocrx_word' id='word_1_201' title='bbox 219 2607 284 2694; x_wconf 88' lang='grc' dir='ltr'><strong><em>γάρ</em></strong></span> <span class='ocrx_word' id='word_1_202' title='bbox 298 2611 406 2690; x_wconf 91' lang='grc' dir='ltr'><strong><em>έστιν,</em></strong></span> <span class='ocrx_word' id='word_1_203' title='bbox 421 2601 465 2694; x_wconf 83' lang='grc' dir='ltr'><strong><em>ἢν</em></strong></span> <span class='ocrx_word' id='word_1_204' title='bbox 479 2603 601 2693; x_wconf 84' lang='grc' dir='ltr'><strong><em>ὁήλως</em></strong></span> <span class='ocrx_word' id='word_1_205' title='bbox 612 2603 807 2685; x_wconf 86' lang='grc' dir='ltr'><strong><em>ἀνασπάσας</em></strong></span> <span class='ocrx_word' id='word_1_206' title='bbox 817 2603 880 2694; x_wconf 86' lang='grc' dir='ltr'><strong><em>τήν</em></strong></span> <span class='ocrx_word' id='word_1_207' title='bbox 894 2607 1016 2691; x_wconf 84' lang='grc' dir='ltr'><strong><em>ίκμάδα</em></strong></span> <span class='ocrx_word' id='word_1_208' title='bbox 1028 2607 1083 2673; x_wconf 83' lang='grc' dir='ltr'><strong><em>καλ</em></strong></span> <span class='ocrx_word' id='word_1_209' title='bbox 1093 2607 1235 2690; x_wconf 87' lang='grc' dir='ltr'><strong><em>τάχιστα</em></strong></span> 
     </span>
     <span class='ocr_line' id='line_1_25' title="bbox 221 2702 1233 2794; baseline -0.003 -20"><span class='ocrx_word' id='word_1_210' title='bbox 221 2707 365 2794; x_wconf 84' lang='grc' dir='ltr'><strong><em>ξηράνας</em></strong></span> <span class='ocrx_word' id='word_1_211' title='bbox 381 2703 443 2793; x_wconf 85' lang='grc' dir='ltr'><strong><em>τήν</em></strong></span> <span class='ocrx_word' id='word_1_212' title='bbox 459 2706 573 2792; x_wconf 77' lang='grc' dir='ltr'><strong><em>χώραν</em></strong></span> <span class='ocrx_word' id='word_1_213' title='bbox 589 2705 769 2792; x_wconf 84' lang='grc' dir='ltr'><strong><em>ὑπερζέση,</em></strong></span> <span class='ocrx_word' id='word_1_214' title='bbox 791 2703 1014 2790; x_wconf 80' lang='grc' dir='ltr'><strong><em>ἀκμαιοτέραν</em></strong></span> <span class='ocrx_word' id='word_1_215' title='bbox 1028 2702 1089 2790; x_wconf 87' lang='grc' dir='ltr'><strong><em>τήν</em></strong></span> <span class='ocrx_word' id='word_1_216' title='bbox 1110 2702 1233 2772; x_wconf 86' lang='grc' dir='ltr'><strong><em>ἀκτῖνα</em></strong></span> 
     </span>
     <span class='ocr_line' id='line_1_26' title="bbox 219 2800 1233 2894; baseline -0.005 -21"><span class='ocrx_word' id='word_1_217' title='bbox 219 2805 422 2894; x_wconf 77' lang='grc' dir='ltr'><strong><em>προσβαλύν</em></strong></span> <span class='ocrx_word' id='word_1_218' title='bbox 431 2802 488 2872; x_wconf 78' lang='grc' dir='ltr'><strong><em>ἅτε</em></strong></span> <span class='ocrx_word' id='word_1_219' title='bbox 497 2801 581 2888; x_wconf 90' lang='grc' dir='ltr'><strong><em>πρός</em></strong></span> <span class='ocrx_word' id='word_1_220' title='bbox 590 2803 652 2890; x_wconf 86' lang='grc' dir='ltr'><strong><em>τήν</em></strong></span> <span class='ocrx_word' id='word_1_221' title='bbox 662 2810 776 2874; x_wconf 85' lang='grc' dir='ltr'><strong><em>νοτίδα</em></strong></span> <span class='ocrx_word' id='word_1_222' title='bbox 786 2807 1102 2890; x_wconf 75' lang='grc' dir='ltr'><strong><em>παρατεθηγμένην·</em></strong></span> <span class='ocrx_word' id='word_1_223' title='bbox 1118 2800 1233 2889; x_wconf 81' lang='grc' dir='ltr'><strong><em>τροφή</em></strong></span> 
     </span>
     <span class='ocr_line' id='line_1_27' title="bbox 219 2899 1230 2992; baseline -0.004 -20"><span class='ocrx_word' id='word_1_224' title='bbox 219 2903 283 2992; x_wconf 83' lang='grc' dir='ltr'><strong><em>γάρ</em></strong></span> <span class='ocrx_word' id='word_1_225' title='bbox 298 2905 383 2990; x_wconf 80' lang='grc' dir='ltr'><strong><em>αὕτη</em></strong></span> <span class='ocrx_word' id='word_1_226' title='bbox 399 2911 445 2992; x_wconf 79' lang='grc' dir='ltr'><strong><em>τῷ</em></strong></span> <span class='ocrx_word' id='word_1_227' title='bbox 458 2908 548 2985; x_wconf 90' lang='grc' dir='ltr'><strong><em>πυρί.</em></strong></span> <span class='ocrx_word' id='word_1_228' title='bbox 579 2908 609 2971; x_wconf 80' lang='grc'><strong><em>3.</em></strong></span> <span class='ocrx_word' id='word_1_229' title='bbox 625 2911 732 2971; x_wconf 87' lang='grc' dir='ltr'><strong><em>καίτοι</em></strong></span> <span class='ocrx_word' id='word_1_230' title='bbox 746 2912 850 2971; x_wconf 84' lang='grc' dir='ltr'><strong><em>ταῦτα</em></strong></span> <span class='ocrx_word' id='word_1_231' title='bbox 872 2903 980 2971; x_wconf 87' lang='grc' dir='ltr'><strong><em>πάντα</em></strong></span> <span class='ocrx_word' id='word_1_232' title='bbox 998 2900 1104 2970; x_wconf 87' lang='grc' dir='ltr'><strong><em>ὁπόσα</em></strong></span> <span class='ocrx_word' id='word_1_233' title='bbox 1121 2899 1230 2986; x_wconf 83' lang='grc' dir='ltr'><strong><em>εἶπον,</em></strong></span> 
     </span>
     <span class='ocr_line' id='line_1_28' title="bbox 217 2999 1233 3090; baseline -0.003 -19"><span class='ocrx_word' id='word_1_234' title='bbox 217 3001 255 3071; x_wconf 87' lang='grc' dir='ltr'><strong><em>τό</em></strong></span> <span class='ocrx_word' id='word_1_235' title='bbox 274 3004 421 3086; x_wconf 87' lang='grc' dir='ltr'><strong><em>θάλπος,</em></strong></span> <span class='ocrx_word' id='word_1_236' title='bbox 444 2999 481 3068; x_wconf 89' lang='grc' dir='ltr'><strong><em>τό</em></strong></span> <span class='ocrx_word' id='word_1_237' title='bbox 501 3006 612 3084; x_wconf 86' lang='grc' dir='ltr'><strong><em>δίψος,</em></strong></span> <span class='ocrx_word' id='word_1_238' title='bbox 634 3001 653 3088; x_wconf 82' lang='grc' dir='ltr'><em>ἡ</em></span> <span class='ocrx_word' id='word_1_239' title='bbox 677 3006 810 3090; x_wconf 81' lang='grc' dir='ltr'><strong><em>ἐρημία,</em></strong></span> <span class='ocrx_word' id='word_1_240' title='bbox 833 3002 870 3071; x_wconf 87' lang='grc' dir='ltr'><strong><em>τό</em></strong></span> <span class='ocrx_word' id='word_1_241' title='bbox 892 3002 998 3089; x_wconf 68' lang='grc' dir='ltr'><strong><em>μηδὲν</em></strong></span> <span class='ocrx_word' id='word_1_242' title='bbox 1018 3008 1102 3089; x_wconf 77' lang='grc' dir='ltr'><strong><em>ἔχειν</em></strong></span> <span class='ocrx_word' id='word_1_243' title='bbox 1118 3004 1154 3068; x_wconf 80' lang='grc' dir='ltr'><strong><em>ἐκ</em></strong></span> <span class='ocrx_word' id='word_1_244' title='bbox 1170 3007 1233 3086; x_wconf 85' lang='grc' dir='ltr'><strong><em>τῆς</em></strong></span> 
     </span>
     <span class='ocr_line' id='line_1_29' title="bbox 218 3091 1230 3189; baseline -0.002 -19"><span class='ocrx_word' id='word_1_245' title='bbox 218 3111 278 3189; x_wconf 84' lang='grc' dir='ltr'><strong><em>γης</em></strong></span> <span class='ocrx_word' id='word_1_246' title='bbox 294 3108 425 3187; x_wconf 83' lang='grc' dir='ltr'><strong><em>λαβεῖν,</em></strong></span> <span class='ocrx_word' id='word_1_247' title='bbox 446 3091 546 3187; x_wconf 84' lang='grc' dir='ltr'><strong><em>ήττον</em></strong></span> <span class='ocrx_word' id='word_1_248' title='bbox 562 3100 641 3187; x_wconf 87' lang='grc' dir='ltr'><strong><em>ὑμῖν</em></strong></span> <span class='ocrx_word' id='word_1_249' title='bbox 659 3108 801 3189; x_wconf 79' lang='grc' dir='ltr'><strong><em>δυσχερῆ</em></strong></span> <span class='ocrx_word' id='word_1_250' title='bbox 818 3100 903 3170; x_wconf 80' lang='grc' dir='ltr'><strong><em>εἶναι</em></strong></span> <span class='ocrx_word' id='word_1_251' title='bbox 923 3102 1012 3182; x_wconf 84' lang='grc' dir='ltr'><strong><em>δόξει</em></strong></span> <span class='ocrx_word' id='word_1_252' title='bbox 1026 3108 1087 3169; x_wconf 89' lang='grc' dir='ltr'><strong><em>τοῦ</em></strong></span> <span class='ocrx_word' id='word_1_253' title='bbox 1102 3110 1230 3187; x_wconf 85' lang='grc' dir='ltr'><strong><em>λεχθη-</em></strong></span> 
     </span>
     <span class='ocr_line' id='line_1_30' title="bbox 221 3196 1228 3289; baseline -0.004 -19"><span class='ocrx_word' id='word_1_254' title='bbox 221 3204 381 3289; x_wconf 86' lang='grc' dir='ltr'><strong><em>σομένου,</em></strong></span> <span class='ocrx_word' id='word_1_255' title='bbox 403 3205 457 3267; x_wconf 77' lang='grc' dir='ltr'><strong><em>καὶ</em></strong></span> <span class='ocrx_word' id='word_1_256' title='bbox 474 3199 519 3266; x_wconf 90' lang='grc' dir='ltr'><strong><em>δι’</em></strong></span> <span class='ocrx_word' id='word_1_257' title='bbox 536 3196 556 3268; x_wconf 84' lang='grc' dir='ltr'><strong><em>ό</em></strong></span> <span class='ocrx_word' id='word_1_258' title='bbox 572 3206 717 3285; x_wconf 82' lang='grc' dir='ltr'><strong><em>φευκτέα</em></strong></span> <span class='ocrx_word' id='word_1_259' title='bbox 733 3203 866 3279; x_wconf 89' lang='grc' dir='ltr'><strong><em>πάντως</em></strong></span> <span class='ocrx_word' id='word_1_260' title='bbox 881 3198 901 3288; x_wconf 83' lang='grc' dir='ltr'><em>ἡ</em></span> <span class='ocrx_word' id='word_1_261' title='bbox 917 3200 1008 3286; x_wconf 82' lang='grc' dir='ltr'><strong><em>χύρα</em></strong></span> <span class='ocrx_word' id='word_1_262' title='bbox 1024 3204 1147 3285; x_wconf 90' lang='grc' dir='ltr'><strong><em>έκείνη·</em></strong></span> <span class='ocrx_word' id='word_1_263' title='bbox 1170 3203 1228 3284; x_wconf 82' lang='grc' dir='ltr'><strong><em>ἑρ-</em></strong></span> 
     </span>
     <span class='ocr_line' id='line_1_31' title="bbox 217 3297 1228 3387; baseline -0.006 -17"><span class='ocrx_word' id='word_1_264' title='bbox 217 3298 299 3370; x_wconf 81' lang='grc' dir='ltr'><strong><em>πετά</em></strong></span> <span class='ocrx_word' id='word_1_265' title='bbox 321 3297 385 3385; x_wconf 84' lang='grc' dir='ltr'><strong><em>γάρ</em></strong></span> <span class='ocrx_word' id='word_1_266' title='bbox 403 3307 536 3368; x_wconf 90' lang='grc' dir='ltr'><strong><em>ποικίλα</em></strong></span> <span class='ocrx_word' id='word_1_267' title='bbox 554 3303 689 3386; x_wconf 87' lang='grc' dir='ltr'><strong><em>μεγέθει</em></strong></span> <span class='ocrx_word' id='word_1_268' title='bbox 712 3328 747 3367; x_wconf 87' lang='grc' dir='ltr'><strong><em>τε</em></strong></span> <span class='ocrx_word' id='word_1_269' title='bbox 768 3305 902 3387; x_wconf 80' lang='grc' dir='ltr'><strong><em>μέγιστα</em></strong></span> <span class='ocrx_word' id='word_1_270' title='bbox 920 3303 975 3366; x_wconf 80' lang='grc' dir='ltr'><strong><em>καὶ</em></strong></span> <span class='ocrx_word' id='word_1_271' title='bbox 992 3298 1114 3385; x_wconf 86' lang='grc' dir='ltr'><strong><em>πλήθει</em></strong></span> <span class='ocrx_word' id='word_1_272' title='bbox 1135 3299 1228 3384; x_wconf 88' lang='grc' dir='ltr'><strong><em>πάμ-</em></strong></span> 
     </span>
     <span class='ocr_line' id='line_1_32' title="bbox 218 3396 1226 3486; baseline -0.003 -20"><span class='ocrx_word' id='word_1_273' title='bbox 218 3408 324 3469; x_wconf 90' lang='grc' dir='ltr'><strong><em>πολλα</em></strong></span> <span class='ocrx_word' id='word_1_274' title='bbox 339 3401 393 3468; x_wconf 81' lang='grc' dir='ltr'><strong><em>καλ</em></strong></span> <span class='ocrx_word' id='word_1_275' title='bbox 409 3397 467 3476; x_wconf 83' lang='grc' dir='ltr'><strong><em>τάς</em></strong></span> <span class='ocrx_word' id='word_1_276' title='bbox 482 3397 615 3486; x_wconf 79' lang='grc' dir='ltr'><strong><em>μορφάς</em></strong></span> <span class='ocrx_word' id='word_1_277' title='bbox 628 3397 794 3467; x_wconf 88' lang='grc' dir='ltr'><strong><em>ἀλλόκοτα</em></strong></span> <span class='ocrx_word' id='word_1_278' title='bbox 809 3402 863 3467; x_wconf 81' lang='grc' dir='ltr'><strong><em>καὶ</em></strong></span> <span class='ocrx_word' id='word_1_279' title='bbox 879 3396 939 3467; x_wconf 85' lang='grc' dir='ltr'><strong><em>τόν</em></strong></span> <span class='ocrx_word' id='word_1_280' title='bbox 955 3397 1008 3466; x_wconf 90' lang='grc' dir='ltr'><strong><em>ίόν</em></strong></span> <span class='ocrx_word' id='word_1_281' title='bbox 1025 3398 1134 3484; x_wconf 78' lang='grc' dir='ltr'><strong><em>ἄμαχα</em></strong></span> <span class='ocrx_word' id='word_1_282' title='bbox 1152 3401 1226 3464; x_wconf 88' lang='grc' dir='ltr'><strong><em>έπι-</em></strong></span> 
     </span>
    </p>

    <p class='ocr_par' dir='ltr' id='par_1_5' title="bbox 148 3497 1226 3592">
     <span class='ocr_line' id='line_1_33' title="bbox 148 3497 1226 3592; baseline -0.005 -26"><span class='ocrx_word' id='word_1_283' title='bbox 148 3514 200 3569; x_wconf 75' lang='lat'><strong><em>²36</em></strong></span> <span class='ocrx_word' id='word_1_284' title='bbox 219 3504 351 3583; x_wconf 80' lang='grc' dir='ltr'><strong><em>νέμεται</em></strong></span> <span class='ocrx_word' id='word_1_285' title='bbox 362 3497 424 3585; x_wconf 80' lang='grc' dir='ltr'><strong><em>τὴν</em></strong></span> <span class='ocrx_word' id='word_1_286' title='bbox 433 3506 514 3585; x_wconf 78' lang='grc' dir='ltr'><strong><em>γῆν,</em></strong></span> <span class='ocrx_word' id='word_1_287' title='bbox 531 3500 569 3565; x_wconf 81' lang='grc' dir='ltr'><strong><em>τὰ</em></strong></span> <span class='ocrx_word' id='word_1_288' title='bbox 581 3499 643 3585; x_wconf 78' lang='grc' dir='ltr'><strong><em>μὲν</em></strong></span> <span class='ocrx_word' id='word_1_289' title='bbox 655 3498 859 3586; x_wconf 81' lang='grc' dir='ltr'><strong><em>ὑποβρύχια,</em></strong></span> <span class='ocrx_word' id='word_1_290' title='bbox 876 3498 1072 3583; x_wconf 88' lang='grc' dir='ltr'><strong><em>φωλεύοντα</em></strong></span> <span class='ocrx_word' id='word_1_291' title='bbox 1083 3501 1120 3564; x_wconf 87' lang='grc' dir='ltr'><strong><em>έν</em></strong></span> <span class='ocrx_word' id='word_1_292' title='bbox 1130 3503 1226 3592; x_wconf 73' lang='grc' dir='ltr'><strong><em>μυχῷ</em></strong></span> 
     </span>
    </p>
   </div>
   <div class='ocr_carea' id='block_1_4' title="bbox 0 0 1318 4092">
    <p class='ocr_par' dir='ltr' id='par_1_6' title="bbox 0 0 1318 4092">
     <span class='ocr_line' id='line_1_34' title="bbox 0 0 1318 4092; baseline 0 4"><span class='ocrx_word' id='word_1_293' title='bbox 0 0 1318 4092; x_wconf 95' lang='lat' dir='ltr'><strong><em> </em></strong></span> 
     </span>
    </p>
   </div>
  </div>
 </body>
</html>
