2625 4092
227 296 269 367 78
589 299 885 359 Λουκικαου

228 487 290 542 ρον
311 462 366 527 καὶ
385 458 520 547 ἀνήλιοι
543 484 606 525 ουκ
631 454 695 524 οἶδ’
713 457 804 535 ὅπως
823 457 937 535 αὐτοῖς
957 464 1159 543 φωτίζεσθαι
1183 464 1243 527 δο·

228 566 353 625 κοῦντα
368 558 452 639 πρὸς
467 555 504 625 τό
520 562 574 624 καὶ
591 564 746 637 καθορῶν
756 563 824 623 τῶν
838 556 986 624 ένόυτωυ
997 559 1154 625 ἕκαστον
1179 563 1247 644 βα·

230 656 374 723 σιλεύειν
390 654 426 723 δέ
441 663 501 723 τοῦ
523 654 690 741 χάσματος
711 651 861 737 ἀδελφόν
880 662 941 721 τοῦ
956 656 1039 733 Διὸς
1052 656 1246 724 Πλούτωνα

229 757 449 840 κεκλημένον,
477 751 521 833 ὥς
538 781 594 839 μοι
614 761 683 820 τῶν
704 750 744 820 τά
764 760 900 820 τοιαῦτα
925 758 1047 821 δεινῶν
1067 781 1117 832 τις
1137 759 1245 838 ἔλεγε,

230 850 284 920 διά
299 850 336 919 τὸ
351 865 509 920 πλουτεῖν
519 867 587 929 τοῖς
598 866 730 935 νεκροῖς
740 858 780 939 τή
792 858 999 940 προσηγορίᾳ
1012 854 1243 939 τετιμημένον.

228 956 350 1019 τοῦτον
366 948 402 1017 δέ
421 946 483 1016 τόν
497 949 684 1018 Πλούτωνα
705 947 767 1033 τὴν
786 947 866 1034 παρ’
888 946 981 1037 αὐτῶ
1000 958 1170 1018 πολιτείαν
1187 951 1246 1017 καὶ

229 1046 290 1115 τόν
310 1047 400 1116 κάτω
417 1056 492 1134 βίον
513 1049 784 1134 καταστήσασθαι
806 1055 975 1115 τοιοῦτον
1005 1055 1245 1134 κεκληρῶσθαι

229 1152 290 1235 μέν
301 1148 366 1235 γάρ
380 1147 485 1216 αὐτὸν
495 1148 609 1235 ἀρχειυ
620 1156 688 1215 τῶν
698 1146 956 1231 ἀποθανόντων,
973 1149 1245 1232 καταδεξάμενον
1305 1193 1306 1216 ι

229 1250 265 1315 δέ
288 1244 412 1323 αὐτοὺς
427 1247 482 1314 καὶ
498 1246 735 1332 παραλαβόντα
749 1248 898 1331 κατέχειν
917 1249 1049 1331 δεσμοῖς
1065 1244 1243 1329 ἀφύκτοις,
1305 1269 1306 1318 1

229 1342 340 1412 οὐδενὶ
360 1342 397 1411 τὸ
420 1346 579 1428 παράπαν
601 1351 659 1429 τῆς
680 1342 752 1410 ἀνω
778 1339 862 1409 ὁδοῦ
887 1341 1072 1427 ὑφιέμενον
1094 1341 1185 1426 πλήν
1208 1343 1243 1420 ἐξ
1305 1345 1306 1378 λ

229 1441 377 1522 ἅπαντος
393 1451 453 1510 τοῦ
476 1448 598 1520 αἰῶνος
614 1444 706 1509 πάνυ
721 1440 845 1527 ὀλίγων
862 1441 914 1508 έπλ
929 1448 1095 1527 μεγίσταις
1109 1445 1241 1515 αἰτίαις.
1305 1451 1306 1454 ’

228 1549 258 1608 3.
273 1552 505 1625 περιρρεῖσθαι
528 1542 563 1607 δὲ
580 1540 640 1626 τήν
658 1542 771 1626 χῶραν
786 1536 891 1606 αὐτοῦ
908 1553 1067 1623 ποταμοῖς
1082 1537 1243 1623 μεγάλοις
1305 1593 1306 1598 ,

229 1668 261 1707 τε
277 1643 332 1707 καὶ
343 1647 500 1725 φοβεροῖς
511 1637 574 1707 κάκ
587 1639 703 1726 μόνων
714 1646 781 1705 τῶν
792 1635 984 1722 ὀνομάτων·
1009 1637 1162 1704 Κωκυτοὶ
1173 1630 1241 1719 γάρ
1305 1655 1306 1660 ’

229 1738 284 1807 καὶ
299 1740 614 1823 Πυριφλεγέθοντες
634 1734 744 1805 καὶτὰ
761 1743 899 1803 τοιαῦτα
923 1739 1108 1819 κέκληνται.
1142 1729 1181 1799 τό
1204 1732 1242 1799 δέ

229 1839 402 1923 μέγιστον,
417 1835 437 1922 ή
451 1834 640 1923 Ἀχερουσία
655 1844 753 1922 λίμνη
766 1834 936 1917 πρόκειται
953 1834 1066 1917 πρώτη
1079 1835 1241 1916 δεχομένη

160 1950 209 2003 924
231 1934 309 2012 τοὺς
326 1934 558 2018 ἀπαντῶντας,
582 1932 625 2020 ήυ
645 1933 708 2001 οὐκ
730 1940 780 2001 ένι
794 1937 991 1999 διαπλεῦσαι
1012 1926 1033 2016 ή
1055 1940 1244 2012 παρελθεῖν

230 2033 313 2101 ἀνευ
328 2041 389 2100 τοῦ
404 2038 597 2120 πορθμέως·
627 2040 747 2121 βαθεῖα
765 2029 830 2116 γάρ
847 2039 988 2113 περᾶσαι
1002 2045 1071 2107 τοῖς
1086 2032 1164 2095 ποσὶ
1185 2033 1242 2095 καὶ

231 2132 454 2216 διανήξασθαι
474 2132 597 2217 πολλή,
626 2132 680 2198 καὶ
703 2128 789 2205 όλως
811 2126 873 2195 οὐκ
894 2125 938 2195 ἀν
959 2126 1066 2213 αὐτήν
1084 2132 1239 2212 διαπταίη

230 2226 308 2295 οὐδὲ
325 2226 364 2295 τά
381 2228 483 2313 νεκρά
501 2239 568 2296 τῶν
584 2227 720 2314 ὀρνέων,
743 2232 773 2294 4.
791 2226 875 2310 πρὸς
891 2230 927 2293 δὲ
943 2224 1028 2314 αὐτή
1043 2234 1082 2315 τή
1100 2226 1241 2315 καθόδφ

230 2330 285 2396 καὶ
310 2330 399 2416 πάλη
428 2326 512 2416 οάση
536 2327 743 2415 ἀδαμαντίνη
769 2324 970 2411 ἀδελφιδοῦς
992 2334 1053 2393 τοῦ
1078 2325 1242 2412 βασιλέως

231 2426 354 2505 Αἰακός
369 2430 489 2513 ’έστηκε
511 2424 572 2513 τήν
595 2424 753 2512 φρουράν
775 2429 1051 2511 ἐπιτετραμμένος
1075 2425 1130 2492 καὶ
1156 2421 1240 2504 παρ’

230 2526 320 2617 αὐτῷ
335 2529 428 2595 κύων
443 2530 640 2612 τρικέφαλος
655 2526 743 2609 μάλα
754 2525 934 2609 κάρχαρος,
952 2522 1031 2602 τούς
1047 2527 1108 2609 μὲν
1120 2526 1241 2607 ε’σαφι-

231 2631 438 2713 κνουμένους
455 2627 570 2711 φίλιόν
585 2654 615 2691 τι
636 2627 692 2693 καλ
713 2623 883 2709 εἰρηνικόν
900 2626 1138 2709 προσβλέπων,
1159 2618 1241 2697 τοὺς

232 2728 267 2793 δὲ
289 2732 472 2807 πειρῶντας
494 2722 753 2808 ἀποδιδράσκειν
773 2722 928 2792 ὑλακτῶν
951 2723 1006 2790 καὶ
1028 2730 1074 2811 τῷ
1098 2721 1242 2808 χάσματι

231 2824 466 2910 δεδιττόμενος.
489 2830 518 2891 5.
536 2826 787 2907 περαιωθέντας
801 2826 838 2890 δέ
854 2821 917 2909 τήν
930 2830 1051 2909 λίμνην
1072 2824 1106 2899 ές
1120 2818 1158 2888 τὰ
1174 2825 1241 2888 έσω

232 2920 356 3008 λειμῶν
372 2920 565 3008 ὑποδέχεται
586 2926 688 3009 μέγας
708 2930 755 3013 τῷ
776 2921 952 3011 ἀσφοδέλφ
973 2919 1164 3005 κατάφυτος
1184 2921 1241 2987 καὶ

231 3020 336 3090 ποτόν
351 3023 481 3108 μνήμης
503 3026 679 3107 πολέμιον·
712 3022 829 3108 Λήθης
848 3030 933 3108 γοῦν
955 3019 1010 3089 διὰ
1031 3026 1130 3086 τοῦτο
1152 3015 1243 3085 ῶνό-

230 3145 358 3208 μασται.
382 3127 484 3186 ταῦτα
495 3118 559 3203 γάρ
572 3118 683 3204 ἀμέλει
699 3122 901 3207 διηγήσαντο
912 3135 980 3197 τοῖς
991 3118 1094 3186 πάλαι
1107 3122 1241 3185 ἐκεῖθεν

231 3218 410 3305 ἀφιγμένοι
416 3216 586 3304 ’Ἀλκηστίς
600 3246 635 3285 τε
650 3221 705 3288 καὶ
722 3228 956 3302 Πρωτεσίλεως
972 3222 1007 3285 οί
1014 3218 1172 3285 Θετταλοὶ
1185 3217 1243 3284 καὶ

233 3318 361 3405 Θησεύς
377 3317 394 3383 ὁ
406 3327 468 3385 τοῦ
479 3321 605 3403 Αἰγέως
620 3322 674 3386 καὶ
687 3318 705 3385 ὁ
717 3328 778 3385 τοῦ
789 3318 937 3405 Ὁμήρου
948 3316 1136 3398 Ὀδυσσεύς,
1152 3315 1243 3399 μάλα

232 3420 346 3506 σεμνοὶ
359 3419 414 3484 καὶ
429 3414 612 3497 ἀξιόπιστοι
624 3418 805 3502 μάρτυρες,
822 3420 893 3502 ἐμοὶ
909 3421 1034 3497 δοκεῖν,
1050 3414 1092 3480 οὐ
1107 3415 1243 3492 πιόντες

162 3530 213 3587 925
233 3528 290 3605 τής
305 3523 427 3603 πηγής·
457 3514 577 3601 οὐγὰρ
596 3514 639 3583 ἀν
661 3521 842 3601 ἐμέμνηντο
862 3513 982 3584 αὐτῶν.
1016 3521 1045 3579 6.
1062 3510 1079 3579 ὁ
1099 3514 1161 3597 μὲν
1176 3507 1243 3580 οὖν
