2625 4092
231 257 294 321 234
591 261 784 320 AOYKIA
796 261 888 320 NOT
1299 316 1300 368 η

315 425 366 490 46.
387 427 483 490 TIM.
503 417 600 488 Ἀλλά
615 419 765 505 πάντως,
777 412 810 492 ,ῶ
821 428 963 503 Λυκῖνε,
979 424 1032 490 καὶ
1049 419 1151 500 αὐτὸς
1167 419 1237 509 εὕξη

230 547 261 587 τι
277 517 340 605 ήδη
355 521 449 603 ποτέ,
466 517 509 598 ῶς
520 513 565 585 ἀν
574 519 739 604 μάθωμεν
751 522 804 586 οἱα
817 520 960 604 αἰτήσεις
970 519 1177 604 ἀνεπίληπτα
1188 523 1237 588 καλ

230 617 414 702 ἀνέγκλητα
432 614 450 682 ὁ
467 623 692 701 συκοφαντῶν
708 613 786 694 τούς
802 615 933 694 ἀλλους.

315 721 414 782 ΛΤΚ.
436 710 521 782 Ἀλλ’
544 711 586 782 οά
606 718 721 798 δέομαι
740 712 837 800 εὐχής
859 715 941 801 έγῶ·
968 713 1095 802 ἥκομεν
1112 712 1178 802 γάρ
1202 715 1236 799 δή
1300 748 1301 774 ι

162 827 213 884 279
232 809 362 895 πρόςτὸ
373 818 544 896 Δίπυλον,
562 810 825 899 καλὸβέλτιστος
836 812 950 882 οὑτοσὶ
962 815 1141 899 Σάμιππος
1158 811 1238 899 ἀμφὶ
1300 785 1301 880 λ

230 917 417 996 Βαβυλῶνα
428 917 644 996 μονομαχῶν,
660 915 715 978 καλ
727 911 786 995 σύ,
805 905 831 978 ὦ
847 911 1005 997 Τιμόλαε,
1021 910 1172 996 ἀριστῶν
1182 915 1238 999 μὲν
1300 883 1301 928 ¹

232 1015 269 1078 ἐν
278 1017 399 1099 Συρίᾳ,
415 1015 562 1078 δειπνῶν
573 1011 609 1078 δὲ
621 1014 659 1078 έν
670 1009 786 1100 Ἰταλία
798 1015 852 1079 καί
862 1025 930 1090 τοῖς
941 1014 1013 1097 ἐμοὶ
1023 1016 1237 1100 ἐπιβάλλουσι

230 1113 376 1186 σταδίοις
393 1110 643 1194 κατεχρήσασθε
659 1117 768 1188 καλῶς
783 1118 973 1188 ποιοῦντες·
1002 1110 1111 1190 άλλως
1128 1138 1166 1178 τε
1181 1109 1238 1178 οὐκ

231 1205 275 1275 ἀν
290 1213 447 1293 δεξαίμην
457 1208 646 1293 πλουτήσας
658 1205 709 1276 ἐπ’
724 1207 838 1294 ὀλίγον
850 1206 1035 1295 ὑπηνέμιόν
1047 1235 1123 1276 τινα
1134 1218 1238 1278 πλοῦ-

230 1335 290 1375 τον
304 1306 465 1374 ἀνιᾶσθαι
478 1305 548 1392 μετ’
565 1304 680 1393 ὀλίγον
694 1308 796 1393 ψιλήν
816 1306 879 1394 τήν
893 1314 998 1393 μᾶζαν
1019 1311 1165 1391 ἐσθίων,
1189 1303 1238 1374 οἷα

231 1405 326 1491 ὑμεῖς
345 1413 502 1473 πείσεσθε
525 1404 598 1491 μετ’
616 1404 746 1490 ὀλίγον,
769 1405 906 1474 ἐπειδᾶν
925 1403 945 1492 ἡ
968 1404 1165 1492 εὐδαιμονία
1180 1407 1237 1492 μὲν

232 1507 312 1593 ὑμῖν
335 1504 422 1575 καλό
444 1504 550 1586 πολάς
566 1514 710 1584 πλοῦτος
727 1517 853 1592 οίχηται
870 1505 1120 1591 ἀποπτάμενος,
1147 1505 1236 1574 αὐτοὶ

232 1609 268 1673 δὲ
280 1605 482 1691 καταβάντες
491 1602 557 1672 ἀπό
569 1612 636 1672 τῶν
645 1613 831 1690 θησαυρῶν
841 1631 875 1671 τε
886 1606 939 1672 καλ
950 1604 1166 1690 διαδημάτων
1177 1603 1237 1671 ῶσ-
1302 1610 1303 1690 λ

231 1731 294 1787 περ
309 1707 342 1784 ἐξ
354 1701 491 1790 ἡδίστου
501 1702 671 1785 ὀνείρατος
681 1701 901 1789 ἀνεγρόμενοι
913 1701 1055 1789 ἀνόμοια
1066 1700 1107 1770 τά
1120 1706 1173 1771 ἐπὶ
1184 1711 1237 1788 τῆς
1302 1697 1303 1744 3

232 1810 337 1880 οἰκίας
350 1801 523 1888 εὑρίσκητε
539 1801 650 1884 ῶσπερ
674 1806 708 1869 οί
722 1803 800 1879 τοὺς
815 1809 961 1888 βασιλεῖς
976 1799 1238 1886 ὑποκρινόμενοι

230 1905 394 1992 τραγφδολ
416 1900 607 1979 ἐξελθόντες
628 1895 693 1966 ἀπὸ
718 1906 778 1966 τοῦ
798 1900 946 1983 θεάτρου
968 1900 1188 1984 λιμώττοντες
1209 1903 1238 1964 οί

129 1999 133 2005 ’
230 2006 365 2081 πολλοί,
395 2001 576 2066 καὶταῦτα
601 1995 666 2080 πρό
693 1994 809 2082 ὀλίγον
833 1995 1074 2084 Ἀγαμέμνονες
1098 1997 1194 2078 ὅντες
1220 1993 1238 2082 ἦ
1303 2042 1304 2068 ι

232 2101 403 2178 Κρέοντες.
427 2096 620 2183 λυπήσεσθε
636 2089 716 2179 οὖν,
732 2094 776 2174 ὡς
791 2093 827 2162 τό
847 2097 950 2181 εἰκός,
971 2098 1025 2162 καὶ
1040 2097 1239 2176 δυσάρεστοι

231 2202 348 2263 έσεσθε
372 2192 412 2261 τά
430 2198 481 2262 ἐπὶ
501 2202 558 2280 τῆς
574 2201 695 2278 οἰκίας,
718 2195 772 2261 καλ
792 2195 933 2279 μάλιστα
953 2196 1013 2278 σύ,
1035 2187 1062 2260 ῶ
1083 2194 1238 2278 Τιμόλαε,

229 2295 356 2363 ὁπόταν
370 2297 428 2382 δέη
441 2315 479 2361 σε
493 2292 529 2360 τό
546 2292 626 2360 αὐτό
642 2304 766 2361 παθεῖν
780 2301 825 2383 τῶ
842 2291 955 2384 Ἰκάρῳ
970 2299 1026 2378 τῆς
1043 2294 1239 2374 πτερῶσειυς

230 2400 446 2478 διαλυθείσης
458 2391 686 2460 καταπεσόντα
698 2393 734 2459 έκ
748 2399 809 2459 τοῦ
820 2391 969 2473 οὐρανοῦ
978 2393 1075 2477 χαμαὶ
1093 2396 1240 2478 βαδίζειν

229 2493 437 2560 ἀπολέσαντα
459 2490 538 2567 τοὺς
565 2494 761 2566 δακτυλίους
785 2493 932 2567 ἐκείνους
955 2487 1106 2566 ἅπαντας
1133 2487 1239 2572 ἀπορ-

230 2594 369 2673 ρυέντας
385 2597 452 2656 τῶν
469 2589 652 2655 δακτύλων.
682 2589 752 2672 ἐμοὶ
775 2587 810 2654 δὲ
832 2589 887 2656 καὶ
908 2595 1008 2655 τοῦτο
1029 2585 1151 2654 ίκανόν
1168 2587 1240 2654 ἀντὶ

230 2689 366 2756 πάντων
377 2694 563 2772 θησαυρῶν
571 2688 626 2754 καλ
634 2692 837 2772 Βαβυλῶνος
845 2683 946 2771 αὐτῆς
955 2683 991 2753 τό
1003 2687 1141 2770 γελάσαι
1153 2688 1239 2771 μάλα

231 2785 332 2870 ἡδέως
348 2783 402 2871 ἐφ’
421 2781 470 2864 οἷς
493 2783 586 2871 ὑμεῖς
604 2782 745 2874 ήτήσατε
766 2783 930 2861 τοιούτοις
946 2776 1040 2866 οὖσι,
1063 2789 1237 2854 καὶταῦτα

230 2891 435 2970 φιλοσοφίαν
451 2889 674 2962 ἐπαινοῦντες.
