2625 4092
234 262 275 325 68
596 264 885 324 AOYKIANOY

232 425 312 493 ούδέ
327 426 426 503 νόσος
440 422 519 494 ούδὲ
530 425 677 510 κάματος
691 427 724 504 ἐς
735 432 866 493 τοιοῦτο
878 433 973 511 σῶμα
986 427 1170 511 ἐμπεσόντα
1182 429 1240 515 ῥᾳ-

231 528 311 602 δίως
330 527 491 609 ἐλέγξειεν
512 519 556 590 ἀν
570 520 646 591 οὐδ’
665 525 916 610 ἐπικρατήσειεν
932 522 1101 610 εὐμαρῶς·
1130 522 1242 591 τάέν-

233 628 339 691 δοθεν
353 622 417 708 γάρ
431 616 469 691 εύ
480 623 746 707 παρεσκεύασται
761 619 851 712 αύτῷ
863 625 918 690 καὶ
930 620 971 688 τά
987 629 1048 702 ἔξω
1060 623 1149 707 μάλα
1161 648 1242 705 καρ-

231 729 334 805 τεροῖς
349 724 535 807 πέφρακται
550 721 634 805 πρὸς
649 720 750 808 αύτά,
773 720 817 801 ὡς
831 719 875 807 μὴ
891 726 1047 804 παριέναι
1064 726 1097 800 ές
1111 719 1149 789 τό
1165 732 1242 790 είσω

231 823 313 908 μηδὲ
338 824 584 908 παραδέχεσθαι
610 822 692 908 μήτε
716 821 814 908 ἥλιον
833 820 938 891 αύτόυ
962 823 1044 909 μήτε
1065 826 1168 905 κρύος
1192 827 1242 891 ἐπὶ

231 919 321 1007 λύμη
340 927 401 987 τοῦ
417 920 578 1006 σώματος.
611 921 695 1003 πρός
711 947 747 988 τε
765 920 802 987 τό
824 918 959 988 ἐνδιδὸν
980 923 1018 989 ἐν
1038 936 1106 1000 τοϊς
1127 922 1243 999 πόνοις

231 1015 374 1085 πολύτὸ
402 1015 534 1103 θερμόν
554 1016 590 1086 τό
614 1022 758 1085 ἔνδοθεν
781 1022 953 1104 ἐπιρρέον,
980 1018 1038 1087 άτε
1059 1022 1095 1087 ἐκ
1116 1027 1243 1087 πολλοῦ

161 1123 214 1181 909
233 1120 615 1202 προπαρεσκευασμένον
631 1118 686 1184 καὶ
700 1118 733 1193 ές
750 1114 812 1201 τὴν
826 1114 1012 1201 ἀναγκαίαν
1028 1125 1143 1202 χρείαν
1160 1116 1243 1183 ἀπο-

231 1223 403 1300 κείμενον,
425 1213 615 1301 ἀναπληροῖ
634 1213 740 1292 εύθύς
761 1216 908 1298 ἐπάρδον
923 1221 963 1302 τῇ
979 1212 1068 1303 ἀκμῇ
1083 1218 1139 1284 καὶ
1160 1214 1243 1282 ἀκα-

231 1316 357 1400 μάτους
365 1316 416 1382 ἐπὶ
426 1324 582 1383 πλεῖστον
591 1318 781 1399 παρέχεται·
794 1310 831 1379 τό
840 1309 906 1397 γάρ
916 1320 1127 1398 προπονῆσαι
1136 1310 1242 1381 πολλὰ

231 1415 285 1480 καὶ
302 1428 488 1498 προκαμεῖν
505 1410 568 1479 ούκ
584 1410 755 1480 ἀνάλωσιν
772 1418 830 1497 τῆς
849 1411 979 1496 ίσχύος,
1001 1408 1075 1479 ἀλλ’
1092 1414 1244 1479 έπίδοσιν

233 1512 417 1596 ἐργάζεται,
435 1513 489 1578 καὶ
506 1509 786 1595 ἀναρριπιζομένη
802 1516 926 1576 πλείων
939 1517 1098 1594 γίγνεται.
1120 1514 1172 1577 27.
1190 1511 1244 1575 καί

231 1608 298 1695 μὴν
320 1612 374 1678 καὶ
392 1605 572 1695 δρομικοδς
594 1606 678 1675 εἶναι
702 1606 872 1693 ἀσκοῦμεν
892 1604 1016 1685 αύτούς
1036 1610 1069 1685 ἐς
1086 1607 1193 1692 μῆκός
1210 1632 1244 1673 τε

232 1712 382 1793 διαρκεῖν
397 1710 560 1788 ἐθίζοντες
575 1708 629 1774 καὶ
644 1710 676 1783 ἐς
692 1704 728 1772 τό
744 1709 781 1773 ἐν
793 1713 911 1791 βραχεῖ
921 1704 1093 1773 ὠκύτατον
1104 1708 1244 1772 ἐπικου-

231 1812 398 1893 φίζοντες·
421 1809 477 1874 καὶ
493 1804 511 1873 ὁ
529 1807 652 1891 δρόμος
668 1804 709 1873 ού
726 1805 809 1888 πρὸς
826 1803 862 1873 τό
880 1803 1022 1889 στερρόν
1035 1807 1090 1873 καὶ
1107 1803 1244 1873 ἀντίτει-

231 1931 314 1989 πον,
332 1901 415 1971 ἀλλά
427 1907 465 1972 ἐν
475 1906 598 1996 ψάμμῳ
613 1912 752 1994 βαθείᾳ,
767 1910 853 1973 ἔνθα
864 1904 942 1973 οὔτε
952 1912 1093 1993 βεβαίως
1108 1904 1245 1987 ἀπερεί-

231 2025 287 2072 σαι
311 2000 372 2087 τήν
393 2004 494 2088 βάσιν
518 2002 595 2071 οὔτε
617 2006 820 2089 ἐπιστηρίξαι
841 2003 960 2091 ῥᾴδιον
982 2000 1245 2088 ὑποσυρομένου

229 2098 315 2184 πρὸς
331 2098 366 2168 τό
386 2098 524 2169 ὑπεῖκον
538 2109 598 2168 τοῦ
616 2101 726 2179 ποδός.
750 2099 901 2170 ἀλλὰκαὶ
916 2098 1169 2185 ὑπεράλλεσθαι
1184 2101 1246 2167 τά-

230 2223 334 2283 φρον,
362 2203 392 2266 εί
412 2200 497 2283 δέοι,
521 2195 595 2285 ἢεῖ
610 2227 641 2267 τι
660 2198 740 2267 ἀλλο
762 2199 938 2287 ἐμπόδιον,
966 2203 1022 2269 καὶ
1041 2198 1125 2283 πρός
1142 2206 1244 2267 τοῦτο

229 2296 412 2364 ἀσκοῦνται
427 2294 516 2384 ἡμίν,
534 2304 581 2367 ἐτι
595 2302 649 2367 καὶ
661 2304 864 2386 μολυβδίδας
873 2308 1105 2386 χειροπληθεῖς
1119 2302 1157 2365 ἐν
1169 2313 1246 2365 ταῖν
1300 2335 1301 2380 1

229 2410 342 2481 χεροῖν
354 2402 492 2481 ἔχοντες.
519 2396 587 2465 εἶτα
602 2399 677 2481 περὶ
689 2396 847 2467 ἀκοντίου
858 2405 960 2485 βολῆς
978 2400 1010 2476 ἐς
1027 2407 1130 2484 μῆκος
1142 2395 1244 2484 ἁμιλ-

230 2502 363 2563 λῶνται.
398 2493 481 2573 εἶδες
502 2496 537 2563 δὲ
555 2500 610 2564 καὶ
631 2495 713 2565 ἀλλο
730 2526 760 2564 τι
780 2501 818 2565 ἐν
839 2505 884 2587 τῷ
900 2504 1073 2588 γυμνασίῳ
1093 2504 1246 2583 χαλκοῦν

230 2599 406 2680 περιφερὲς
428 2593 541 2663 ἀσπίδι
561 2602 665 2685 μικρᾷ
682 2593 789 2674 ἐοικός
805 2594 929 2681 ὄχανον
944 2592 1007 2663 ούκ
1025 2596 1147 2684 ἐχούση
1163 2593 1246 2663 οὐδὲ

230 2703 435 2779 τελαμῶνας.
454 2697 507 2763 καὶ
520 2694 701 2779 ἐπειράθης
710 2721 748 2779 γε
764 2693 871 2762 αύτού
881 2698 1037 2781 κειμένου
1046 2697 1084 2761 ἐν
1093 2700 1140 2784 τῷ
1152 2704 1246 2783 μέσῳ

230 2796 284 2861 καὶ
299 2795 406 2862 ἐδόκει
418 2813 471 2862 σοι
481 2791 569 2880 βαρύ
584 2795 639 2860 καὶ
651 2793 844 2879 δύσληπτον
855 2790 920 2861 ὑπὸ
933 2792 1112 2879 λειότητος·
1133 2798 1246 2861 ἐκεῖνο

159 2905 212 2961 910
230 2900 346 2960 τοίνυν
356 2892 426 2960 ἀνω
436 2919 471 2959 τε
480 2890 745 2974 ἀναρριπτοῦσιν
755 2900 800 2971 είς
810 2890 869 2960 τόν
878 2891 960 2976 ἀέρα
970 2894 1024 2960 καὶ
1035 2891 1113 2970 ἐςτό
1125 2892 1246 2977 πόρρω

229 2994 503 3078 φιλοτιμούμενοι
519 2990 609 3070 ὅστις
626 2994 678 3059 ἐπὶ
692 2995 854 3078 μήκιστον
871 2995 999 3072 ἐξέλθοι
1015 2992 1071 3058 καὶ
1086 2988 1167 3069 τούς
1181 2990 1246 3059 ἀλ-

228 3099 308 3167 λους
324 3088 565 3177 ὑπερβάλοιτο,
588 3095 642 3159 καὶ
659 3089 678 3159 ό
696 3092 800 3169 πόνος
824 3084 922 3169 οὗτος
944 3089 1055 3176 ὤμους
1076 3115 1111 3155 τε
1128 3086 1247 3156 αὐτῶν

229 3190 387 3272 κρατύνει
407 3189 462 3256 καὶ
481 3189 582 3256 τόνον
597 3204 666 3267 τοῖς
682 3188 798 3272 ἄκροις
817 3192 996 3274 ἐντίθησιν.
1032 3196 1083 3257 28.
1100 3185 1117 3254 ὁ
1136 3188 1247 3275 πηλός

229 3287 265 3356 δὲ
288 3289 342 3355 καὶ
363 3285 383 3373 ἡ
407 3288 517 3371 κόνις,
541 3286 627 3370 άπερ
651 3308 705 3355 σοι
726 3290 918 3374 γελοιότερα
939 3292 972 3367 ἐξ
994 3285 1095 3372 ἀρχῆς
1115 3292 1247 3371 ἔδοξεν,

228 3386 393 3470 ἀκουσον,
417 3379 444 3455 ά
465 3389 652 3474 θαυμάσιε,
676 3387 757 3456 όταν
778 3391 876 3456 ἕνεκα
891 3386 1126 3476 ὑποβέβληται.
1147 3395 1246 3469 προί-

228 3512 289 3555 τον
299 3488 378 3571 μέν,
395 3483 439 3563 ὡς
450 3484 494 3575 μὴ
507 3489 559 3555 ἐπὶ
570 3485 606 3554 τό
619 3485 779 3571 κραταιόν
789 3484 811 3573 ἡ
823 3493 946 3564 πτῶσις
957 3483 1070 3563 αὐτοῖς
1078 3493 1245 3571 γίγνοιτο,
