2625 4092
232 271 296 332 νιν
467 237 469 241 ’
590 273 895 332 Αονιιικινον

235 429 326 514 παρὰ
349 439 413 498 σοῦ
432 431 487 500 καί
508 440 577 498 τῶν
602 439 754 500 Μουσῶν
771 435 1029 519 περιεμένομεν·
1062 432 1133 499 ἐπεὶ
1149 431 1190 498 τά
1211 459 1246 516 γε

166 542 218 595 245
237 536 373 594 τοιαῦτα
386 527 473 597 πολῦ
484 531 725 614 μαντικώτεροι
737 529 833 618 ὑμῶν
846 537 880 600 οί
891 537 1047 617 γεωργοί,
1065 531 1120 598 καὶ
1132 527 1248 612 ἄριστα

236 626 473 712 μαντεύσαιντ’
489 623 534 695 δν
549 626 630 715 ἡμῖν
644 632 720 715 περὶ
739 627 866 713 αὐτῶν,
887 629 939 697 ὅτι
954 629 1097 707 ὕσαντος
1112 630 1176 714 μὲν
1191 633 1248 694 τοῦ

235 732 323 790 θεοῦ
337 722 465 811 εὐθαλῆ
481 732 572 794 ἔσται
586 725 626 794 τά
645 726 835 814 δράγματα,
853 723 897 814 ήν
915 727 952 794 δέ
968 724 1093 812 αύχμός
1111 725 1250 812 ἐπιλάβῃ

236 824 292 891 καὶ
307 824 494 908 διψήσωσιν
509 830 547 894 αί
560 825 722 910 ἄρουραι,
747 825 884 912 οὐδεμία
900 826 1029 914 μηχανὴ
1047 829 1093 911 μή
1109 825 1187 910 οὐχὶ
1203 831 1251 890 λι-

237 919 303 1005 μδν
316 925 588 1010 ἐπακολουθῆσαι
599 933 645 1016 τῷ
663 930 750 1005 δίψει
763 923 894 1010 αὐτῶν,
910 927 966 993 καὶ
982 922 1087 992 ὅτιού
1103 928 1253 1008 μεσοῦν-

236 1045 293 1096 τος
306 1024 433 1105 θέρους
446 1021 507 1109 χρή
523 1021 649 1109 άροῦν,
671 1019 692 1109 ή
708 1021 771 1090 οῦκ
790 1022 834 1090 άν
848 1050 880 1090 τι
892 1021 1013 1108 ὄφελος
1031 1024 1166 1108 γένοιτο
1185 1025 1253 1104 είκη

237 1118 450 1202 ἐκχυθέντων
464 1147 533 1186 τον
550 1122 767 1206 σπερμάτων,
785 1119 864 1188 οὐδὲ
879 1119 969 1207 άμᾶν
984 1126 1030 1188 ἔτι
1043 1116 1182 1206 χλωρὸν
1197 1113 1255 1184 τὸν

237 1215 374 1300 στάχυν,
389 1211 525 1301 ἢκενδν
537 1216 786 1304 εὑρεθήσεσθαι
801 1218 861 1286 τὸν
874 1219 1014 1302 καρπόν.
1038 1215 1080 1283 ού
1095 1214 1168 1302 μὴν
1179 1211 1254 1283 οὐδ’

238 1316 345 1381 έκεῖνο
361 1323 518 1399 μαντείας
532 1321 651 1404 δεῖται,
669 1315 713 1397 ῶς
726 1313 770 1405 ήν
784 1315 829 1405 μή
845 1319 1010 1397 καλύψαις
1024 1313 1065 1384 τά
1079 1316 1256 1400 σπέρματα

237 1415 292 1478 καὶ
307 1413 471 1495 θεράπων
485 1422 653 1501 μακέλλην
675 1422 761 1502 ἔχων
776 1418 953 1501 ἐπιφοροίη
971 1420 1030 1500 τῆς
1044 1419 1105 1499 γῆς
1129 1409 1254 1492 αὐτοῖς,

237 1513 478 1597 καταπτήσεται
500 1512 540 1579 τά
562 1511 665 1599 ὄρνεα
687 1515 742 1582 καὶ
762 1517 1011 1596 προκατεδεῖται
1032 1508 1095 1595 τήν
1118 1506 1255 1574 ἅπασαν

237 1614 299 1675 τοῦ
319 1611 445 1693 θέρους
462 1615 585 1679 ἐλπίδα.
621 1618 652 1681 8.
669 1611 709 1678 τά
725 1609 791 1697 γάρ
808 1618 945 1678 τοιαῦτα
963 1609 1179 1692 παραινέσεις
1195 1605 1254 1691 μὲν

236 1707 292 1773 καὶ
307 1704 484 1794 ὑποθήκας
498 1712 605 1795 λέγων
620 1707 684 1777 οῦκ
700 1707 743 1776 ἄν
757 1736 806 1786 τις
821 1707 1024 1795 ἁμαρτάνοι,
1041 1711 1207 1791 μαντικῆς
1222 1702 1253 1769 δέ
1304 1713 1306 1862 ή

237 1803 397 1889 πάμπολυ
410 1804 549 1875 άποδετν
566 1833 623 1893 μοι
646 1810 755 1892 δοκεῖ,
778 1797 820 1892 ἧς
835 1803 872 1872 τὸ
895 1810 995 1890 ἔργον
1009 1801 1048 1871 τὰ
1067 1801 1179 1888 άδηλα
1202 1800 1254 1867 καὶ

237 1898 369 1987 οῦδαμή
386 1901 543 1990 οὐδαμῶς
557 1904 691 1990 φανερὰ
711 1904 996 1990 προγιγνώσκειν,
1022 1901 1135 1984 ῶσπερ
1155 1898 1195 1967 τδ
1210 1908 1252 1989 τῷ

238 2007 357 2069 Μίνωϊ
363 2019 536 2086 προειπεῖν
551 2005 602 2072 ὅτι
614 2009 652 2073 ἐν
667 2011 712 2094 τῷ
723 2011 784 2071 τοῦ
796 2007 925 2089 μέλιτος
936 2009 1027 2093 πίθςο
1040 1998 1057 2068 ὁ
1073 2015 1152 2080 παῖς
1164 2006 1252 2068 ἔσται

238 2096 330 2187 αὐτῷ
344 2096 651 2188 άποπεπννγμένος,
674 2104 729 2170 καὶ
745 2097 780 2168 τδ
799 2114 868 2180 τοῖς
884 2099 1022 2185 Ἀχαιοῑς
1037 2105 1251 2184 προμηνῦσαι

237 2203 295 2280 τής
306 2193 515 2276 ’Λπόλλωνος
525 2197 628 2286 ὀργής
637 2197 699 2286 τήν
710 2205 820 2266 αἰτίαν
831 2199 937 2288 καὶτῷ
948 2199 1075 2287 δεκάτῳ
1088 2201 1152 2265 ἔτει
1163 2193 1252 2263 ἁλώ-

237 2303 358 2362 σεσθαι
368 2293 531 2364 τόἼλιον·
547 2305 651 2365 ταῦτα
661 2295 726 2384 γάρ
736 2296 756 2384 ή
768 2298 919 2384 μαντική.
938 2299 1008 2365 ἐπεὶ
1019 2291 1126 2366 καὶτὰ
1137 2299 1250 2360 τοιαῦ-

170 2412 221 2467 246
240 2423 280 2462 τα
302 2404 335 2462 εί
347 2421 396 2472 τις
416 2393 500 2485 αὐτῇ
518 2394 710 2482 ἀνατιθείη,
734 2394 796 2464 οῦκ
814 2392 858 2464 σ’ὶν
874 2397 1005 2481 φθάνοι
1027 2391 1110 2478 κάμε
1130 2393 1250 2479 μάντιν
1303 2373 1304 2437 δ

238 2497 362 2578 λέγων·
386 2503 519 2578 προερῶ
533 2494 668 2583 γάρκαὶ
685 2502 881 2577 προθεσπιῶ
897 2495 952 2562 καὶ
967 2493 1051 2560 άνευ
1065 2500 1251 2568 Κασταλίας
1302 2577 1303 2582 ¹

238 2595 293 2661 καὶ
309 2593 440 2678 δάφνης
458 2597 513 2664 καί
528 2600 684 2678 τρίποδος
700 2601 893 2680 Δελφικοῦ,
917 2591 968 2660 ὅτι
984 2589 1027 2660 άν
1041 2589 1170 2679 γυμνὸς
1191 2600 1251 2658 τοῦ
1302 2593 1303 2641 λ

239 2693 366 2775 κρύους
383 2703 564 2781 περινοστή
579 2721 629 2773 τις
646 2692 767 2770 ὕοντος
779 2696 915 2776 προσέτι
931 2688 954 2778 ἦ
968 2697 1175 2779 χαλαζῶντος
1190 2698 1250 2756 τοῦ

238 2800 341 2877 θεοῦ,
358 2789 497 2878 ήπίαλος
512 2791 553 2860 οῦ
568 2791 684 2879 μικρὸς
699 2798 897 2860 ἐπιπεσεῖται
911 2799 957 2880 τῷ
970 2792 1127 2881 τοιούτω,
1143 2789 1199 2857 καί
1212 2787 1248 2855 τό
1301 2755 1302 2845 δ

239 2897 287 2959 ἔτι
304 2891 479 2975 γετούτου
493 2891 760 2976 μαντικώτερον,
777 2890 829 2958 ὅτι
844 2892 900 2959 καὶ
914 2892 1024 2975 θέρμη
1039 2887 1120 2975 μετά
1134 2895 1248 2972 ταῦτα,

240 2987 285 3068 ὡς
298 2988 336 3056 τὸ
352 2990 456 3074 εἰκός,
472 2992 786 3077 ἐπιγενήσεται,καί
802 2988 885 3057 άλλα
902 2986 1008 3056 πολλὰ
1025 2997 1178 3070 τοιαῦτα,
1202 2979 1249 3054 ῶν
1300 2970 1301 3050 λ

240 3098 373 3176 γελοῖον
386 3086 431 3156 δν
443 3099 493 3175 είη
504 3098 703 3177 μεμνῆσθαι.
721 3096 752 3158 9.
766 3088 850 3156 ὥστε
861 3086 919 3166 τάς
930 3086 991 3174 μὲν
1001 3087 1155 3164 τοιαύτας
1166 3083 1248 3154 άπο-

240 3194 353 3273 λογίας
372 3190 427 3255 καὶ
444 3195 600 3272 μαντείας
617 3188 716 3276 ἄφες·
747 3192 853 3257 ἐκεῖνο
870 3190 906 3255 δὲ
921 3183 941 3255 δ
956 3197 1090 3273 είρηκας
1105 3189 1141 3252 ἐν
1155 3182 1247 3274 άρχῇ,
1299 3201 1300 3253 λ

240 3297 320 3365 ίσως
334 3289 583 3371 παραδέξασθαι
598 3286 709 3373 άξιου,
734 3286 777 3366 ὡς
794 3284 895 3356 οὐδέν
909 3285 1051 3377 ᾔδεισθα
1065 3293 1133 3354 τῶν
1153 3293 1248 3373 λεγο-

240 3386 370 3473 μένων,
394 3383 477 3454 άλλά
491 3414 539 3464 τις
561 3392 702 3472 ἔμπνοια
720 3387 893 3474 δαιμόνιος
908 3390 1051 3456 ἐνεποίει
1068 3406 1122 3454 σοι
1135 3382 1176 3454 τά
1192 3395 1248 3472 με’-
1298 3379 1299 3455 ι

239 3511 318 3570 τρα,
342 3482 383 3552 οῦ
398 3486 489 3553 πάνυ
506 3482 585 3553 οῦδὲ
600 3488 709 3572 ε’κείνη
726 3491 860 3575 βέβαιος
874 3479 977 3554 οῦσα·
1007 3483 1049 3554 ού
1069 3481 1134 3571 γάρ
1152 3478 1196 3552 δν
1207 3483 1244 3552 τά

1297 3615 1298 3659 ι
