2625 4092
243 305 262 366 8
598 308 904 367 AOYKIANOY

325 475 433 535 ΠΑΝ.
460 473 560 544 Τίνας
575 468 680 554 λέγεις
691 468 917 553 φιλοσόφους,
939 460 992 550 ἀρ’
1010 472 1159 546 ἐκείνους
1174 467 1252 546 τους

241 581 409 652 κατηφεῖς,
426 564 505 644 τούς
515 567 646 651 ξυνάμα
658 568 813 651 πολλούς,
830 566 910 648 τούς
921 566 957 634 τό
973 573 1105 654 γένειον
1117 567 1251 653 ὁμοίους

241 671 328 752 ἐμοί,
345 663 423 744 τούς
438 665 578 748 λάλονς;

325 771 417 832 ΔΙΚ.
438 766 504 833 Καὶ
521 766 619 850 μάλα.

323 871 430 932 ΠΑΝ.
455 861 527 931 Οὐκ
541 864 614 932 οἶδα
629 863 714 943 όλως
729 864 749 932 ό
761 894 791 934 τι
808 868 862 934 καὶ
874 867 1030 952 λέγουσιν
1046 863 1124 934 οὐδὲ
1138 873 1249 952 ξυνίη·

240 991 276 1048 μι
302 960 363 1048 τὴν
383 969 507 1047 σοφίαν
533 961 661 1031 αὐτῶν·
696 963 805 1047 ὄρειος
826 961 891 1049 γάρ
915 961 978 1050 ἐγῶ
1000 967 1055 1032 καὶ
1075 963 1115 1031 τά
1139 963 1251 1052 κομψά

239 1067 342 1127 ταῦτα
358 1062 501 1147 ῥημάτια
513 1063 567 1130 καὶ
583 1059 700 1129 ἀστικὰ
715 1058 757 1129 οὗ
771 1062 968 1147 μεμάθηκα,
986 1054 1120 1148 ῶΔίκη.
1143 1064 1252 1131 πόθεν

239 1155 304 1244 γάρ
319 1161 356 1225 ἐν
370 1156 526 1248 Ἀρκαδία
542 1158 700 1246 σοφιστὴς
714 1156 736 1246 ἢ
752 1160 952 1245 φιλόσοφος;
974 1163 1067 1246 μέχρι
1088 1169 1149 1228 τοῦ
1166 1170 1251 1229 πλα-

239 1259 315 1340 γίου
330 1255 438 1325 αὐλοῦ
451 1260 507 1325 καὶ
523 1266 580 1345 της
596 1259 756 1344 σύριγγος
771 1257 835 1343 ἐγῶ
851 1259 971 1343 σοφός,
995 1257 1036 1325 τά
1052 1257 1084 1324 δ’
1100 1256 1184 1327 ἄλλα
1200 1266 1251 1327 αί-

239 1355 342 1433 πόλος
356 1358 410 1422 καὶ
428 1353 586 1442 χορευτὴς
600 1360 652 1423 καὶ
673 1356 887 1442 πολεμιστής,
908 1351 952 1436 ἦν
967 1361 1034 1444 δέη.
1064 1354 1152 1444 πλὴν
1168 1354 1252 1424 ἀλλά

240 1451 354 1520 ἀκούω
375 1479 413 1538 γε
437 1451 549 1520 αὐτῶν
570 1451 621 1522 ἀεὶ
644 1453 858 1540 κεκραγότων
879 1458 933 1520 καί
959 1451 1082 1540 ἀρετήν
1103 1481 1177 1523 τινα
1197 1457 1251 1521 καὶ

169 1565 221 1618 804
240 1554 328 1629 ἰδέας
344 1553 398 1619 καὶ
415 1552 520 1636 φύσιν
536 1554 590 1620 καὶ
604 1552 763 1638 ἀσώματα
779 1553 986 1635 διεξιόντων,
1008 1551 1163 1636 ἀγυωστα
1180 1554 1251 1638 ἐμοὶ

238 1651 292 1716 καὶ
309 1653 384 1728 ξένα
403 1648 557 1734 ὀνόματα.
580 1652 634 1718 καὶ
645 1649 685 1716 τά
701 1658 815 1733 πρῶτα
829 1652 891 1735 μέν
902 1657 1076 1736 εἰρηνικῶς
1092 1651 1251 1735 ἐνάρχον-

238 1775 290 1814 ται
309 1756 375 1814 τῶν
390 1745 475 1831 πρός
489 1745 654 1834 ἀλλήλους
670 1751 796 1834 λόγων,
811 1749 995 1834 προῖοόσης
1009 1749 1045 1816 δέ
1056 1756 1113 1834 τῆς
1127 1756 1249 1827 ξυνου-

240 1855 312 1924 σίας
328 1850 529 1915 ἐπιτείνουσι
544 1846 580 1914 τό
598 1851 736 1933 φθέγμα
751 1852 845 1932 μέχρι
860 1846 944 1932 πρὸς
958 1844 995 1913 τό
1013 1846 1150 1932 ὄρθιον,
1167 1847 1251 1914 ῶστε

240 1943 583 2031 ὑπερδιατεινομένων
598 1948 652 2012 καὶ
665 1944 733 2031 άμα
745 1948 855 2031 λέγειν
866 1946 1056 2012 ἐθελόντων
1067 1947 1104 2014 τό
1116 1971 1152 2013 τε
1166 1945 1251 2027 πρό-

238 2065 353 2110 σωπον
368 2046 512 2133 ἐρυθριᾷ
531 2049 586 2114 καί
608 2043 625 2112 ὁ
641 2045 802 2130 τράχηλος
817 2050 902 2112 οίδεῖ
917 2047 973 2112 καὶ
990 2050 1028 2112 αί
1040 2051 1160 2134 φλέβες
1176 2051 1250 2125 ἐξα-

239 2149 410 2209 νίστανται
433 2140 544 2226 ῶσπερ
566 2154 633 2211 τῶν
655 2142 825 2229 αὐλητῶν,
850 2141 977 2210 ὁπόταν
997 2150 1028 2223 ἐς
1050 2144 1170 2213 στενόυ
1190 2145 1252 2212 τὸν

238 2236 344 2306 αάλδν
360 2243 497 2325 ἐμπνεῖν
512 2244 699 2330 βιάζωνται.
723 2242 979 2324 διαταράξαντες
995 2251 1081 2328 γοῦν
1094 2242 1174 2322 τούς
1192 2245 1252 2312 λό-

238 2366 319 2425 γους
336 2342 391 2409 καὶ
406 2340 442 2407 τδ
459 2346 491 2422 ἐξ
507 2341 608 2430 ἀρχῆς
628 2341 919 2427 ἐπισκοπούμενον
937 2345 1129 2428 ξυγχεάντες
1147 2341 1252 2426 ἀπέρ-

237 2466 351 2525 χονται
366 2444 643 2529 λοιδορησάμενοι
659 2440 813 2527 ἀλλήλοις
825 2446 859 2508 οἱ
872 2444 989 2508 πολλοὶ
1003 2439 1064 2507 τὸν
1079 2445 1204 2522 ἱδρῶτα
1215 2446 1251 2508 ἐκ
1301 2444 1303 2529 λ

238 2545 298 2606 τοῦ
312 2540 467 2624 μετώπου
484 2539 619 2632 ἀγκύλῳ
634 2550 680 2631 τῷ
696 2539 847 2628 δακτόλφ
862 2537 1103 2625 ἀποξυόμενοι,
1120 2541 1177 2607 καὶ
1189 2533 1251 2607 οὗ·
1301 2534 1302 2537 “

238 2665 292 2717 τος
306 2656 441 2724 κρατεῖν
455 2647 567 2722 ἔδοξεν
583 2639 619 2720 ὃς
635 2637 680 2708 ἀν
693 2640 1011 2726 μεγαλοφωνότερος
1026 2637 1138 2706 αὐτῶν
1154 2629 1176 2727 ᾖ
1196 2642 1251 2706 καὶ

237 2739 446 2820 θρασύτερος
456 2742 511 2808 καὶ
522 2746 755 2826 διαλυομένων
766 2739 898 2830 ἀπέλθη
909 2738 1056 2822 ὕστερος.
1074 2736 1161 2824 πλην
1173 2732 1249 2806 ἀλλ’

237 2836 256 2902 δ’
271 2864 309 2922 γε
324 2836 407 2916 λεῶς
421 2836 438 2905 ὁ
453 2839 558 2916 πολὺς
572 2838 760 2925 τεθήπασιν
775 2838 915 2924 αὐτούς,
940 2841 995 2907 καλ
1008 2840 1149 2924 μάλιστα
1165 2835 1248 2905 ὁπό-

237 2956 318 3014 σους
332 2940 437 3022 μηδὲν
456 2945 525 3004 τῶν
542 2935 812 3024 ἀναγκαιοτέρων
829 2937 977 3024 ἀσχολεῖ,
994 2940 1049 3005 καὶ
1066 2947 1250 3022 παρεστᾶσι

167 3052 218 3106 805
238 3033 322 3116 πρὸς
336 3035 372 3103 τὸ
388 3036 517 3117 θράσος
530 3036 584 3102 καὶ
600 3034 662 3121 τὴν
673 3034 759 3124 βοὴν
772 3043 999 3124 κεκηλημένοι,
1022 3038 1094 3124 ἐμοὶ
1106 3041 1167 3123 μὲν
1184 3031 1251 3104 οὖν

237 3132 393 3213 ἀλαζόνες
407 3136 494 3212 τινὲς
510 3135 653 3202 ἐδόκουν
675 3133 739 3203 άπὸ
760 3140 890 3206 τούτων
905 3141 960 3206 καὶ
974 3136 1127 3224 ἠνιώμην
1141 3140 1196 3204 ἐπὶ
1210 3145 1251 3225 τη

235 3239 296 3296 τοῦ
312 3230 473 3317 πῶγωνος
490 3230 667 3321 ὁμοιότητι.
696 3242 727 3304 εί
739 3241 775 3305 δὲ
792 3241 847 3306 καὶ
863 3241 1056 3325 δημωφελές
1069 3264 1101 3304 τι
1112 3239 1195 3322 ἐνῆν
1210 3245 1250 3323 τη

235 3338 298 3419 βοῇ
315 3329 428 3398 αὐτῶν
441 3339 499 3400 καί
510 3360 541 3399 τι
555 3330 690 3419 ἀγαθὸν
706 3338 741 3402 ἐκ
759 3344 827 3402 τῶν
842 3336 1000 3423 ῥημάτων
1016 3339 1154 3404 ἐκείνων
1168 3333 1251 3401 ἀνε-

235 3429 339 3514 φύετο
355 3427 483 3516 αὐτοῖς,
499 3428 562 3498 οὐκ
577 3428 620 3499 ἀν
636 3439 740 3501 εἰπεῖν
758 3441 871 3521 ἔχοιμι.
895 3433 984 3521 πλὴν
1000 3432 1084 3503 ἀλλά
1100 3444 1134 3503 εί
1143 3461 1184 3520 γε
1200 3439 1254 3500 δεῖ

234 3529 339 3613 μηδὲν
349 3525 634 3616 ὑποστειλάμενον
646 3531 789 3618 τάληθὲς
801 3534 1024 3620 διηγήσασθαι
1039 3577 1074 3585 -
1089 3541 1172 3602 οίκῶ
1181 3533 1251 3618 γάρ
