2625 4092
236 285 297 346 236
512 319 514 322 ·
596 285 892 345 AOTKIANOY'

235 472 295 532 τηρ
317 444 433 531 αὐτῆς,
467 444 631 524 Θετταλάς
651 473 744 524 τινας
767 444 854 536 φ’δάς
878 451 1078 536 ἐπισταμένη
1103 457 1158 517 καὶ
1182 450 1235 535 τήν

236 546 379 631 σελήνην
400 545 605 630 κατάγουσα;
636 548 717 629 φασί
743 547 778 612 δέ
799 544 906 632 αύτήν
931 549 986 614 καὶ
1007 549 1168 616 πέτεσθαι
1188 555 1236 632 της

236 643 371 719 νυκτός·
399 647 508 728 ἐκείνη
530 646 665 728 ἐξέμηνε
681 643 741 710 τόν
760 643 946 728 ἄνθρωπον
959 659 1049 711 πιεῖν
1069 655 1139 712 των
1156 673 1237 729 φαρ-

235 743 353 827 μάκων
368 745 520 827 ἐγχέασα,
537 745 590 810 καὶ
606 749 672 808 νῦν
687 751 856 826 τρυγῶσιν
870 740 982 809 αὐτόν.

322 844 441 906 ΘΑΙΣ.
459 842 522 906 Καὶ
534 840 589 924 σύ,
603 833 629 906 ὦ
641 841 836 925 Γλυκέριον,
848 841 952 908 άλλον
964 843 1150 927 τρυγήσεις,
1167 851 1237 909 τοῦ·

236 965 294 1006 τον
312 940 348 1006 δέ
362 946 488 1024 χαίρειν
502 945 546 1005 ἔα.
838 957 840 963 ’

724 1183 753 1244 2.

270 1298 504 1352 ΜυΡνιοΝ
535 1299 619 1351 ιιιι
648 1299 914 1352 ιιιΜοιΑοΣ
938 1301 1020 1352 lm
1047 1302 1207 1356 ΔαΡιΣ.

323 1439 349 1500 1.
369 1438 501 1500 ΜῬΡΤ.
520 1437 658 1514 Γαμεῖς,
680 1423 707 1498 ὦ
722 1431 896 1516 Πάμφιλε,
920 1431 982 1519 τήν
996 1438 1167 1512 Φείδωνος
1185 1441 1240 1500 τοῦ
1298 1468 1299 1473 ¹

237 1531 429 1616 ναυκλήρου
443 1533 614 1614 θυγατέρα
631 1530 686 1594 καὶ
700 1524 763 1613 ήδη
779 1549 817 1594 σε
832 1532 1054 1615 γεγαμηκέναι
1070 1537 1191 1614 φασίν·
1212 1534 1240 1596 οἶ
1299 1546 1300 1621 λ

236 1636 388 1697 τοσοῦτοι
406 1631 440 1694 δὲ
462 1626 557 1708 ὅρκοι
578 1623 638 1703 οὓς
660 1623 790 1710 ὤμοσας
804 1628 860 1694 καὶ
875 1624 914 1692 τὰ
931 1629 1061 1710 δάκρυα
1076 1631 1115 1696 έν
1130 1626 1242 1710 άκαρεῖ

236 1729 344 1794 πάντα
359 1736 495 1810 οἴχεται,
514 1726 568 1791 καὶ
584 1727 773 1808 ἐπιλέλησαι
785 1731 944 1806 Μυρτίου
962 1733 1044 1809 νύν,
1060 1727 1116 1793 καλ
1130 1732 1240 1806 ταῦτα,

238 1819 264 1891 ὦ
280 1826 452 1909 Πάμφιλε,
472 1821 573 1888 ὁπότε
593 1822 665 1888 κύω
680 1827 769 1906 μήνα
789 1819 912 1907 ὄγδοον
936 1822 1010 1908 ήδη.
1039 1831 1139 1891 τοῦτο
1160 1830 1242 1908 γοῦν

238 1927 290 1991 καὶ
307 1925 413 2007 μόνον
433 1925 598 2011 ἐπριάμην
613 1934 675 1992 τοῦ
695 1933 759 1992 σοῦ
773 1931 911 2008 ἔρωτος,
934 1926 984 1993 ὅτι
999 1955 1066 2013 μου
1086 1928 1241 2014 τηλικαύ-

237 2053 298 2111 την
314 2032 494 2109 πεποίηκας
510 2025 572 2113 τήν
595 2031 735 2111 γαστέρα
754 2028 808 2093 καὶ
828 2024 909 2110 μετὰ
927 2026 1050 2111 μικρὸν
1066 2034 1244 2108 παιδοτρο-
1301 2086 1302 2095 ,

237 2139 314 2209 φεῖν
329 2125 457 2208 δεήσει,
472 2133 607 2209 πρᾶγμα
623 2127 735 2212 ἑταίρᾳ
750 2125 954 2209 βαρύτατον·
977 2123 1019 2190 ού
1029 2124 1094 2211 γάρ
1110 2129 1244 2212 ἐκθήσω
1301 2136 1302 2141 ’

167 2246 218 2300 282
239 2222 274 2290 τὸ
290 2225 423 2308 τεχθέν,
445 2226 498 2291 καὶ
515 2226 658 2309 μάλιστα
675 2229 705 2291 εί
719 2222 823 2305 ἄρρεν
840 2227 986 2308 γένοιτο,
1007 2221 1090 2291 ἄλλά
1107 2225 1243 2311 Πάμφι-

237 2332 297 2389 λον
309 2317 502 2405 ὀνομάσασα
514 2321 576 2406 έγά
590 2321 651 2406 μὲν
663 2324 725 2402 ἐξω
738 2323 957 2409 παραμύθιον
968 2331 1027 2388 τού
1040 2329 1181 2409 ἔρωτος,
1196 2324 1244 2388 σοὶ

237 2420 272 2486 δὲ
288 2419 426 2486 ὀνειδιεῖ
438 2444 517 2486 ποτε
530 2417 732 2502 προσελθων
743 2422 885 2504 ἐκεῖνος,
903 2417 948 2497 ὡς
959 2419 1096 2498 άπιστος
1107 2424 1245 2506 γεγένη-

236 2539 292 2584 σαι
307 2519 382 2598 περλ
396 2515 458 2601 τήν
474 2515 597 2584 ἀθλίαν
615 2516 722 2585 αύτού
735 2521 869 2603 μητέρα.
899 2532 1015 2604 γαμεῖς
1030 2517 1062 2586 δ’
1080 2517 1123 2585 ού
1138 2518 1244 2604 καλήν

237 2618 425 2696 παρθένον·
443 2613 532 2682 εἶδον
543 2617 606 2701 γάρ
618 2614 724 2703 αὐτὴν
734 2623 871 2700 ἔναγχος
880 2618 917 2682 ἐν
928 2629 995 2693 τοῖς
1004 2624 1246 2701 Θεσμοφορίοις

237 2711 317 2799 μετά
339 2721 395 2798 τῆς
416 2715 554 2799 μητρός,
582 2712 714 2782 οὐδέπω
738 2720 844 2782 εἰδυῖα
864 2713 914 2780 ὅτι
940 2711 986 2780 δι’
1009 2712 1116 2800 αὐτήν
1136 2715 1244 2782 οέαιέτι

236 2810 360 2897 ὄψομαι
377 2813 567 2898 Πάμφιλον.
597 2817 651 2881 καὶ
667 2814 711 2880 σύ
733 2810 764 2878 δ’
783 2806 847 2878 ούν
863 2812 1028 2895 πρότερον
1047 2816 1124 2878 ἰδού
1139 2811 1244 2897 αὐτήν

238 2911 291 2976 καὶ
302 2907 338 2974 τὸ
353 2909 534 2991 πρόσωπον
548 2915 602 2978 καὶ
612 2909 692 2988 τούς
705 2908 905 2996 ὀφθαλμούς
919 2912 987 2993 ι’δέ,
1003 2912 1048 2996 μή
1060 2931 1096 2977 σε
1109 2907 1244 2978 ἀνιάτω.

239 3014 269 3074 εί
282 3009 373 3075 πάνυ
396 3009 564 3093 γλαυκούς
580 3017 644 3094 ἔχει
660 3006 785 3086 αύτούς
800 3008 883 3095 μηδὲ
903 3007 954 3075 ὅτι
971 3010 1175 3093 διάστροφοί
1186 3016 1246 3076 εἰσι

237 3107 291 3173 καὶ
308 3109 339 3183 ές
352 3105 515 3192 άλλήλους
525 3107 644 3190 ὁρῶσι·
668 3116 797 3194 μᾶλλον
812 3110 847 3175 δὲ
859 3106 919 3174 τὸν
931 3112 1083 3176 Φείδωνα
1098 3107 1246 3191 ἑώρακας

237 3203 297 3270 τόν
311 3208 434 3286 πατέρα
446 3215 503 3292 τῆς
515 3207 661 3293 νύμφης,
673 3204 710 3274 τὸ
723 3207 906 3290 πρόσωπον
918 3203 1023 3272 αύτού
1034 3204 1146 3288 οἶσθα,
1163 3205 1246 3273 ὥστε

237 3297 339 3369 ούδὲν
352 3308 399 3370 ἐτι
415 3304 525 3390 δεήσει
539 3305 602 3391 τήν
616 3306 788 3389 θυγατέρα
805 3309 897 3372 ἰδεῖν.
1122 3304 1157 3383 k

321 3407 350 3469 2.
367 3409 511 3470 ΠΑΜΦ.
526 3401 595 3470 ”Eu
610 3427 673 3470 σου
685 3403 862 3490 ληρούσης,
878 3395 906 3469 εἷ
919 3404 1085 3486 Μύρτιον,
1100 3401 1246 3470 ἀκούσο-

237 3526 294 3582 μαι
305 3504 497 3582 παρθένους
508 3507 561 3570 καὶ
572 3501 701 3587 γάμους
710 3501 958 3589 ναυκληρικοὺς
967 3498 1169 3587 διεξιούσηςς
1182 3500 1247 3587 ε’γω
