2625 4092
225 316 616 377 ΔΗΜΟΣΘΕΝΟΥΣ
637 317 917 378 ΕΓΚΩΜΙΟΝ.
1009 318 1073 381 369

64 501 160 563 ριμα,
179 475 285 563 κουρά
305 475 470 561 σπήλαιον
484 475 672 559 κάτοπτρον
687 479 797 561 ξίφος,
812 485 962 563 γλῶτταν
977 483 1073 565 διαρ-

63 582 212 659 θραῖσαι,
234 583 408 661 μετελθεῖν
423 570 484 652 ὀψὲ
500 579 558 658 τῆς
577 568 706 659 ἡλικίας
721 569 915 661 ὑπόκρισιν,
938 576 1073 663 μνήμην

62 668 258 759 άκριβοίσαι,
268 670 423 756 θορύβου
436 676 698 755 καταφρονῆσαι,
709 669 856 750 συνάψαι
867 671 991 751 νάκτας
1000 674 1072 740 ἐπι-

63 767 181 847 πόνοις
192 765 337 855 ἡμίραις.
367 770 400 846 ἐξ
416 759 465 835 τόν
483 772 530 845 τίς
545 763 607 833 οὐκ
623 762 714 833 οἶδεν
725 764 840 846 ὁποῖος
856 764 874 835 ὁ
891 773 1073 855 Δημοσθέ-

64 892 141 953 νης,
158 870 239 951 ἐφη,
263 866 316 935 σοί
333 862 395 951 τήν
411 862 592 951 ῥητορικήν
610 863 740 949 ἐγένετο
759 878 830 943 ταῖς
849 864 912 950 μὲν
929 868 1073 957 ἐννοίαις

64 968 119 1033 καί
134 978 203 1043 τοῖς
218 961 360 1048 ὀνόμασι
377 970 601 1029 καταπυκνοῦν
612 959 673 1029 τδν
687 962 805 1047 λόγον,
820 977 890 1041 ταῖς
904 966 940 1031 δὲ
955 967 1072 1033 διαθέ-

64 1082 159 1129 σεσιν
175 1064 357 1148 ἐξακριβων
373 1060 433 1139 τάς
446 1061 688 1145 πιθανότητας,
709 1060 858 1145 λαμπρός
875 1059 937 1147 μὲν
952 1069 997 1153 τῷ
1011 1088 1071 1148 με-

63 1161 175 1245 γέθει,
190 1154 339 1244 σφοδρός
353 1158 389 1225 δέ
404 1165 450 1246 τῷ
465 1156 644 1241 πνεύματι,
666 1160 939 1241 σωφρονέστατος
954 1161 990 1227 δὲ
1004 1167 1072 1227 τῶν

64 1254 241 1341 ὀνομάτων
254 1256 392 1325 καὶτῶν
411 1254 589 1341 νοημάτων
602 1252 665 1341 τήν
682 1257 891 1341 ἐγκράτειαν,
912 1258 1071 1326 ποικιλά-
1126 1255 1129 1259 ’

63 1380 160 1432 τατος
174 1351 206 1420 δ’
221 1356 416 1439 ἐναλλαγαῖς
433 1350 625 1439 σχημάτων·
647 1352 751 1437 μόνος
766 1354 805 1437 γέ
818 1379 869 1421 τοι
883 1361 951 1421 των
970 1355 1070 1442 ρητό-

64 1478 152 1536 ρων,
179 1448 223 1530 ὦς
239 1446 257 1518 ό
274 1452 474 1537 Λεωσθένης
495 1450 676 1535 ἐτόλμησεν
698 1455 817 1529 εἰπεῖν,
844 1455 992 1537 ἔμψυχον
1014 1451 1068 1519 καλ
1087 1458 1139 1514 50²

63 1549 280 1635 σφυρήλατον
294 1563 427 1634 παρεῖχε
448 1546 508 1615 τδυ
521 1545 632 1633 λόγον.
667 1553 716 1615 15.
732 1546 775 1615 οὐ
793 1545 858 1634 γάρ
875 1548 918 1629 ὡς
932 1548 993 1616 τόν
1007 1557 1069 1618 Αί-

63 1652 188 1739 σχάλον
204 1649 221 1720 ὅ
237 1655 468 1736 Καλλισθένης
485 1655 548 1735 ἔφη
564 1675 630 1717 που
645 1652 754 1734 λέγων
766 1647 824 1728 τάς
839 1656 1023 1742 τραγφδίας
1033 1655 1070 1719 ἐν

62 1760 146 1839 οίνφ
156 1750 301 1835 γράφειν
309 1753 497 1835 ἐξορμωντα
508 1749 562 1815 καί
571 1744 864 1833 άναθερμαίνοντα
875 1746 937 1835 τήν
947 1750 1065 1836 ψυχήν,

63 1846 126 1933 οὐχ
137 1845 243 1925 οὕτως
255 1845 272 1914 ό
284 1849 508 1933 Δημοσθένης
519 1853 689 1914 συνετίθει
703 1844 788 1929 πρός
797 1851 908 1933 μέθην
921 1846 999 1927 τοὺς
1010 1849 1068 1917 λό-

63 1973 155 2033 γους,
170 1943 244 2015 άλλ’
257 1944 349 2029 ὕδωρ
361 1953 484 2015 πίνων·
498 1937 585 2033 ήκαὶ
599 1944 659 2011 τόν
667 1945 835 2031 Δημάδην
843 1952 958 2027 παίξαί
965 1968 1070 2034 φασιν

64 2050 111 2121 είς
128 2043 253 2129 ταύτην
267 2040 372 2115 αὐτοῦ
382 2041 444 2129 τήν
455 2041 681 2127 ὑδροποσίαν,
700 2042 743 2121 ως
759 2044 793 2111 οί
803 2044 865 2129 μὲν
879 2042 974 2115 άλλοι
986 2044 1069 2130 πρδς

63 2144 157 2227 ὕδωρ
173 2145 318 2229 λέγοιεν,
341 2141 401 2211 τόν
413 2146 640 2229 Δημοσθένην
658 2147 693 2211 δέ
710 2143 793 2226 πρδς
807 2142 900 2229 ὕδωρ
914 2146 1068 2232 γράφειν.

62 2244 186 2329 Πυθέᾳ
202 2245 237 2309 δὲ
259 2238 276 2307 ό
299 2241 417 2324 κρότος
436 2248 504 2307 των
518 2250 788 2328 Δημοσθενικῶν
806 2243 917 2330 λόγων
934 2242 1069 2325 άπόζειν

61 2344 216 2425 ἐφαίνετο
229 2345 290 2405 τοῦ
304 2345 501 2422 νυκτερινοῦ
512 2338 647 2424 λύχνου.
669 2340 723 2409 καὶ
734 2344 825 2409 τουτί
838 2345 910 2426 μέν,
926 2347 1001 2428 ἔφη,
1017 2342 1069 2411 σοδ

61 2436 99 2505 τό
123 2442 246 2522 χωρίου
264 2443 324 2505 τοῦ
340 2434 444 2521 λόγου
460 2433 577 2505 κοινόν
597 2436 681 2519 πρὸς
698 2435 759 2523 τήν
781 2437 863 2525 ἐμήν
887 2436 1068 2506 ὑπόθεσιν·

63 2534 105 2601 οὐ
124 2533 187 2620 γάρ
207 2558 258 2601 τοι
273 2539 375 2618 μείων
396 2529 413 2599 ό
439 2534 513 2615 περὶ
535 2531 597 2619 τήν
618 2532 766 2621 Ὁμήρου
787 2543 921 2622 ποίησιν
943 2533 1070 2622 ὑπῆρχε

61 2632 162 2717 κάμοὶ
177 2630 285 2715 λόγος.
320 2635 367 2699 16.
388 2627 460 2699 ἄλλ’
478 2636 507 2698 εί
525 2638 648 2717 μετίοις
668 2634 720 2701 ἐπὶ
740 2632 799 2712 τὰς
814 2638 1070 2719 φιλανθρωπίας

62 2733 119 2799 καί
133 2727 195 2816 τήν
210 2732 246 2797 ἐν
257 2742 324 2807 τοῖς
333 2730 477 2815 χρήμασι
492 2738 682 2816 φιλοτιμίαν
695 2733 750 2800 καὶ
764 2740 820 2818 τῆς
833 2739 997 2809 πολιτείας
1008 2732 1071 2817 τήν

61 2828 146 2914 όλην
163 2825 374 2913 λαμπρότητα
397 2881 492 2895 .....
515 2828 568 2895 καὶ
589 2825 606 2895 ὁ
628 2826 691 2913 μὲν
711 2828 763 2917 ᾔει
784 2836 950 2911 συνείρων
969 2825 1013 2906 ὡς
1029 2826 1069 2895 τά

62 2924 164 2995 λοιπά
187 2926 407 3010 προσθήσων,
431 2922 495 3011 ἐγω
518 2924 553 2992 δέ
568 2925 726 3013 γελάσας,
744 2920 788 2995 Ἦ
804 2926 871 2993 ποό
890 2952 943 3013 γε,
969 2932 1065 3011 ἔφην,
1085 2938 1137 2991 σοθ

62 3030 182 3111 διανοῇ
196 3035 349 3107 καταχεῖν
363 3048 429 3108 μου
445 3029 511 3089 τῶν
529 3022 623 3090 ὤτων
639 3023 750 3110 ὥσπερ
766 3021 931 3113 βαλανεδς
945 3051 1069 3091 καταν-

62 3121 185 3206 τλήσας
197 3117 258 3187 τὸν
274 3116 393 3187 λοιπόν
407 3120 527 3204 λόγους
549 3117 604 3207 Νή
619 3129 687 3189 Δία
700 3148 755 3207 γε,
773 3119 842 3189 εἶπε
849 3174 946 3202 .....
964 3125 1068 3209 δημο-

62 3223 196 3296 θοινίας
206 3243 241 3285 τε
256 3220 311 3285 καί
321 3225 476 3305 χορηγίας
493 3222 708 3299 ἐθελουσίους
721 3223 776 3288 καὶ
791 3226 1002 3307 τριηραρχίας
1013 3221 1068 3287 καί
1190 3221 1192 3226 ’

62 3332 167 3402 τεῖχος
181 3317 235 3384 καὶ
250 3317 380 3401 τάφρον
394 3316 448 3383 καὶ
463 3316 574 3395 λύσεις
589 3318 804 3403 αἰχμαλώτων
818 3319 873 3387 καί
887 3321 1068 3401 παρθένων

23 3462 24 3487 ι
63 3414 227 3498 ἐκδόσεις,
248 3414 387 3502 άρίστην
404 3421 589 3502 πολιτείαν,
614 3418 668 3485 καί
683 3422 835 3505 πρέσβεις
850 3419 905 3486 καὶ
921 3426 1068 3503 νομοθε-

23 3568 24 3571 ¹
63 3520 136 3593 σίας
158 3515 212 3581 καὶ
235 3516 376 3599 μέγεθος
392 3515 643 3599 πολιτευμάτων
664 3514 824 3600 ἐμπεσόν,
846 3520 948 3599 γελᾶν
965 3519 1070 3581 ἔπεισί

150 3637 255 3678 aucun.
276 3622 322 3679 111.
889 3616 931 3679 24
