2625 4092
429 324 730 384 ΑΝΑΧΑΡΣΙΣ.
1042 318 1085 381 69

71 484 149 554 ἀλλ’
167 486 217 554 ἐπὶ
240 482 276 552 τό
291 482 444 572 μαλακὸν
459 484 616 571 ἀσφαλῶς
631 491 798 550 πίπτοιεν·
829 488 939 551 ἔπειτα
953 482 1009 550 καὶ
1024 478 1085 549 τόν

71 581 217 651 ὄλισθον
235 580 364 669 ἀνάγκη
380 590 481 651 πλείω
491 591 685 668 γίγνεσθαι,
709 582 895 665 ἱδρούντων
908 583 945 647 έν
958 586 1005 671 τῷ
1020 605 1085 666 πη-

71 688 137 769 λῷ,
161 680 240 749 δσά
256 697 326 759 ταῖς
343 684 508 767 ἐγχέλεσιν
527 687 665 764 είκαζες,
689 678 751 747 οάκ
773 676 907 764 ἀχρεῖον
928 675 1007 745 οὐδὲ
1027 703 1085 763 γε·

71 787 170 845 λοῖον
184 778 241 865 όν,
263 778 348 847 ἀλλά
366 782 421 848 καὶ
441 786 539 847 τοῦτο
556 782 588 857 ές
609 775 707 864 ίσχάν
723 780 777 845 καὶ
793 776 896 844 τόνον
910 774 974 844 οόκ
989 772 1084 861 ὀλίγα

72 886 242 962 συντελεί,
267 876 394 945 ὁπόταν
416 876 521 955 οὕτως
542 877 686 962 ἐχόντων
701 872 855 962 ἀλλήλων
870 873 1085 960 ἀναγκάζων-

71 1002 126 1042 ται
144 978 310 1062 ἐγκρατῶς
330 974 639 1062 ἀπολαμβάνεσθαι
659 978 713 1041 καί
734 975 887 1059 συνέχειν
908 968 1085 1041 διολισθά-

73 1099 213 1151 νοντας·
236 1084 394 1157 αίρεσθαί
406 1100 441 1141 τε
457 1077 494 1142 ἐν
505 1082 598 1165 πηλῷ
610 1071 776 1154 ἱδρωκότα
794 1068 864 1157 μετ’
883 1073 1012 1154 ἐλαίου,
1029 1072 1085 1137 έκ-

73 1184 191 1237 πεσεῖν
206 1174 260 1239 καὶ
281 1177 481 1258 διαρρυῆναι
498 1180 566 1240 τῶν
581 1179 704 1257 χειρῶν
718 1170 947 1250 σπουδάζοντα
964 1165 1008 1254 μὴ
1028 1194 1085 1253 μι-

73 1266 160 1352 κρὸν
183 1268 266 1336 εἶναι
287 1270 407 1356 νόμιζε.
440 1272 615 1339 καὶταῦτα
636 1270 760 1351 πάντα,
789 1266 899 1352 ῶσπερ
920 1273 1007 1353 ἔφην
1025 1272 1085 1351 ἔμ-

71 1378 245 1450 προσθεν,
269 1370 301 1447 ές
321 1368 400 1449 τούς
415 1375 579 1457 πολέμους
595 1372 649 1437 καί
664 1371 825 1457 χρήσιμα,
848 1374 879 1437 εί
900 1372 969 1436 δέοι
985 1375 1086 1455 φίλον

72 1468 249 1549 τρωθέντα
259 1470 381 1557 ῥᾳδίως
392 1465 562 1554 ἀράμενον
579 1465 813 1554 ὑπεξενεγκεῖν
823 1463 844 1553 ἢ
855 1470 910 1535 καὶ
924 1469 1085 1553 πολέμιον

72 1565 339 1647 συναρπάσαντα
349 1564 444 1652 ἥκειν
455 1570 622 1653 μετέωρον
637 1572 821 1653 κομίζοντα.
845 1568 899 1634 καί
916 1563 971 1632 διά
985 1572 1085 1634 τοῦτο

73 1665 106 1740 ές
121 1660 317 1750 ὑπερβολὴν
329 1663 499 1751 ἀσκοῦμεν
515 1662 555 1731 τά
567 1665 778 1750 χαλεπώτερα
793 1667 1024 1749 προτιθέντες,
1041 1660 1086 1739 ὡς

71 1756 111 1825 τά
131 1761 314 1846 μικρότερα
328 1770 444 1851 μακρῷ
457 1760 684 1846 εὐκολώτερον
694 1766 838 1848 φέροιεν.
862 1770 912 1831 29.
931 1760 993 1848 τὴν
1003 1762 1085 1847 μέν·

72 1886 121 1926 τοι
147 1859 245 1926 κόνιν
267 1862 319 1928 ἐπὶ
339 1859 376 1927 τό
398 1865 551 1929 ἐναντίον
567 1869 731 1948 χρησίμην
752 1862 894 1947 οἰόμεθα
915 1860 1017 1941 εἶναι,
1042 1857 1086 1937 ὡς

72 1956 117 2044 μὴ
142 1959 396 2027 διολισθάνοιεν
418 1961 700 2047 συμπλεκόμενοι·
735 1959 871 2028 ἐπειδάν
892 1958 957 2047 γάρ
983 1962 1087 2048 ἐντῷ

71 2063 169 2145 πηλῷ
186 2054 359 2141 ἀσκηθῶσι
375 2062 528 2145 συνέχειν
541 2058 577 2125 τὸ
595 2063 832 2142 διαδιδρᾶσκον
846 2056 912 2127 ὑπό
929 2057 1085 2145 γλισχρό-
1102 2070 1153 2127 911

70 2178 186 2238 τητος,
206 2157 371 2234 ἐθίζονται
386 2160 441 2225 καὶ
459 2158 637 2243 ἐκφεύγειν
655 2156 749 2226 αὐτοὶ
765 2160 952 2244 ληφθέντες
967 2162 1004 2226 ἐκ
1017 2163 1086 2224 τῶν

71 2258 212 2337 χειρῶν,
228 2256 282 2319 καί
298 2262 401 2321 ταῦτα
416 2259 453 2323 έν
467 2253 606 2346 ἀφόκτφ
623 2259 781 2343 ἐχόμενοι.
803 2261 857 2324 καί
870 2253 938 2343 μην
955 2257 1010 2323 καί
1024 2252 1086 2321 τόν

71 2354 198 2432 ἱδρῶτα
218 2354 370 2438 συνέχειν
386 2358 480 2422 δοκεῖ
496 2351 517 2441 ἡ
536 2355 628 2433 κόνις
653 2354 785 2439 ἀθρόον
800 2356 997 2441 ἐκχεόμενον
1013 2358 1086 2421 έπι-

72 2453 263 2537 παττομένη
278 2456 332 2520 καὶ
349 2456 401 2521 ἐπὶ
419 2451 506 2522 πολὺ
522 2459 671 2543 διαρκεῖν
686 2471 777 2523 ποιεί
794 2454 856 2541 τὴν
870 2456 1016 2541 δύναμιν
1030 2456 1086 2522 καὶ

72 2551 214 2635 κώλυμα
224 2559 372 2637 γίγνεται
380 2553 424 2640 μη
435 2557 643 2642 βλάπτεσθαι
655 2552 721 2621 ὑπό
733 2562 801 2622 τῶν
811 2553 946 2641 ἀνέμων
957 2552 1086 2635 ἀραιοῖς

73 2650 148 2716 τότε
166 2651 221 2717 καὶ
239 2648 405 2742 ἀνεφγόσι
419 2669 486 2733 τοῖς
502 2656 655 2738 στόμασιν
670 2655 910 2738 ἐμπιπτόντων.
934 2653 1042 2731 ἀλλως
1052 2676 1087 2719 τε

73 2753 129 2816 καὶ
141 2745 202 2815 τόν
212 2751 324 2837 ρόπον
335 2750 469 2841 ἀποσμᾷ
481 2755 535 2821 καὶ
547 2751 785 2834 στιλπνότερον
796 2767 887 2820 ποιεί
895 2749 955 2820 τόν
966 2750 1084 2835 ἀνδρα.

73 2851 128 2916 καί
153 2853 257 2934 ἔγωγε
280 2847 386 2935 ἡδέως
405 2849 448 2919 ἀν
475 2853 770 2937 παραστησάμενος
793 2858 934 2936 πλησίον
962 2857 1030 2918 τῶν
1050 2874 1087 2917 τε

74 2956 207 3015 λευκῶν
223 2976 300 3017 τινα
315 2954 453 3019 ἐκείνων
469 2954 523 3020 καί
542 2949 608 3018 ὑπὸ
626 2958 704 3040 σκιᾷ
719 2954 965 3039 δεδιῃτημένων
979 2946 1087 3018 καλόν

73 3042 117 3113 ἀν
139 3048 198 3135 ἕλη
218 3056 286 3115 τῶν
306 3052 344 3117 ἐν
364 3059 410 3139 τῷ
430 3058 562 3141 Λυκείῷ
586 3052 862 3136 γυμναζομένων,
890 3047 1087 3127 ἀποπλύνας

73 3145 134 3231 τὴν
147 3148 245 3215 κόνιν
256 3150 383 3217 καὶτὸν
395 3150 513 3236 πηλόν,
526 3154 664 3237 ἐροίμην
675 3148 719 3216 άν
729 3171 766 3216 σε
777 3147 909 3239 ποτέρφ
917 3146 961 3215 ἀν
972 3148 1087 3234 ὅμοιος

75 3244 187 3325 εὔξαιο
202 3250 377 3331 γενέσθαι·
400 3248 474 3317 οἶδα
494 3248 559 3336 γάρ
577 3247 619 3326 ὡς
634 3247 753 3316 αὐτίκα
766 3249 856 3317 ἕλοιο
876 3244 921 3317 ἀν
941 3251 977 3316 έκ
993 3247 1087 3333 προό-

74 3373 132 3432 της
147 3347 354 3433 προσόψεως,
372 3354 402 3417 εί
416 3351 471 3417 καὶ
484 3347 529 3435 μὴ
541 3348 672 3416 ἐπὶτῶν
682 3354 791 3433 ἔργων
804 3356 998 3434 πειραθείης
1009 3351 1087 3416 ε’κα-

75 3449 192 3531 τέρου,
209 3447 422 3535 συνεστηκός
435 3449 488 3516 καὶ
500 3452 805 3534 συγκεκροτημένος
824 3446 908 3517 εἶναι
923 3443 1086 3535 μάλλονῆ
