2625 4092
230 300 271 365 70
587 306 891 366 AOYKIANOY

229 466 444 546 θρύπτεσθαι
464 466 518 532 καί
546 469 696 547 διαρρεῖν
717 465 772 530 καὶ
793 461 912 541 λευκός
938 462 1020 531 εἶναι
1039 460 1164 549 ἀπορία
1186 470 1241 527 καί

230 572 324 652 φυγή
341 570 386 642 είς
401 563 441 631 τά
457 573 536 631 είσω
550 572 611 632 τοῦ
629 568 774 649 αἵματος.

314 668 363 729 30.
391 658 491 729 Ταῦτ’
511 668 617 745 ἔστιν,
641 654 668 729 οὑ
685 660 878 747 Ἀνάχαρσι,
902 656 1018 738 ἀτοὺς
1034 663 1131 738 νέους
1147 657 1242 746 ἡμεῖς

230 759 401 846 ἀσκοῦμεν
421 759 568 845 οἰόμενοι
591 762 745 844 φύλακας
765 758 846 845 ήμίν
861 766 919 844 τῆς
938 758 1067 837 πόλεως
1087 754 1242 843 ἀγαθοὺς

210 930 212 933 ,
230 860 460 945 γενέσθαικαὶ
481 859 518 924 ἐν
533 859 709 946 ἐλευθερίᾳ
727 859 911 943 βιώσεσθαι
927 855 972 924 δι’
991 854 1131 935 αὐτούς,
1155 882 1242 935 κρα-

229 962 366 1034 τοῦντες
381 958 444 1042 μὲν
457 962 526 1024 τῶν
548 960 725 1041 δυσμενῶν
745 963 775 1023 εί
791 958 932 1040 ἐπίοιεν,
959 956 1097 1040 φοβεροί
1118 955 1155 1020 δὲ
1173 966 1243 1029 τοῖς

230 1060 411 1136 περιοίκοις
429 1052 538 1137 ὄντες,
556 1051 600 1131 ῶς
614 1051 841 1139 ὑποπτήσσειν
854 1080 890 1120 τε
904 1054 959 1120 καί
971 1050 1145 1120 ὑποτελεῖν
1160 1048 1242 1136 ἡμῖν

230 1149 309 1229 τοὺς
323 1160 498 1229 πλείστους
515 1149 636 1218 αὑτῶν.
667 1154 704 1219 ἐν
721 1154 836 1239 είρήνη
852 1178 887 1219 τε
901 1144 946 1217 αὑ
963 1148 1049 1217 πολὺ
1065 1147 1242 1235 ἀμείνοσιν

232 1248 345 1329 αὐτοῖς
360 1252 520 1335 χρώμεθα
541 1252 615 1330 περὶ
630 1250 735 1335 μηδὲν
755 1257 823 1316 τῶν
838 1254 984 1334 αίσχρῶν
1000 1249 1242 1332 φιλοτιμουμέ·

159 1362 212 1417 912
232 1372 304 1425 νοις
324 1345 403 1434 μηδ’
426 1344 485 1414 ὑπ’
502 1347 619 1433 ἀργίας
637 1350 670 1425 ἐς
686 1346 787 1434 ὕβριν
806 1350 1036 1431 τρεπομένοις.
1063 1344 1147 1413 ἀλλά
1166 1346 1242 1426 περὶ

229 1445 426 1514 τὰτοιαῦτα
451 1451 656 1533 διατρίβουσι
677 1447 732 1513 καί
756 1443 909 1532 ἀσχόλοις
933 1438 1032 1512 οὖσιν
1057 1447 1093 1511 έν
1117 1442 1240 1521 αὐτοῖς.
1293 1423 1294 1494 ⁸

230 1547 285 1613 καί
300 1542 383 1625 ὅπερ
399 1551 485 1632 ἔφην
505 1544 542 1611 τό
558 1543 675 1612 κοινόν
692 1542 825 1629 ἀγαθόν
839 1546 893 1611 καί
908 1540 970 1628 τήν
986 1540 1095 1625 ἀκρον
1110 1542 1241 1618 πόλεως

230 1642 463 1729 εὐδαιμονίαν,
480 1642 571 1711 τοῦτ’
585 1649 691 1729 ἔστιν,
706 1640 807 1711 ὁπότε
818 1647 851 1720 ές
864 1668 899 1709 τε
910 1639 1048 1726 είρήνην
1058 1640 1114 1708 καὶ
1127 1642 1162 1718 ές
1178 1638 1241 1706 πό-

230 1752 332 1829 λεμον
347 1742 387 1809 τά
399 1740 517 1825 ἀριστοι
528 1744 823 1827 παρεσκευασμένη
834 1746 987 1825 φαίνοιτο
999 1737 1020 1825 ή
1036 1739 1153 1825 νεότης
1164 1738 1241 1819 περὶ

229 1836 271 1907 τά
286 1840 444 1908 κάλλιστοι
458 1837 538 1925 ήμῑν
554 1839 806 1920 σπουδάζοντες.

315 1944 366 2007 31.
385 1945 520 2006 ΑΝΑΧ.
541 1934 689 2021 Οὐκοῦν,
706 1930 878 2019 ῶΣόλων,
893 1934 937 2023 ἦν
950 1961 1030 2002 ποτε
1045 1932 1127 2021 ὑμίν
1139 1936 1241 2001 έπίω-
1293 2003 1294 2016 ,

170 2096 172 2105 ,
230 2058 285 2105 σιν
309 2042 344 2105 οί
361 2038 529 2123 πολέμιοι,
553 2038 748 2123 χρισάμενοι
766 2044 811 2126 τῷ
834 2038 931 2125 έλαίχο
952 2036 1007 2101 καί
1023 2030 1239 2116 κονισάμενοι
1293 2021 1294 2060 ⁸

230 2134 345 2215 πρόίτε
367 2134 421 2200 καὶ
437 2129 533 2201 αὐτοὶ
550 2131 614 2213 πὺξ
634 2132 693 2211 τὰς
708 2148 819 2220 χεῖρας
837 2132 889 2201 ἐπ’
906 2129 1029 2209 αὑτοὺς
1049 2136 1237 2216 προβεβλη-

231 2234 344 2316 μένοι,
366 2228 515 2298 κάκείνοι
535 2228 661 2317 δηλαδή
684 2228 959 2316 ὑποπτήσσουσιν
974 2228 1060 2315 ὑμᾶς
1082 2231 1137 2295 καί
1154 2227 1241 2312 φεό-

229 2349 328 2416 γουσι
351 2329 494 2407 δεδιότες
515 2330 559 2416 μή
575 2336 670 2414 σφίσι
691 2329 847 2414 κεχηνόσι
866 2330 1007 2414 πάττητε
1023 2325 1085 2414 τήν
1101 2326 1241 2412 ψάμμον

230 2434 263 2507 ές
282 2426 318 2496 τό
337 2429 442 2514 στόμα
461 2424 483 2515 ή
505 2428 809 2513 περιπηδήσαντες,
837 2424 881 2505 ὡς
902 2424 985 2495 κατά
1007 2425 1118 2493 νῶτον
1139 2429 1238 2511 γένη·

171 2602 172 2606 ¹
231 2539 310 2611 σθε,
329 2528 542 2613 περιπλέξητε
557 2524 670 2604 αὐτοῖς
686 2526 726 2593 τά
742 2530 841 2613 σκέλη
858 2529 934 2611 περὶ
947 2524 1009 2613 τήν
1027 2528 1171 2613 γαστέρα
1187 2527 1241 2592 καί

231 2626 385 2712 διάγχητε
396 2622 462 2693 ὑπὸ
474 2624 511 2693 τό
526 2627 651 2711 κράνος
666 2623 891 2713 ὑποβαλόντες
904 2625 965 2694 τὸν
982 2634 1105 2713 πῆχυν·
1129 2630 1187 2693 καὶ
1199 2623 1241 2711 νή

229 2724 288 2795 Δί’
304 2727 387 2793 oc*
352 2752 414 2811 μεν
430 2724 625 2803 τοξεύσουσι
642 2724 780 2811 δήλον
760 2752 811 2793 οτι
823 2725 914 2794 καί’
893 2733 1108 2794 ἀκοντιοῦσιν
1115 2724 1242 2812 ,ὑμῶν

230 2822 317 2892 δὲ
289 2844 402 2908 ωσπερ
422 2820 633 2905 ἀνδριάντων
649 2822 692 2891 οὑ
712 2824 934 2904 καθίξεται
897 2854 937 2893 τα
954 2830 1034 2913 βέλη
1051 2827 1243 2911 κεχρωσμέ-

229 2948 300 2989 νων
321 2919 405 3005 πρὸς
425 2917 485 2987 τόν
506 2918 604 3005 ήλιον
625 2923 680 2988 καὶ
696 2921 784 2990 πολὺ
804 2952 840 2991 το
829 2920 945 3011 ἀἷμα
968 2930 1241 3010 πεπορισμένων·

229 3018 272 3090 οὑ
288 3017 354 3107 γάρ
368 3020 498 3139 καλάμη
514 3022 569 3086 καί
588 3017 742 3104 ἀθέρες“
724 3038 816 3106 υμεῑς
831 3026 920 3108 ἐστε,
941 3020 985 3102 ῶς
999 3022 1133 3108 τάχιστοι
1149 3026 1242 3091 ε’νδι-
1293 3093 1294 3096 ,

230 3118 328 3187 δόναι
350 3116 432 3202 πρός
457 3116 515 3196 τάς
535 3119 680 3205 πληγάς,
705 3118 789 3188 ἀλλά
812 3120 876 3203 ὀψέ
899 3148 979 3190 ποτε
999 3117 1043 3189 ἀν
1066 3124 1121 3188 καὶ
1144 3124 1243 3208 μόλις

229 3218 510 3303 κατατεμνόμενοι
524 3222 645 3305 βαθέσι
656 3234 724 3298 τοϊς
735 3224 921 3306 τραύμασιν
932 3216 1013 3306 αἷμα
1026 3218 1142 3308 ὀλίγον
1154 3219 1242 3288 ὑπο-

139 3342 142 3347 ·
229 3320 376 3394 δείξαιτε.
405 3324 541 3383 τοιαῦτα
558 3315 622 3401 γάρ
639 3319 721 3403 φής,
745 3326 775 3388 εί
789 3318 832 3407 μή
850 3322 942 3387 πάνυ
963 3320 1162 3406 παρήκουσα
1179 3329 1241 3389 τοῦ
1293 3383 1294 3388 ,

229 3419 500 3501 παραδείγματος.
533 3424 584 3485 32.
601 3414 623 3503 ή
643 3416 702 3497 τάς
717 3428 901 3498 πανοπλίας
919 3423 1047 3499 ἐκείνας
1062 3421 1138 3488 τότε
1155 3418 1241 3488 ἀνα·

229 3523 378 3600 λήψεσθε
399 3514 457 3595 τάς
483 3526 547 3584 τῶν
572 3524 743 3608 κωμῳδῶν
763 3546 798 3587 τε
819 3521 873 3586 καὶ
894 3524 1091 3610 τραγῳδῶν,
1115 3524 1172 3589 καὶ
1196 3517 1239 3604 ἢν

1293 3615 1294 3652 ι
