<?xml version="1.0" encoding="UTF-8"?>
<!DOCTYPE html PUBLIC "-//W3C//DTD XHTML 1.0 Transitional//EN"
    "http://www.w3.org/TR/xhtml1/DTD/xhtml1-transitional.dtd">
<html xmlns="http://www.w3.org/1999/xhtml" xml:lang="en" lang="en">
 <head>
  <title>
</title>
<meta http-equiv="Content-Type" content="text/html;charset=utf-8" />
  <meta name='ocr-system' content='tesseract 3.04.00' />
  <meta name='ocr-capabilities' content='ocr_page ocr_carea ocr_par ocr_line ocrx_word'/>
</head>
<body>
  <div class='ocr_page' id='page_1' title='image "./lucianisamosate04jacogoog/lucianisamosate04jacogoog_0223.png"; bbox 0 0 2625 4092; ppageno 0'>
   <div class='ocr_carea' id='block_1_1' title="bbox 374 292 1090 352">
    <p class='ocr_par' dir='ltr' id='par_1_1' title="bbox 374 292 1090 352">
     <span class='ocr_line' id='line_1_1' title="bbox 374 292 1090 352; baseline 0.003 -2"><span class='ocrx_word' id='word_1_1' title='bbox 374 295 810 352; x_wconf 77' lang='grc' dir='ltr'><em>ΨΕΤΔΟΛΟΓΙΣΤΗΣ.</em></span> <span class='ocrx_word' id='word_1_2' title='bbox 1034 292 1090 352; x_wconf 86' lang='grc'><strong><em>167</em></strong></span> 
     </span>
    </p>
   </div>
   <div class='ocr_carea' id='block_1_2' title="bbox 77 450 1159 3578">
    <p class='ocr_par' dir='ltr' id='par_1_2' title="bbox 77 450 1159 3578">
     <span class='ocr_line' id='line_1_2' title="bbox 87 450 1092 539; baseline 0.002 -23"><span class='ocrx_word' id='word_1_3' title='bbox 87 460 255 539; x_wconf 77' lang='grc' dir='ltr'><strong><em>παρρησίᾳ</em></strong></span> <span class='ocrx_word' id='word_1_4' title='bbox 267 455 423 530; x_wconf 80' lang='grc' dir='ltr'><strong><em>συνόντα,</em></strong></span> <span class='ocrx_word' id='word_1_5' title='bbox 443 458 546 537; x_wconf 77' lang='grc' dir='ltr'><strong><em>μηδὲν</em></strong></span> <span class='ocrx_word' id='word_1_6' title='bbox 558 451 724 519; x_wconf 82' lang='grc' dir='ltr'><strong><em>ὀκνοῦντα</em></strong></span> <span class='ocrx_word' id='word_1_7' title='bbox 737 453 918 534; x_wconf 75' lang='grc' dir='ltr'><strong><em>ὀνειδίζειν,</em></strong></span> <span class='ocrx_word' id='word_1_8' title='bbox 937 459 966 518; x_wconf 94' lang='grc' dir='ltr'><strong><em>εἰ</em></strong></span> <span class='ocrx_word' id='word_1_9' title='bbox 976 457 1029 519; x_wconf 84' lang='grc' dir='ltr'><strong><em>καὶ</em></strong></span> <span class='ocrx_word' id='word_1_10' title='bbox 1042 450 1092 518; x_wconf 84' lang='grc' dir='ltr'><strong><em>ότι</em></strong></span> 
     </span>
     <span class='ocr_line' id='line_1_3' title="bbox 85 547 1092 638; baseline 0.001 -23"><span class='ocrx_word' id='word_1_11' title='bbox 85 547 229 634; x_wconf 91' lang='grc' dir='ltr'><strong><em>μάλιστα</em></strong></span> <span class='ocrx_word' id='word_1_12' title='bbox 245 552 405 636; x_wconf 78' lang='grc' dir='ltr'><strong><em>λυπήσειν</em></strong></span> <span class='ocrx_word' id='word_1_13' title='bbox 426 559 539 637; x_wconf 80' lang='grc' dir='ltr'><strong><em>ἔμελλε</em></strong></span> <span class='ocrx_word' id='word_1_14' title='bbox 555 549 633 629; x_wconf 77' lang='grc' dir='ltr'><strong><em>τοὺς</em></strong></span> <span class='ocrx_word' id='word_1_15' title='bbox 653 565 836 633; x_wconf 77' lang='grc' dir='ltr'><strong><em>περιπετεῖς</em></strong></span> <span class='ocrx_word' id='word_1_16' title='bbox 857 553 1035 636; x_wconf 78' lang='grc' dir='ltr'><strong><em>ἐσομένους</em></strong></span> <span class='ocrx_word' id='word_1_17' title='bbox 1053 557 1092 638; x_wconf 77' lang='grc' dir='ltr'><strong><em>τη</em></strong></span> 
     </span>
     <span class='ocr_line' id='line_1_4' title="bbox 85 645 1091 734; baseline 0 -22"><span class='ocrx_word' id='word_1_18' title='bbox 85 655 168 734; x_wconf 80' lang='grc' dir='ltr'><strong><em>χολη</em></strong></span> <span class='ocrx_word' id='word_1_19' title='bbox 183 655 251 713; x_wconf 79' lang='grc' dir='ltr'><strong><em>τῶν</em></strong></span> <span class='ocrx_word' id='word_1_20' title='bbox 267 650 398 734; x_wconf 93' lang='grc' dir='ltr'><strong><em>ἰάμβων</em></strong></span> <span class='ocrx_word' id='word_1_21' title='bbox 413 645 526 714; x_wconf 81' lang='grc' dir='ltr'><strong><em>αὐτοῦ.</em></strong></span> <span class='ocrx_word' id='word_1_22' title='bbox 551 652 674 725; x_wconf 86' lang='grc' dir='ltr'><strong><em>ἐκεῖνος</em></strong></span> <span class='ocrx_word' id='word_1_23' title='bbox 689 657 805 715; x_wconf 88' lang='grc' dir='ltr'><strong><em>τοίνυν</em></strong></span> <span class='ocrx_word' id='word_1_24' title='bbox 823 649 905 730; x_wconf 87' lang='grc' dir='ltr'><strong><em>πρός</em></strong></span> <span class='ocrx_word' id='word_1_25' title='bbox 920 673 1010 724; x_wconf 88' lang='grc' dir='ltr'><strong><em>τινος</em></strong></span> <span class='ocrx_word' id='word_1_26' title='bbox 1024 655 1091 713; x_wconf 83' lang='grc' dir='ltr'><strong><em>των</em></strong></span> 
     </span>
     <span class='ocr_line' id='line_1_5' title="bbox 85 743 1092 831; baseline 0.001 -22"><span class='ocrx_word' id='word_1_27' title='bbox 85 748 251 811; x_wconf 83' lang='grc' dir='ltr'><strong><em>τοιοντων</em></strong></span> <span class='ocrx_word' id='word_1_28' title='bbox 262 743 407 823; x_wconf 85' lang='grc' dir='ltr'><strong><em>άκοόσας</em></strong></span> <span class='ocrx_word' id='word_1_29' title='bbox 421 755 529 823; x_wconf 73' lang='grc' dir='ltr'><strong><em>κακῶς</em></strong></span> <span class='ocrx_word' id='word_1_30' title='bbox 543 748 671 830; x_wconf 80' lang='grc' dir='ltr'><strong><em>τέττιγα</em></strong></span> <span class='ocrx_word' id='word_1_31' title='bbox 687 751 749 831; x_wconf 80' lang='grc' dir='ltr'><strong><em>ἔφη</em></strong></span> <span class='ocrx_word' id='word_1_32' title='bbox 764 743 822 813; x_wconf 85' lang='grc' dir='ltr'><strong><em>τόν</em></strong></span> <span class='ocrx_word' id='word_1_33' title='bbox 838 745 945 829; x_wconf 73' lang='grc' dir='ltr'><strong><em>ἄνδρα</em></strong></span> <span class='ocrx_word' id='word_1_34' title='bbox 960 749 1092 830; x_wconf 86' lang='grc' dir='ltr'><strong><em>εἰληφέ-</em></strong></span> 
     </span>
     <span class='ocr_line' id='line_1_6' title="bbox 85 841 1091 932; baseline 0.001 -25"><span class='ocrx_word' id='word_1_35' title='bbox 85 869 144 907; x_wconf 86' lang='grc' dir='ltr'><strong><em>ναι</em></strong></span> <span class='ocrx_word' id='word_1_36' title='bbox 159 849 219 907; x_wconf 84' lang='grc' dir='ltr'><strong><em>τοῦ</em></strong></span> <span class='ocrx_word' id='word_1_37' title='bbox 234 851 373 928; x_wconf 81' lang='grc' dir='ltr'><strong><em>πτεροῦ,</em></strong></span> <span class='ocrx_word' id='word_1_38' title='bbox 389 844 527 922; x_wconf 78' lang='grc' dir='ltr'><strong><em>εἰκάζων</em></strong></span> <span class='ocrx_word' id='word_1_39' title='bbox 542 841 664 910; x_wconf 82' lang='grc' dir='ltr'><strong><em>ἑαυτὸν</em></strong></span> <span class='ocrx_word' id='word_1_40' title='bbox 679 851 724 932; x_wconf 79' lang='grc' dir='ltr'><strong><em>τῷ</em></strong></span> <span class='ocrx_word' id='word_1_41' title='bbox 739 849 856 930; x_wconf 78' lang='grc' dir='ltr'><strong><em>τέττιγι</em></strong></span> <span class='ocrx_word' id='word_1_42' title='bbox 873 841 889 910; x_wconf 88' lang='grc' dir='ltr'>ὁ</span> <span class='ocrx_word' id='word_1_43' title='bbox 909 841 1091 929; x_wconf 77' lang='grc' dir='ltr'><strong><em>Ἀρχίλοχος</em></strong></span> 
     </span>
     <span class='ocr_line' id='line_1_7' title="bbox 87 940 1090 1029; baseline 0.002 -23"><span class='ocrx_word' id='word_1_44' title='bbox 87 940 188 1024; x_wconf 83' lang='grc' dir='ltr'><strong><em>φάσει</em></strong></span> <span class='ocrx_word' id='word_1_45' title='bbox 203 941 264 1025; x_wconf 78' lang='grc' dir='ltr'><strong><em>μὲν</em></strong></span> <span class='ocrx_word' id='word_1_46' title='bbox 279 942 367 1029; x_wconf 83' lang='grc' dir='ltr'><strong><em>λάλφ</em></strong></span> <span class='ocrx_word' id='word_1_47' title='bbox 383 941 454 1008; x_wconf 85' lang='grc' dir='ltr'><strong><em>όντι</em></strong></span> <span class='ocrx_word' id='word_1_48' title='bbox 465 944 518 1009; x_wconf 76' lang='grc' dir='ltr'><strong><em>καὶ</em></strong></span> <span class='ocrx_word' id='word_1_49' title='bbox 531 942 613 1008; x_wconf 82' lang='grc' dir='ltr'><strong><em>ἄνευ</em></strong></span> <span class='ocrx_word' id='word_1_50' title='bbox 630 940 721 1020; x_wconf 86' lang='grc' dir='ltr'><strong><em>τινός</em></strong></span> <span class='ocrx_word' id='word_1_51' title='bbox 734 941 898 1028; x_wconf 87' lang='grc' dir='ltr'><strong><em>άνάγκης,</em></strong></span> <span class='ocrx_word' id='word_1_52' title='bbox 918 941 1043 1008; x_wconf 86' lang='grc' dir='ltr'><strong><em>ὁπόταν</em></strong></span> <span class='ocrx_word' id='word_1_53' title='bbox 1056 941 1090 1008; x_wconf 73' lang='grc' dir='ltr'><strong><em>δὲ</em></strong></span> 
     </span>
     <span class='ocr_line' id='line_1_8' title="bbox 85 1038 1090 1128; baseline -0.002 -20"><span class='ocrx_word' id='word_1_54' title='bbox 85 1042 142 1108; x_wconf 80' lang='grc' dir='ltr'><strong><em>καὶ</em></strong></span> <span class='ocrx_word' id='word_1_55' title='bbox 158 1047 218 1106; x_wconf 82' lang='grc' dir='ltr'><strong><em>τοῦ</em></strong></span> <span class='ocrx_word' id='word_1_56' title='bbox 233 1050 356 1120; x_wconf 80' lang='grc' dir='ltr'><strong><em>πτεροῦ</em></strong></span> <span class='ocrx_word' id='word_1_57' title='bbox 366 1049 499 1128; x_wconf 73' lang='grc' dir='ltr'><strong><em>ληφθῇ,</em></strong></span> <span class='ocrx_word' id='word_1_58' title='bbox 518 1041 746 1125; x_wconf 84' lang='grc' dir='ltr'><strong><em>γεγωνότερον</em></strong></span> <span class='ocrx_word' id='word_1_59' title='bbox 758 1047 891 1127; x_wconf 80' lang='grc' dir='ltr'><strong><em>βοῶντι.</em></strong></span> <span class='ocrx_word' id='word_1_60' title='bbox 914 1042 968 1107; x_wconf 86' lang='grc' dir='ltr'><strong><em>καὶ</em></strong></span> <span class='ocrx_word' id='word_1_61' title='bbox 983 1038 1025 1106; x_wconf 80' lang='grc' dir='ltr'><strong><em>σὺ</em></strong></span> <span class='ocrx_word' id='word_1_62' title='bbox 1038 1041 1090 1124; x_wconf 81' lang='grc' dir='ltr'><strong><em>δή,</em></strong></span> 
     </span>
     <span class='ocr_line' id='line_1_9' title="bbox 86 1130 1091 1225; baseline -0.005 -20"><span class='ocrx_word' id='word_1_63' title='bbox 86 1145 168 1222; x_wconf 83' lang='grc' dir='ltr'><strong><em>ἔφη,</em></strong></span> <span class='ocrx_word' id='word_1_64' title='bbox 197 1130 223 1204; x_wconf 79' lang='grc' dir='ltr'><strong><em>εδ</em></strong></span> <span class='ocrx_word' id='word_1_65' title='bbox 245 1140 448 1224; x_wconf 88' lang='grc' dir='ltr'><strong><em>κακόδαιμον</em></strong></span> <span class='ocrx_word' id='word_1_66' title='bbox 468 1138 645 1222; x_wconf 85' lang='grc' dir='ltr'><strong><em>άνθρωπε,</em></strong></span> <span class='ocrx_word' id='word_1_67' title='bbox 672 1147 705 1206; x_wconf 90' lang='grc' dir='ltr'><strong><em>τί</em></strong></span> <span class='ocrx_word' id='word_1_68' title='bbox 724 1141 929 1225; x_wconf 88' lang='grc' dir='ltr'><strong><em>βουλόμενος</em></strong></span> <span class='ocrx_word' id='word_1_69' title='bbox 953 1134 1091 1222; x_wconf 84' lang='grc' dir='ltr'><strong><em>ποιητην</em></strong></span> 
     </span>
     <span class='ocr_line' id='line_1_10' title="bbox 83 1233 1159 1322; baseline -0.003 -20"><span class='ocrx_word' id='word_1_70' title='bbox 83 1238 191 1303; x_wconf 85' lang='grc' dir='ltr'><strong><em>λάλον</em></strong></span> <span class='ocrx_word' id='word_1_71' title='bbox 203 1238 401 1322; x_wconf 81' lang='grc' dir='ltr'><strong><em>παροξύνεις</em></strong></span> <span class='ocrx_word' id='word_1_72' title='bbox 414 1242 467 1306; x_wconf 80' lang='grc' dir='ltr'><strong><em>ἐπὶ</em></strong></span> <span class='ocrx_word' id='word_1_73' title='bbox 481 1236 624 1306; x_wconf 83' lang='grc' dir='ltr'><strong><em>σεαυτόν</em></strong></span> <span class='ocrx_word' id='word_1_74' title='bbox 640 1242 744 1314; x_wconf 90' lang='grc' dir='ltr'><strong><em>αἰτίας</em></strong></span> <span class='ocrx_word' id='word_1_75' title='bbox 760 1242 919 1321; x_wconf 81' lang='grc' dir='ltr'><strong><em>ζητοῦντα</em></strong></span> <span class='ocrx_word' id='word_1_76' title='bbox 935 1240 988 1302; x_wconf 82' lang='grc' dir='ltr'><strong><em>καὶ</em></strong></span> <span class='ocrx_word' id='word_1_77' title='bbox 1005 1233 1090 1301; x_wconf 83' lang='grc' dir='ltr'><strong><em>ὑπο·</em></strong></span> <span class='ocrx_word' id='word_1_78' title='bbox 1110 1245 1159 1299; x_wconf 75' lang='grc'><strong><em>163</em></strong></span> 
     </span>
     <span class='ocr_line' id='line_1_11' title="bbox 83 1329 1090 1420; baseline -0.005 -19"><span class='ocrx_word' id='word_1_79' title='bbox 83 1338 197 1410; x_wconf 82' lang='grc' dir='ltr'><strong><em>θέσεις</em></strong></span> <span class='ocrx_word' id='word_1_80' title='bbox 217 1349 285 1411; x_wconf 89' lang='grc' dir='ltr'><strong><em>τοῖς</em></strong></span> <span class='ocrx_word' id='word_1_81' title='bbox 298 1336 446 1420; x_wconf 83' lang='grc' dir='ltr'><strong><em>ἰάμβοις;</em></strong></span> <span class='ocrx_word' id='word_1_82' title='bbox 479 1342 508 1400; x_wconf 78' lang='lat'><strong><em>2.</em></strong></span> <span class='ocrx_word' id='word_1_83' title='bbox 526 1335 629 1400; x_wconf 83' lang='grc' dir='ltr'><strong><em>ταῦτά</em></strong></span> <span class='ocrx_word' id='word_1_84' title='bbox 648 1354 701 1401; x_wconf 91' lang='grc' dir='ltr'><strong><em>σοι</em></strong></span> <span class='ocrx_word' id='word_1_85' title='bbox 723 1336 777 1401; x_wconf 85' lang='grc' dir='ltr'><strong><em>καί</em></strong></span> <span class='ocrx_word' id='word_1_86' title='bbox 794 1330 893 1409; x_wconf 82' lang='grc' dir='ltr'><strong><em>αότὸς</em></strong></span> <span class='ocrx_word' id='word_1_87' title='bbox 910 1330 1035 1399; x_wconf 75' lang='grc' dir='ltr'><strong><em>άπειλοί</em></strong></span> <span class='ocrx_word' id='word_1_88' title='bbox 1050 1329 1090 1397; x_wconf 82' lang='grc' dir='ltr'><strong><em>οὐ</em></strong></span> 
     </span>
     <span class='ocr_line' id='line_1_12' title="bbox 83 1428 1090 1522; baseline -0.004 -24"><span class='ocrx_word' id='word_1_89' title='bbox 83 1430 130 1517; x_wconf 82' lang='grc' dir='ltr'><strong><em>μά</em></strong></span> <span class='ocrx_word' id='word_1_90' title='bbox 144 1428 203 1497; x_wconf 87' lang='grc' dir='ltr'><strong><em>τόν</em></strong></span> <span class='ocrx_word' id='word_1_91' title='bbox 210 1437 278 1499; x_wconf 88' lang='grc' dir='ltr'><strong><em>Δία</em></strong></span> <span class='ocrx_word' id='word_1_92' title='bbox 289 1442 335 1522; x_wconf 76' lang='grc' dir='ltr'><strong><em>τῷ</em></strong></span> <span class='ocrx_word' id='word_1_93' title='bbox 347 1431 521 1522; x_wconf 80' lang='grc' dir='ltr'><strong><em>Ἀρχιλόχῳ</em></strong></span> <span class='ocrx_word' id='word_1_94' title='bbox 535 1434 672 1511; x_wconf 80' lang='grc' dir='ltr'><strong><em>εἰκάζων</em></strong></span> <span class='ocrx_word' id='word_1_95' title='bbox 684 1433 854 1498; x_wconf 79' lang='grc' dir='ltr'><strong><em>ἑαυτόν-</em></strong></span> <span class='ocrx_word' id='word_1_96' title='bbox 865 1429 992 1510; x_wconf 80' lang='grc' dir='ltr'><strong><em>πόθεν;</em></strong></span> <span class='ocrx_word' id='word_1_97' title='bbox 1009 1438 1090 1495; x_wconf 93' lang='grc' dir='ltr'><strong><em>πολ-</em></strong></span> 
     </span>
     <span class='ocr_line' id='line_1_13' title="bbox 84 1525 1090 1614; baseline -0.005 -17"><span class='ocrx_word' id='word_1_98' title='bbox 84 1539 148 1597; x_wconf 82' lang='grc' dir='ltr'><strong><em>λοῦ</em></strong></span> <span class='ocrx_word' id='word_1_99' title='bbox 163 1556 201 1614; x_wconf 91' lang='grc' dir='ltr'><strong><em>γε</em></strong></span> <span class='ocrx_word' id='word_1_100' title='bbox 219 1532 273 1597; x_wconf 77' lang='grc' dir='ltr'><strong><em>καὶ</em></strong></span> <span class='ocrx_word' id='word_1_101' title='bbox 293 1533 357 1596; x_wconf 88' lang='grc' dir='ltr'><strong><em>δέω</em></strong></span> <span class='ocrx_word' id='word_1_102' title='bbox 375 1570 411 1579; x_wconf 92' lang='grc'>-</span> <span class='ocrx_word' id='word_1_103' title='bbox 432 1534 483 1596; x_wconf 80' lang='grc' dir='ltr'><strong><em>σοὶ</em></strong></span> <span class='ocrx_word' id='word_1_104' title='bbox 505 1533 539 1595; x_wconf 77' lang='grc' dir='ltr'><strong><em>δὲ</em></strong></span> <span class='ocrx_word' id='word_1_105' title='bbox 562 1539 665 1613; x_wconf 89' lang='grc' dir='ltr'><strong><em>μυρία</em></strong></span> <span class='ocrx_word' id='word_1_106' title='bbox 681 1527 842 1607; x_wconf 76' lang='grc' dir='ltr'><strong><em>συνειδώς</em></strong></span> <span class='ocrx_word' id='word_1_107' title='bbox 863 1530 993 1613; x_wconf 89' lang='grc' dir='ltr'><strong><em>ἰάμβων</em></strong></span> <span class='ocrx_word' id='word_1_108' title='bbox 1017 1525 1090 1605; x_wconf 84' lang='grc' dir='ltr'><strong><em>άξια</em></strong></span> 
     </span>
     <span class='ocr_line' id='line_1_14' title="bbox 84 1621 1091 1714; baseline -0.004 -21"><span class='ocrx_word' id='word_1_109' title='bbox 84 1629 289 1714; x_wconf 86' lang='grc' dir='ltr'><strong><em>βεβιωμένα,</em></strong></span> <span class='ocrx_word' id='word_1_110' title='bbox 305 1625 387 1709; x_wconf 84' lang='grc' dir='ltr'><strong><em>πρὸς</em></strong></span> <span class='ocrx_word' id='word_1_111' title='bbox 400 1626 422 1692; x_wconf 85' lang='grc' dir='ltr'><strong><em>ά</em></strong></span> <span class='ocrx_word' id='word_1_112' title='bbox 434 1654 489 1711; x_wconf 93' lang='grc' dir='ltr'><strong><em>μοι</em></strong></span> <span class='ocrx_word' id='word_1_113' title='bbox 505 1633 597 1693; x_wconf 89' lang='grc' dir='ltr'><strong><em>δοκεῖ</em></strong></span> <span class='ocrx_word' id='word_1_114' title='bbox 612 1624 686 1694; x_wconf 82' lang='grc' dir='ltr'><strong><em>οὐδ’</em></strong></span> <span class='ocrx_word' id='word_1_115' title='bbox 706 1623 777 1694; x_wconf 86' lang='grc' dir='ltr'><strong><em>άνὸ</em></strong></span> <span class='ocrx_word' id='word_1_116' title='bbox 792 1624 975 1710; x_wconf 78' lang='grc' dir='ltr'><strong><em>Ἀρχίλοχος</em></strong></span> <span class='ocrx_word' id='word_1_117' title='bbox 990 1621 1091 1701; x_wconf 82' lang='grc' dir='ltr'><strong><em>αὐτὸς</em></strong></span> 
     </span>
     <span class='ocr_line' id='line_1_15' title="bbox 84 1720 1090 1810; baseline -0.005 -18"><span class='ocrx_word' id='word_1_118' title='bbox 84 1727 256 1806; x_wconf 77' lang='grc' dir='ltr'><strong><em>διαρκέσαι</em></strong></span> <span class='ocrx_word' id='word_1_119' title='bbox 271 1729 588 1807; x_wconf 87' lang='grc' dir='ltr'><strong><em>προσπαρακαλέσας</em></strong></span> <span class='ocrx_word' id='word_1_120' title='bbox 603 1727 656 1792; x_wconf 82' lang='grc' dir='ltr'><strong><em>καί</em></strong></span> <span class='ocrx_word' id='word_1_121' title='bbox 677 1723 736 1790; x_wconf 84' lang='grc' dir='ltr'><strong><em>τόν</em></strong></span> <span class='ocrx_word' id='word_1_122' title='bbox 751 1729 945 1810; x_wconf 76' lang='grc' dir='ltr'><strong><em>Σιμωνίδην</em></strong></span> <span class='ocrx_word' id='word_1_123' title='bbox 962 1725 1015 1791; x_wconf 83' lang='grc' dir='ltr'><strong><em>καὶ</em></strong></span> <span class='ocrx_word' id='word_1_124' title='bbox 1030 1720 1090 1789; x_wconf 86' lang='grc' dir='ltr'><strong><em>τόν</em></strong></span> 
     </span>
     <span class='ocr_line' id='line_1_16' title="bbox 77 1817 1086 1908; baseline -0.006 -17"><span class='ocrx_word' id='word_1_125' title='bbox 77 1822 285 1891; x_wconf 75' lang='grc' dir='ltr'><strong><em>Ἱππώνακτα</em></strong></span> <span class='ocrx_word' id='word_1_126' title='bbox 297 1837 473 1908; x_wconf 77' lang='grc' dir='ltr'><strong><em>συμποιεῖν</em></strong></span> <span class='ocrx_word' id='word_1_127' title='bbox 487 1819 557 1907; x_wconf 87' lang='grc' dir='ltr'><strong><em>μετ’</em></strong></span> <span class='ocrx_word' id='word_1_128' title='bbox 570 1819 674 1888; x_wconf 79' lang='grc' dir='ltr'><strong><em>αὐτοῦ</em></strong></span> <span class='ocrx_word' id='word_1_129' title='bbox 689 1817 754 1888; x_wconf 83' lang='grc' dir='ltr'><strong><em>κάν</em></strong></span> <span class='ocrx_word' id='word_1_130' title='bbox 769 1825 806 1888; x_wconf 83' lang='grc' dir='ltr'><strong><em>ἕν</em></strong></span> <span class='ocrx_word' id='word_1_131' title='bbox 817 1849 848 1888; x_wconf 91' lang='grc' dir='ltr'><strong><em>τι</em></strong></span> <span class='ocrx_word' id='word_1_132' title='bbox 859 1827 927 1886; x_wconf 81' lang='grc' dir='ltr'><strong><em>τῶν</em></strong></span> <span class='ocrx_word' id='word_1_133' title='bbox 942 1819 1086 1904; x_wconf 90' lang='grc' dir='ltr'><strong><em>προσόν-</em></strong></span> 
     </span>
     <span class='ocr_line' id='line_1_17' title="bbox 83 1914 1088 2004; baseline -0.008 -16"><span class='ocrx_word' id='word_1_134' title='bbox 83 1948 152 1988; x_wconf 91' lang='grc' dir='ltr'><strong><em>των</em></strong></span> <span class='ocrx_word' id='word_1_135' title='bbox 168 1942 221 1987; x_wconf 91' lang='grc' dir='ltr'><strong><em>σοι</em></strong></span> <span class='ocrx_word' id='word_1_136' title='bbox 242 1928 363 1988; x_wconf 79' lang='grc' dir='ltr'><strong><em>κακῶν.</em></strong></span> <span class='ocrx_word' id='word_1_137' title='bbox 394 1914 500 1998; x_wconf 82' lang='grc' dir='ltr'><strong><em>οὕτως</em></strong></span> <span class='ocrx_word' id='word_1_138' title='bbox 514 1920 557 1986; x_wconf 84' lang='grc' dir='ltr'><strong><em>σύ</em></strong></span> <span class='ocrx_word' id='word_1_139' title='bbox 574 1946 611 2004; x_wconf 89' lang='grc' dir='ltr'><strong><em>γε</em></strong></span> <span class='ocrx_word' id='word_1_140' title='bbox 627 1925 746 1997; x_wconf 87' lang='grc' dir='ltr'><strong><em>παῖδας</em></strong></span> <span class='ocrx_word' id='word_1_141' title='bbox 761 1919 933 2004; x_wconf 81' lang='grc' dir='ltr'><strong><em>ἀπέφηνας</em></strong></span> <span class='ocrx_word' id='word_1_142' title='bbox 951 1919 986 1982; x_wconf 87' lang='grc' dir='ltr'><strong><em>έν</em></strong></span> <span class='ocrx_word' id='word_1_143' title='bbox 1002 1915 1088 2002; x_wconf 88' lang='grc' dir='ltr'><strong><em>πάση</em></strong></span> 
     </span>
     <span class='ocr_line' id='line_1_18' title="bbox 83 2012 1088 2106; baseline -0.007 -21"><span class='ocrx_word' id='word_1_144' title='bbox 83 2024 243 2106; x_wconf 78' lang='grc' dir='ltr'><strong><em>βδελυρίᾳ</em></strong></span> <span class='ocrx_word' id='word_1_145' title='bbox 264 2017 323 2086; x_wconf 86' lang='grc' dir='ltr'><strong><em>τόν</em></strong></span> <span class='ocrx_word' id='word_1_146' title='bbox 344 2018 569 2104; x_wconf 85' lang='grc' dir='ltr'><strong><em>Ὀροδοικίδην</em></strong></span> <span class='ocrx_word' id='word_1_147' title='bbox 589 2021 643 2084; x_wconf 84' lang='grc' dir='ltr'><strong><em>καὶ</em></strong></span> <span class='ocrx_word' id='word_1_148' title='bbox 664 2017 723 2084; x_wconf 87' lang='grc' dir='ltr'><strong><em>τόν</em></strong></span> <span class='ocrx_word' id='word_1_149' title='bbox 742 2018 930 2102; x_wconf 88' lang='grc' dir='ltr'><strong><em>Λυκάμβην</em></strong></span> <span class='ocrx_word' id='word_1_150' title='bbox 951 2018 1004 2082; x_wconf 84' lang='grc' dir='ltr'><strong><em>καὶ</em></strong></span> <span class='ocrx_word' id='word_1_151' title='bbox 1029 2012 1088 2080; x_wconf 84' lang='grc' dir='ltr'><strong><em>τόν</em></strong></span> 
     </span>
     <span class='ocr_line' id='line_1_19' title="bbox 84 2114 1090 2201; baseline -0.007 -19"><span class='ocrx_word' id='word_1_152' title='bbox 84 2118 279 2199; x_wconf 85' lang='grc' dir='ltr'><strong><em>Βούπαλον,</em></strong></span> <span class='ocrx_word' id='word_1_153' title='bbox 303 2114 382 2194; x_wconf 83' lang='grc' dir='ltr'><strong><em>τούς</em></strong></span> <span class='ocrx_word' id='word_1_154' title='bbox 404 2121 541 2183; x_wconf 82' lang='grc' dir='ltr'><strong><em>ἐκείνων</em></strong></span> <span class='ocrx_word' id='word_1_155' title='bbox 559 2117 710 2201; x_wconf 87' lang='grc' dir='ltr'><strong><em>ἰάμβους.</em></strong></span> <span class='ocrx_word' id='word_1_156' title='bbox 744 2117 796 2182; x_wconf 83' lang='grc' dir='ltr'><strong><em>καὶ</em></strong></span> <span class='ocrx_word' id='word_1_157' title='bbox 823 2120 908 2180; x_wconf 80' lang='grc' dir='ltr'><strong><em>ἔοικε</em></strong></span> <span class='ocrx_word' id='word_1_158' title='bbox 931 2119 1022 2179; x_wconf 77' lang='grc' dir='ltr'><strong><em>θεῶν</em></strong></span> <span class='ocrx_word' id='word_1_159' title='bbox 1043 2137 1090 2188; x_wconf 88' lang='grc' dir='ltr'><strong><em>τις</em></strong></span> 
     </span>
     <span class='ocr_line' id='line_1_20' title="bbox 84 2209 1089 2299; baseline -0.006 -19"><span class='ocrx_word' id='word_1_160' title='bbox 84 2215 136 2280; x_wconf 82' lang='grc' dir='ltr'><strong><em>ἐπὶ</em></strong></span> <span class='ocrx_word' id='word_1_161' title='bbox 150 2221 256 2298; x_wconf 82' lang='grc' dir='ltr'><strong><em>χεῖλος</em></strong></span> <span class='ocrx_word' id='word_1_162' title='bbox 271 2211 408 2298; x_wconf 85' lang='grc' dir='ltr'><strong><em>άγαγεῖν</em></strong></span> <span class='ocrx_word' id='word_1_163' title='bbox 422 2236 474 2279; x_wconf 92' lang='grc' dir='ltr'><strong><em>σοι</em></strong></span> <span class='ocrx_word' id='word_1_164' title='bbox 496 2214 568 2278; x_wconf 91' lang='grc' dir='ltr'><strong><em>τότε</em></strong></span> <span class='ocrx_word' id='word_1_165' title='bbox 590 2209 648 2277; x_wconf 83' lang='grc' dir='ltr'><strong><em>τόν</em></strong></span> <span class='ocrx_word' id='word_1_166' title='bbox 666 2215 772 2297; x_wconf 89' lang='grc' dir='ltr'><strong><em>γέλων</em></strong></span> <span class='ocrx_word' id='word_1_167' title='bbox 792 2214 842 2278; x_wconf 83' lang='grc' dir='ltr'><strong><em>ε’πί</em></strong></span> <span class='ocrx_word' id='word_1_168' title='bbox 857 2218 896 2299; x_wconf 74' lang='grc' dir='ltr'><strong><em>τῇ</em></strong></span> <span class='ocrx_word' id='word_1_169' title='bbox 918 2209 1089 2291; x_wconf 87' lang='grc' dir='ltr'><strong><em>άποφράδι</em></strong></span> 
     </span>
     <span class='ocr_line' id='line_1_21' title="bbox 83 2309 1087 2398; baseline -0.006 -20"><span class='ocrx_word' id='word_1_170' title='bbox 83 2317 254 2398; x_wconf 81' lang='grc' dir='ltr'><strong><em>λεχθείσῃ,</em></strong></span> <span class='ocrx_word' id='word_1_171' title='bbox 273 2309 317 2388; x_wconf 85' lang='grc' dir='ltr'><strong><em>ὡς</em></strong></span> <span class='ocrx_word' id='word_1_172' title='bbox 331 2310 430 2389; x_wconf 82' lang='grc' dir='ltr'><strong><em>αὐτὸς</em></strong></span> <span class='ocrx_word' id='word_1_173' title='bbox 444 2314 506 2397; x_wconf 76' lang='grc' dir='ltr'><strong><em>μὲν</em></strong></span> <span class='ocrx_word' id='word_1_174' title='bbox 517 2319 668 2378; x_wconf 82' lang='grc' dir='ltr'><strong><em>Σκυθῶν</em></strong></span> <span class='ocrx_word' id='word_1_175' title='bbox 683 2313 967 2395; x_wconf 89' lang='grc' dir='ltr'><strong><em>καταφανέστερος</em></strong></span> <span class='ocrx_word' id='word_1_176' title='bbox 979 2311 1087 2390; x_wconf 88' lang='grc' dir='ltr'><strong><em>γένοιο</em></strong></span> 
     </span>
     <span class='ocr_line' id='line_1_22' title="bbox 84 2406 1088 2494; baseline -0.004 -19"><span class='ocrx_word' id='word_1_177' title='bbox 84 2415 204 2494; x_wconf 72' lang='grc' dir='ltr'><strong><em>κομιδῇ</em></strong></span> <span class='ocrx_word' id='word_1_178' title='bbox 220 2407 419 2487; x_wconf 81' lang='grc' dir='ltr'><strong><em>ἀπαίδευτος</em></strong></span> <span class='ocrx_word' id='word_1_179' title='bbox 433 2406 481 2476; x_wconf 82' lang='grc' dir='ltr'><strong><em>τόν</em></strong></span> <span class='ocrx_word' id='word_1_180' title='bbox 494 2415 547 2476; x_wconf 81' lang='grc' dir='ltr'><strong><em>καὶ</em></strong></span> <span class='ocrx_word' id='word_1_181' title='bbox 562 2410 601 2476; x_wconf 85' lang='grc' dir='ltr'><strong><em>τά</em></strong></span> <span class='ocrx_word' id='word_1_182' title='bbox 619 2409 715 2477; x_wconf 82' lang='grc' dir='ltr'><strong><em>κοινά</em></strong></span> <span class='ocrx_word' id='word_1_183' title='bbox 734 2418 837 2476; x_wconf 80' lang='grc' dir='ltr'><strong><em>ταῦτα</em></strong></span> <span class='ocrx_word' id='word_1_184' title='bbox 852 2411 905 2475; x_wconf 82' lang='grc' dir='ltr'><strong><em>καὶ</em></strong></span> <span class='ocrx_word' id='word_1_185' title='bbox 920 2407 958 2473; x_wconf 83' lang='grc' dir='ltr'><strong><em>τά</em></strong></span> <span class='ocrx_word' id='word_1_186' title='bbox 976 2410 1011 2472; x_wconf 85' lang='grc' dir='ltr'><strong><em>ἐν</em></strong></span> <span class='ocrx_word' id='word_1_187' title='bbox 1026 2433 1088 2472; x_wconf 92' lang='grc' dir='ltr'><strong><em>πο-</em></strong></span> 
     </span>
     <span class='ocr_line' id='line_1_23' title="bbox 84 2503 1089 2593; baseline -0.004 -20"><span class='ocrx_word' id='word_1_188' title='bbox 84 2510 139 2574; x_wconf 84' lang='grc' dir='ltr'><strong><em>σὶν</em></strong></span> <span class='ocrx_word' id='word_1_189' title='bbox 154 2505 304 2592; x_wconf 81' lang='grc' dir='ltr'><strong><em>άγνοῶν,</em></strong></span> <span class='ocrx_word' id='word_1_190' title='bbox 321 2505 426 2592; x_wconf 74' lang='grc' dir='ltr'><strong><em>ἀρχὴν</em></strong></span> <span class='ocrx_word' id='word_1_191' title='bbox 443 2509 479 2574; x_wconf 74' lang='grc' dir='ltr'><strong><em>δὲ</em></strong></span> <span class='ocrx_word' id='word_1_192' title='bbox 496 2507 637 2592; x_wconf 85' lang='grc' dir='ltr'><strong><em>εόλογον</em></strong></span> <span class='ocrx_word' id='word_1_193' title='bbox 651 2511 833 2593; x_wconf 89' lang='grc' dir='ltr'><strong><em>παράσχοις</em></strong></span> <span class='ocrx_word' id='word_1_194' title='bbox 844 2514 911 2572; x_wconf 77' lang='grc' dir='ltr'><strong><em>τάν</em></strong></span> <span class='ocrx_word' id='word_1_195' title='bbox 928 2503 1009 2572; x_wconf 87' lang='grc' dir='ltr'><strong><em>κατά</em></strong></span> <span class='ocrx_word' id='word_1_196' title='bbox 1026 2511 1089 2571; x_wconf 83' lang='grc' dir='ltr'><strong><em>σοῦ</em></strong></span> 
     </span>
     <span class='ocr_line' id='line_1_24' title="bbox 84 2603 1087 2694; baseline -0.005 -22"><span class='ocrx_word' id='word_1_197' title='bbox 84 2608 196 2691; x_wconf 90' lang='grc' dir='ltr'><strong><em>λόγων</em></strong></span> <span class='ocrx_word' id='word_1_198' title='bbox 207 2603 305 2687; x_wconf 85' lang='grc' dir='ltr'><strong><em>άνδρί</em></strong></span> <span class='ocrx_word' id='word_1_199' title='bbox 316 2608 483 2694; x_wconf 80' lang='grc' dir='ltr'><strong><em>ἐλευθέρῳ</em></strong></span> <span class='ocrx_word' id='word_1_200' title='bbox 498 2610 552 2674; x_wconf 83' lang='grc' dir='ltr'><strong><em>καί</em></strong></span> <span class='ocrx_word' id='word_1_201' title='bbox 564 2612 701 2674; x_wconf 87' lang='grc' dir='ltr'><strong><em>οἰκοθέν</em></strong></span> <span class='ocrx_word' id='word_1_202' title='bbox 713 2629 748 2672; x_wconf 86' lang='grc' dir='ltr'><strong><em>σε</em></strong></span> <span class='ocrx_word' id='word_1_203' title='bbox 761 2606 906 2689; x_wconf 81' lang='grc' dir='ltr'><strong><em>άκριβώς</em></strong></span> <span class='ocrx_word' id='word_1_204' title='bbox 922 2603 1022 2670; x_wconf 90' lang='grc' dir='ltr'><strong><em>εἰδότι</em></strong></span> <span class='ocrx_word' id='word_1_205' title='bbox 1035 2605 1087 2668; x_wconf 81' lang='grc' dir='ltr'><strong><em>καὶ</em></strong></span> 
     </span>
     <span class='ocr_line' id='line_1_25' title="bbox 83 2701 1087 2794; baseline -0.004 -24"><span class='ocrx_word' id='word_1_206' title='bbox 83 2707 187 2790; x_wconf 77' lang='grc' dir='ltr'><strong><em>μηδὲν</em></strong></span> <span class='ocrx_word' id='word_1_207' title='bbox 201 2701 473 2794; x_wconf 78' lang='grc' dir='ltr'><strong><em>ὑποστελλομένῳ</em></strong></span> <span class='ocrx_word' id='word_1_208' title='bbox 494 2703 530 2770; x_wconf 86' lang='grc' dir='ltr'><strong><em>τό</em></strong></span> <span class='ocrx_word' id='word_1_209' title='bbox 546 2705 590 2790; x_wconf 80' lang='grc' dir='ltr'><strong><em>μη</em></strong></span> <span class='ocrx_word' id='word_1_210' title='bbox 611 2704 682 2790; x_wconf 77' lang='grc' dir='ltr'><strong><em>οὐχὶ</em></strong></span> <span class='ocrx_word' id='word_1_211' title='bbox 700 2705 808 2770; x_wconf 89' lang='grc' dir='ltr'><strong><em>πάντα</em></strong></span> <span class='ocrx_word' id='word_1_212' title='bbox 826 2707 980 2782; x_wconf 84' lang='grc' dir='ltr'><strong><em>ἐξειπεῖν,</em></strong></span> <span class='ocrx_word' id='word_1_213' title='bbox 1004 2709 1087 2785; x_wconf 81' lang='grc' dir='ltr'><strong><em>μάλ-</em></strong></span> 
     </span>
     <span class='ocr_line' id='line_1_26' title="bbox 83 2798 1156 2888; baseline -0.004 -18"><span class='ocrx_word' id='word_1_214' title='bbox 83 2813 144 2870; x_wconf 91' lang='grc' dir='ltr'><strong><em>λον</em></strong></span> <span class='ocrx_word' id='word_1_215' title='bbox 159 2803 195 2869; x_wconf 76' lang='grc' dir='ltr'><strong><em>δὲ</em></strong></span> <span class='ocrx_word' id='word_1_216' title='bbox 216 2809 354 2886; x_wconf 82' lang='grc' dir='ltr'><strong><em>κηρῦξαι</em></strong></span> <span class='ocrx_word' id='word_1_217' title='bbox 375 2799 397 2868; x_wconf 73' lang='grc' dir='ltr'><strong><em>δι’</em></strong></span> <span class='ocrx_word' id='word_1_218' title='bbox 412 2803 567 2886; x_wconf 88' lang='grc' dir='ltr'><strong><em>πράττεις</em></strong></span> <span class='ocrx_word' id='word_1_219' title='bbox 583 2804 715 2887; x_wconf 87' lang='grc' dir='ltr'><strong><em>νόκτωρ</em></strong></span> <span class='ocrx_word' id='word_1_220' title='bbox 731 2807 785 2870; x_wconf 86' lang='grc' dir='ltr'><strong><em>καὶ</em></strong></span> <span class='ocrx_word' id='word_1_221' title='bbox 800 2800 879 2888; x_wconf 87' lang='grc' dir='ltr'><strong><em>μεθ’</em></strong></span> <span class='ocrx_word' id='word_1_222' title='bbox 898 2798 1024 2886; x_wconf 80' lang='grc' dir='ltr'><strong><em>ἡμέραν</em></strong></span> <span class='ocrx_word' id='word_1_223' title='bbox 1041 2807 1085 2867; x_wconf 85' lang='grc' dir='ltr'><strong><em>ἔτι</em></strong></span> <span class='ocrx_word' id='word_1_224' title='bbox 1109 2822 1156 2876; x_wconf 76' lang='lat'><strong><em>164</em></strong></span> 
     </span>
     <span class='ocr_line' id='line_1_27' title="bbox 83 2899 1087 2985; baseline -0.005 -16"><span class='ocrx_word' id='word_1_225' title='bbox 83 2904 137 2969; x_wconf 82' lang='grc' dir='ltr'><strong><em>καλ</em></strong></span> <span class='ocrx_word' id='word_1_226' title='bbox 150 2908 215 2967; x_wconf 83' lang='grc' dir='ltr'><strong><em>νυν</em></strong></span> <span class='ocrx_word' id='word_1_227' title='bbox 227 2903 278 2966; x_wconf 82' lang='grc' dir='ltr'><strong><em>ἐπὶ</em></strong></span> <span class='ocrx_word' id='word_1_228' title='bbox 292 2910 425 2979; x_wconf 88' lang='grc' dir='ltr'><strong><em>πολλοῖς</em></strong></span> <span class='ocrx_word' id='word_1_229' title='bbox 438 2917 506 2980; x_wconf 90' lang='grc' dir='ltr'><strong><em>τοῖς</em></strong></span> <span class='ocrx_word' id='word_1_230' title='bbox 517 2907 596 2985; x_wconf 87' lang='grc' dir='ltr'><strong><em>πρὶν</em></strong></span> <span class='ocrx_word' id='word_1_231' title='bbox 609 2907 755 2978; x_wconf 85' lang='grc' dir='ltr'><strong><em>ἐκείνοις.</em></strong></span> <span class='ocrx_word' id='word_1_232' title='bbox 780 2907 808 2966; x_wconf 85' lang='lat'><strong><em>3.</em></strong></span> <span class='ocrx_word' id='word_1_233' title='bbox 827 2907 932 2967; x_wconf 89' lang='grc' dir='ltr'><strong><em>καίτοι</em></strong></span> <span class='ocrx_word' id='word_1_234' title='bbox 947 2899 1087 2985; x_wconf 90' lang='grc' dir='ltr'><strong><em>μάταιον</em></strong></span> 
     </span>
     <span class='ocr_line' id='line_1_28' title="bbox 83 2997 1088 3088; baseline -0.002 -21"><span class='ocrx_word' id='word_1_235' title='bbox 83 3012 162 3076; x_wconf 88' lang='grc' dir='ltr'><strong><em>ἰσως</em></strong></span> <span class='ocrx_word' id='word_1_236' title='bbox 173 2999 227 3067; x_wconf 84' lang='grc' dir='ltr'><strong><em>καὶ</em></strong></span> <span class='ocrx_word' id='word_1_237' title='bbox 240 2998 391 3081; x_wconf 85' lang='grc' dir='ltr'><strong><em>περιττόν</em></strong></span> <span class='ocrx_word' id='word_1_238' title='bbox 403 3003 439 3066; x_wconf 85' lang='grc' dir='ltr'><strong><em>έν</em></strong></span> <span class='ocrx_word' id='word_1_239' title='bbox 450 3005 600 3078; x_wconf 89' lang='grc' dir='ltr'><strong><em>παιδείας</em></strong></span> <span class='ocrx_word' id='word_1_240' title='bbox 611 3002 703 3088; x_wconf 78' lang='grc' dir='ltr'><strong><em>νόμῳ</em></strong></span> <span class='ocrx_word' id='word_1_241' title='bbox 714 3001 994 3084; x_wconf 79' lang='grc' dir='ltr'><strong><em>παρρησιάζεσθαι</em></strong></span> <span class='ocrx_word' id='word_1_242' title='bbox 1006 2997 1088 3082; x_wconf 83' lang='grc' dir='ltr'><strong><em>πρὸς</em></strong></span> 
     </span>
     <span class='ocr_line' id='line_1_29' title="bbox 83 3094 1082 3184; baseline -0.004 -18"><span class='ocrx_word' id='word_1_243' title='bbox 83 3105 134 3166; x_wconf 89' lang='grc' dir='ltr'><strong><em>σέ·</em></strong></span> <span class='ocrx_word' id='word_1_244' title='bbox 157 3096 234 3164; x_wconf 74' lang='grc' dir='ltr'><strong><em>οὔτε</em></strong></span> <span class='ocrx_word' id='word_1_245' title='bbox 245 3097 310 3182; x_wconf 81' lang='grc' dir='ltr'><strong><em>γάρ</em></strong></span> <span class='ocrx_word' id='word_1_246' title='bbox 320 3094 364 3164; x_wconf 84' lang='grc' dir='ltr'><strong><em>άν</em></strong></span> <span class='ocrx_word' id='word_1_247' title='bbox 376 3097 477 3175; x_wconf 84' lang='grc' dir='ltr'><strong><em>αὐτός</em></strong></span> <span class='ocrx_word' id='word_1_248' title='bbox 487 3125 566 3164; x_wconf 90' lang='grc' dir='ltr'><strong><em>ποτε</em></strong></span> <span class='ocrx_word' id='word_1_249' title='bbox 576 3105 716 3184; x_wconf 88' lang='grc' dir='ltr'><strong><em>βελτίων</em></strong></span> <span class='ocrx_word' id='word_1_250' title='bbox 726 3101 835 3182; x_wconf 89' lang='grc' dir='ltr'><strong><em>γένοιο</em></strong></span> <span class='ocrx_word' id='word_1_251' title='bbox 848 3096 930 3178; x_wconf 85' lang='grc' dir='ltr'><strong><em>πρὸς</em></strong></span> <span class='ocrx_word' id='word_1_252' title='bbox 943 3095 1004 3182; x_wconf 80' lang='grc' dir='ltr'><strong><em>την</em></strong></span> <span class='ocrx_word' id='word_1_253' title='bbox 1016 3101 1082 3162; x_wconf 86' lang='grc' dir='ltr'><strong><em>έπι-</em></strong></span> 
     </span>
     <span class='ocr_line' id='line_1_30' title="bbox 82 3191 1086 3284; baseline -0.005 -17"><span class='ocrx_word' id='word_1_254' title='bbox 82 3207 233 3284; x_wconf 89' lang='grc' dir='ltr'><strong><em>τίμησιν,</em></strong></span> <span class='ocrx_word' id='word_1_255' title='bbox 250 3193 292 3262; x_wconf 82' lang='grc' dir='ltr'><strong><em>οὐ</em></strong></span> <span class='ocrx_word' id='word_1_256' title='bbox 306 3205 434 3281; x_wconf 80' lang='grc' dir='ltr'><strong><em>μᾶλλον</em></strong></span> <span class='ocrx_word' id='word_1_257' title='bbox 448 3193 470 3284; x_wconf 78' lang='grc' dir='ltr'><em>ἢ</em></span> <span class='ocrx_word' id='word_1_258' title='bbox 483 3199 655 3280; x_wconf 89' lang='grc' dir='ltr'><strong><em>κάνθαρος</em></strong></span> <span class='ocrx_word' id='word_1_259' title='bbox 667 3202 900 3280; x_wconf 90' lang='grc' dir='ltr'><strong><em>μεταπεισθείη</em></strong></span> <span class='ocrx_word' id='word_1_260' title='bbox 916 3191 959 3260; x_wconf 87' lang='grc' dir='ltr'><strong><em>άν</em></strong></span> <span class='ocrx_word' id='word_1_261' title='bbox 974 3199 1086 3280; x_wconf 89' lang='grc' dir='ltr'><strong><em>μηκέτι</em></strong></span> 
     </span>
     <span class='ocr_line' id='line_1_31' title="bbox 82 3294 1085 3381; baseline -0.001 -17"><span class='ocrx_word' id='word_1_262' title='bbox 82 3304 219 3364; x_wconf 82' lang='grc' dir='ltr'><strong><em>τοιαῦτα</em></strong></span> <span class='ocrx_word' id='word_1_263' title='bbox 234 3301 404 3363; x_wconf 88' lang='grc' dir='ltr'><strong><em>κυλινδεῖν</em></strong></span> <span class='ocrx_word' id='word_1_264' title='bbox 419 3296 505 3376; x_wconf 80' lang='grc' dir='ltr'><strong><em>ἅπαξ</em></strong></span> <span class='ocrx_word' id='word_1_265' title='bbox 517 3294 629 3371; x_wconf 85' lang='grc' dir='ltr'><strong><em>αὐτοῖς</em></strong></span> <span class='ocrx_word' id='word_1_266' title='bbox 640 3296 997 3381; x_wconf 82' lang='grc' dir='ltr'><strong><em>συνηθηςγενόμενος,</em></strong></span> <span class='ocrx_word' id='word_1_267' title='bbox 1015 3295 1085 3363; x_wconf 78' lang='grc' dir='ltr'><strong><em>οὔτ’</em></strong></span> 
     </span>
     <span class='ocr_line' id='line_1_32' title="bbox 83 3392 1086 3481; baseline -0.002 -19"><span class='ocrx_word' id='word_1_268' title='bbox 83 3397 170 3464; x_wconf 88' lang='grc' dir='ltr'><strong><em>εἰναί</em></strong></span> <span class='ocrx_word' id='word_1_269' title='bbox 186 3421 260 3460; x_wconf 92' lang='grc' dir='ltr'><strong><em>τινα</em></strong></span> <span class='ocrx_word' id='word_1_270' title='bbox 282 3402 401 3481; x_wconf 82' lang='grc' dir='ltr'><strong><em>νομίζω</em></strong></span> <span class='ocrx_word' id='word_1_271' title='bbox 420 3393 478 3461; x_wconf 89' lang='grc' dir='ltr'><strong><em>τόν</em></strong></span> <span class='ocrx_word' id='word_1_272' title='bbox 497 3393 686 3478; x_wconf 80' lang='grc' dir='ltr'><strong><em>ἀγνοοῦντα</em></strong></span> <span class='ocrx_word' id='word_1_273' title='bbox 709 3400 755 3459; x_wconf 83' lang='grc' dir='ltr'><strong><em>ἔτι</em></strong></span> <span class='ocrx_word' id='word_1_274' title='bbox 774 3393 813 3459; x_wconf 87' lang='grc' dir='ltr'><strong><em>τά</em></strong></span> <span class='ocrx_word' id='word_1_275' title='bbox 837 3392 902 3460; x_wconf 86' lang='grc' dir='ltr'><strong><em>ὑπό</em></strong></span> <span class='ocrx_word' id='word_1_276' title='bbox 926 3401 989 3459; x_wconf 86' lang='grc' dir='ltr'><strong><em>σοῦ</em></strong></span> <span class='ocrx_word' id='word_1_277' title='bbox 1011 3406 1086 3461; x_wconf 92' lang='grc' dir='ltr'><strong><em>τολ-</em></strong></span> 
     </span>
     <span class='ocr_line' id='line_1_33' title="bbox 82 3491 1086 3578; baseline 0 -16"><span class='ocrx_word' id='word_1_278' title='bbox 82 3497 221 3578; x_wconf 82' lang='grc' dir='ltr'><strong><em>ιι-άμενα</em></strong></span> <span class='ocrx_word' id='word_1_279' title='bbox 243 3497 296 3559; x_wconf 85' lang='grc' dir='ltr'><strong><em>καὶ</em></strong></span> <span class='ocrx_word' id='word_1_280' title='bbox 318 3491 339 3559; x_wconf 67' lang='grc' dir='ltr'><strong><em>δι’</em></strong></span> <span class='ocrx_word' id='word_1_281' title='bbox 358 3496 467 3577; x_wconf 88' lang='grc' dir='ltr'><strong><em>γέρων</em></strong></span> <span class='ocrx_word' id='word_1_282' title='bbox 490 3492 670 3575; x_wconf 79' lang='grc' dir='ltr'><strong><em>ἅνθρωπος</em></strong></span> <span class='ocrx_word' id='word_1_283' title='bbox 689 3497 719 3570; x_wconf 84' lang='grc' dir='ltr'><strong><em>ές</em></strong></span> <span class='ocrx_word' id='word_1_284' title='bbox 740 3493 860 3559; x_wconf 82' lang='grc' dir='ltr'><strong><em>ἑαυτὸν</em></strong></span> <span class='ocrx_word' id='word_1_285' title='bbox 875 3509 1086 3576; x_wconf 85' lang='grc' dir='ltr'><strong><em>παρανομεῖς.</em></strong></span> 
     </span>
    </p>
   </div>
   <div class='ocr_carea' id='block_1_3' title="bbox 0 0 1318 4092">
    <p class='ocr_par' dir='ltr' id='par_1_3' title="bbox 0 0 1318 4092">
     <span class='ocr_line' id='line_1_34' title="bbox 0 0 1318 4092; baseline 0 0"><span class='ocrx_word' id='word_1_286' title='bbox 0 0 1318 4092; x_wconf 95' lang='lat' dir='ltr'><strong><em> </em></strong></span> 
     </span>
    </p>
   </div>
  </div>
 </body>
</html>
