2625 4092
179 296 243 356 ‘220
534 292 842 352 AOYKIANOP

179 460 280 542 ἐπῆρέ
293 476 330 524 σε
347 458 402 524 καί
415 452 436 542 ἡ
451 459 539 523 οἰκία
557 457 594 522 ἐν
609 460 700 542 καλῷ
715 460 772 539 τῆς
786 453 915 530 πόλεως
931 459 1192 540 οἰκοδομηθεῖσα

180 558 234 623 καὶ
253 562 320 622 τῶν
336 552 539 621 ἀκολούθων
554 550 592 619 τό
615 559 754 638 πλῆθος.
783 546 1008 638 ἀλλ’·ῶχαθέ,
1031 550 1115 636 πρὸς
1135 560 1193 637 τῆς
1301 597 1302 600 =

178 652 299 731 Ἴσιδος
313 648 378 720 κᾶν
396 649 436 718 τὰ
454 658 590 719 Νειλῶα
611 657 716 717 ταῦτα
733 657 846 736 ταρίχη
867 649 907 718 τιὶ
925 651 1026 719 λεπτοὶ
1042 654 1193 737 μέμνησο

178 748 259 836 ἡμῖν
274 748 369 835 α”χειν
386 745 446 814 ἀπ’
463 747 639 835 Αἰγύπτου
661 742 682 832 ἢ
697 747 806 833 μύρον
822 747 887 815 ἀπδ
908 757 969 816 τοῦ
983 743 1193 832 Καυῶπουῆ

181 842 264 935 Ἶβιν
278 852 314 915 έκ
328 848 525 932 Μέμφιδος,
542 852 572 913 εἰ
581 842 649 932 δὲὴ
665 853 748 924 ναῦς
759 845 917 931 ἐδύνατο,
933 849 987 915 καὶ
1002 855 1071 914 τῶν
1081 871 1192 929 πνρα-

180 951 288 1032 μιδῶν
302 951 392 1030 μίαν.

267 1049 315 1113 16.
336 1051 431 1112 ΤΙΜ.
448 1041 540 1120 ’Ἅλις
561 1047 712 1126 παιδιᾶς,
735 1038 911 1112 ῶΔυκῖνε.
937 1043 1033 1133 ὁρᾷς,
1055 1041 1191 1123 ῶςέρυ-

180 1149 287 1226 θριᾶν
297 1139 510 1228 Ἀδείμαντον
524 1145 680 1226 ἐποίησας
692 1150 805 1232 πολλῷ
817 1150 863 1232 τῷ
877 1147 993 1230 γέλωτι
1013 1140 1193 1215 ἐπικλύσας

180 1239 217 1309 τό
228 1250 362 1324 πλοῖον,
381 1266 424 1317 τις
435 1239 646 1322 ὑπέροπλον
658 1237 742 1306 εἰναι
757 1243 812 1307 καί
823 1244 936 1326 μηκέτι
948 1238 1098 1326 ἀντέχειν
1108 1235 1194 1321 πρὸς
1305 1301 1306 1306 ,

180 1339 216 1407 τό
236 1343 408 1423 έπιρρέον;
431 1342 485 1408 καὶ
506 1342 639 1421 ἐπείπερ
656 1344 703 1406 ἔτι
725 1338 812 1408 πολύ
833 1337 967 1427 ἡμῖντὸ
989 1340 1108 1408 λοιπόν
1124 1341 1192 1405 έστι
1306 1388 1307 1408 ι

180 1437 264 1521 πρός
279 1435 316 1504 τό
339 1435 439 1522 ἄστυ,
463 1438 649 1523 διελόμενοι
670 1445 808 1524 τετραχῆ
825 1438 888 1524 τὴν
903 1435 986 1505 ὁδὸν
1007 1436 1089 1507 κατὰ
1112 1434 1194 1514 τούς
1306 1431 1307 1436 ’

181 1536 419 1622 ἐπιβάλλοντας
440 1537 576 1613 ἕκαστος
599 1539 756 1613 σταδίους
775 1542 919 1622 αἰτῶμεν
939 1533 1024 1619 ἅπερ
1042 1531 1086 1603 δν
1109 1540 1192 1622 δοκῇ
1307 1593 1308 1598 ,

180 1631 270 1716 παρὰ
287 1640 355 1701 τῶν
368 1641 479 1701 θεῶν·
501 1632 590 1701 οὕτω
603 1631 669 1719 γὰρ
685 1629 728 1699 δυ
743 1631 830 1719 ἡμᾶς
844 1633 865 1700 δ’
880 1661 915 1703 τε
931 1637 1076 1721 κύματος
1090 1634 1193 1702 λύθοι
1308 1706 1309 1732 ¹

181 1734 237 1800 καὶ
251 1730 318 1818 ἅμα
335 1729 601 1818 εὐφρανούμεθα
622 1731 733 1814 ὥσπερ
749 1730 872 1824 ἡδίστῳ
888 1731 1033 1820 ὀνείρατι
1051 1737 1195 1822 ἑκουσίῳ
1308 1737 1309 1746 ’

181 1830 431 1914 περιπεσόντες,
448 1828 504 1916 ἐφ’
521 1828 604 1899 ὅσον
617 1832 831 1917 βουλόμεθα,
847 1825 887 1898 εὖ
901 1832 1075 1918 ποιήσοντι
1090 1827 1191 1916 ἡμᾶς·

181 1925 259 2011 παρ’
276 1925 366 2017 αὐτῶ
382 1926 447 2012 γὰρ
462 1930 588 2017 ἑκάστῳ
604 1926 641 1995 τό
658 1931 780 2014 μέτρον
794 1938 851 2016 τῆς
867 1928 980 2017 εὐχῆς,
999 1931 1053 1998 καί
1070 1933 1104 1996 οί
1116 1930 1192 1995 θεολ

181 2026 290 2093 πάντα
306 2025 567 2095 ὑποκείσθωσαν
588 2030 800 2112 παρέξοντες,
824 2035 854 2096 εἰ
867 2033 975 2117 καλιῇ
996 2029 1097 2114 φύσει
1113 2025 1194 2094 ἀπί-

180 2135 272 2192 θανα
287 2130 387 2192 ἔσται.
421 2123 457 2193 τό
478 2127 515 2193 δὲ
531 2130 704 2210 μέγιστον,
728 2130 881 2208 ἐπίδειξις
896 2133 987 2195 ἔσται
1001 2125 1038 2194 τό
1054 2132 1196 2211 πρᾶγμα

112 2245 164 2298 260
182 2221 273 2299 ὅστις
289 2217 332 2288 δν
354 2221 471 2307 όίριστα
490 2225 647 2311 χρήσαιτο
665 2231 710 2314 τῷ
727 2226 860 2313 πλούτῳ
880 2226 935 2294 καί
952 2232 993 2315 τῇ
1007 2222 1102 2314 εὐχῇ
1131 2229 1194 2310 δη-

181 2319 280 2387 λόσει
295 2317 359 2406 γὰρ
377 2317 446 2400 οἷος
460 2318 505 2389 δν
520 2326 574 2391 καὶ
588 2323 779 2410 πλουτήσας
794 2327 932 2409 ἐγένετο.

266 2426 316 2489 17.
333 2431 446 2490 ΣΑΜ.
468 2431 603 2507 Καλῶς,
620 2416 647 2490 ῶ
661 2425 821 2510 Τιμόλαε,
837 2426 892 2491 καὶ
903 2430 1066 2508 πείθομαί
1073 2443 1126 2489 σοι
1137 2426 1194 2490 καί

181 2518 296 2587 ότανό
317 2521 432 2606 καιρός
446 2530 546 2611 καλῇ,
570 2522 707 2606 εύξομαι
724 2521 808 2605 όῖπερ
824 2519 869 2589 δν
884 2528 975 2614 δοκῇ.
1005 2529 1036 2591 εί
1050 2523 1195 2610 μὲνγὰρ

177 2617 387 2707 Ἀδείμαντος
405 2623 578 2708 βούλεται,
601 2620 681 2690 οὐδὲ
703 2625 830 2706 ἐρωτᾶν
853 2621 960 2709 οἶμαι,
986 2622 1023 2702 ὅς
1037 2649 1075 2709 γε
1091 2621 1132 2710 δὴ
1155 2625 1194 2690 έν

181 2726 221 2807 τῇ
232 2727 292 2806 νηῒ
300 2718 360 2787 τόν
370 2722 485 2804 ἕτερον
496 2723 584 2817 πόδα
596 2728 670 2809 ἔχει.
690 2720 752 2809 χρὴ
765 2724 801 2791 δὲ
812 2725 867 2793 καὶ
876 2729 1013 2814 Λυκίνῳ
1025 2726 1147 2791 δοκεῖν.

264 2828 367 2888 AYK.
386 2818 482 2889 Ἀλλόι
502 2831 717 2908 πλουτῶμεν,
740 2829 769 2891 εἰ
781 2830 879 2890 τοῦτο
897 2821 1054 2909 όίμειυον,
1077 2821 1121 2909 μὴ
1137 2826 1194 2890 καί

182 2924 378 3003 βασκαίνειν
396 2923 432 2985 ἐν
445 2934 516 2998 ταῖς
529 2934 657 2998 κοιναῖς
672 2918 837 3006 εὐτυχίαις
851 2926 950 2990 δοκῶ.

266 3023 428 3085 ΑΔΕΙΜ.
455 3025 512 3095 Τίς
526 3015 557 3085 δ’
575 3011 639 3086 οὖν
653 3026 784 3106 πρῶτος
798 3021 946 3103 όίρξεταις

265 3122 364 3184 ΛΤΚ.
388 3117 460 3200 Σύ,
483 3144 509 3183 ω
497 3111 780 3288 Ἀδείμαντε,ὲ’
750 3146 818 3188 ειτα
835 3149 916 3207 μετα
905 3120 974 3190 σὲ
990 3119 1104 3191 οὑτοσὶ
1118 3123 1194 3192 Σά-

182 3239 321 3300 μιππος,
337 3213 405 3282 εἰτα
423 3215 604 3300 Τιμόλαος,
625 3212 742 3302 έγῶδὲ
759 3219 908 3331 ὀλίχον
895 3221 978 3290 όσον
994 3218 1194 3325 ἡμιστάδιον
1310 3297 1311 3314 ¹

181 3312 218 3382 τό
235 3311 300 3397 πρό
323 3341 384 3381 του
370 3316 557 3383 Διπύλου
571 3315 773 3401 ἐπιληψομαι
789 3337 829 3400 τη
845 3307 940 3398 εόχη,
961 3311 1131 3377 καὶτοῦτο
1149 3303 1195 3384 ῶς
1310 3317 1311 3326 ’

182 3409 302 3482 οἷόντε
315 3414 553 3499 παραδραμόν

268 3519 318 3582 18
341 3521 504 3603 ΑΔΕΙΜ.
530 3513 667 3580 Οὐκοῦν
681 3510 796 3598 ἰχῶ
761 3538 823 3598 μεν
836 3509 969 3580 ουδε
926 3537 992 3578 νυν
1004 3506 1191 3593 αποστησο-
