2625 4092
235 270 299 332 124
593 265 893 334 ΛΟτΥΚλΑΝΟΤ

239 433 408 529 θισμένος.
431 438 459 501 7.
477 436 630 517 τρείςκαί
646 426 745 511 οὗτος
760 432 888 519 θερμάς
900 428 1044 514 πυέλους
1060 441 1248 521 παρέχεται.
1295 433 1296 486 ἶ

233 534 432 619 ’λουσαμένῳ
449 533 484 598 δὲ
505 536 619 600 ἔνεστί
629 529 692 597 σοιΙ
705 529 749 616 μὴ
770 528 831 617 τὴν
851 530 906 598 διά
927 542 995 599 των
1010 532 1123 601 αὐτῶν
1144 544 1251 602 οίκων
1295 525 1296 540 ’

238 622 547 712 αὖθιςέπανιέναι,
569 625 652 695 άλλά
676 623 808 713 ταχείαν
831 628 892 715 τὴν
913 634 965 697 ἐπὶ
985 630 1022 697 τό
1047 630 1179 718 ψυχρόν
1202 629 1247 699 δι’

231 726 341 813 ἠρέμα
352 734 484 811 θερμοῦ
495 726 688 812 οἰκήματος,
704 728 871 793 καὶταῦτα
884 730 992 795 πάντα
1006 728 1073 797 ὑπὸ
1087 732 1173 816 φωτὶ
1188 756 1249 815 με·

236 824 327 912 γάλφ
344 824 398 890 καὶ
408 831 515 913 πολλῇ
531 830 570 911 τῇ
586 827 686 890 ἔνδον
698 822 814 914 ἡμέρᾳ.
839 824 909 912 ὕψη
920 825 1005 911 πρὸς
1016 831 1147 907 τούτοις
1160 825 1249 894 ἀυά-

240 932 319 1007 λογα
330 921 384 987 καὶ
395 922 500 1005 πλάτη
510 933 577 996 τοῖς
585 918 704 1005 μήκεσι
712 920 882 1005 σύμμετρα
892 926 946 991 καὶ
956 932 1128 1009 πανταχοῦ
1139 923 1248 1008 πολλὴ

237 1018 402 1105 χάριςκαὶ
418 1016 591 1103 Ἀφροδίτη
607 1019 763 1083 ἐπανθεῖ·
786 1017 869 1084 κατὰ
884 1017 948 1103 γάρ
966 1020 1027 1087 τδν
1042 1020 1147 1089 καλὸν
1161 1030 1248 1089 Πίν-

238 1126 343 1200 δαρον
365 1116 575 1203 ,,άρχομένου
598 1123 701 1203 ἔργου
721 1119 902 1201 πρόσωπον
920 1119 982 1206 χρὴ
998 1125 1104 1206 θέμεν
1121 1129 1249 1207 τηλαυ-

237 1220 325 1302 γές.“
348 1218 445 1282 ’τοῦτο
462 1213 492 1281 δ’
506 1211 551 1282 α”ν
561 1224 611 1301 εἴη
627 1220 664 1282 ἐκ
678 1222 735 1301 τῆς
749 1214 854 1301 αὐγῆς
867 1218 1075 1304 μάλιστακαὶ
1090 1228 1152 1287 τοῦ
1163 1223 1248 1305 φέγ-

237 1340 318 1401 γους
334 1314 388 1379 καὶ
403 1320 470 1379 τῶν
489 1322 706 1401 φωταγωγῶν
720 1319 1005 1401 μεμηχανημένον.
1028 1316 1046 1385 ὁ
1061 1317 1126 1404 γὰρ
1141 1318 1248 1404 σοφός

188 1436 222 1492 73
234 1411 565 1498 Ι’ότςάληθοὸςἹππίας
578 1410 711 1498 τὸνμὲν
725 1416 936 1499 ψυχροδόχον
950 1414 1044 1482 οἴκου
1056 1424 1102 1495 είς
1116 1423 1248 1502 βορρᾶν

234 1511 513 1596 ’προκεχωρηκότα
526 1516 697 1597 ἐποίησεν,
715 1510 778 1578 οὐκ
793 1510 933 1596 ἄμοιρον
947 1511 1026 1580 οὐδὲ
1042 1522 1104 1581 τοῦ
1117 1536 1246 1599 μεσημ-

189 1623 192 1645 ¹
236 1616 358 1697 βρινοῠ
375 1607 491 1692 ’ἀέρος’
513 1609 592 1688 τούς
614 1610 649 1677 δὲ
669 1613 796 1677 πολλου
816 1617 877 1675 τοῦ
895 1611 1051 1690 θάλπους
1066 1615 1246 1697 δεομένους

238 1706 325 1797 υότφ
344 1710 399 1775 καὶ
415 1706 503 1797 εὔρῳ
515 1712 570 1777 καλ
585 1709 721 1799 ζεφύρῳ·
732 1706 892 1793 ὑπέθηκε.
923 1714 953 1779 8.
969 1716 1003 1775 τί
1016 1708 1061 1776 ἄν
1075 1731 1128 1777 σοι
1142 1707 1180 1777 τό
1193 1712 1247 1776 ἐπὶ

237 1808 343 1896 τοότςο
359 1808 486 1893 λέγοιμι
501 1814 702 1889 παλαίστρας
714 1803 841 1884 καὶτὰς
855 1805 970 1885 κοινάς
984 1815 1051 1874 τῶν
1065 1810 1245 1892 ἱματιοφυ·

238 1905 433 1971 λακοόυτωυ
444 1936 446 1941 ·
457 1902 662 1982 κατασκευάς
684 1917 816 1987 ταχείαν
830 1901 892 1990 τὴν
907 1906 959 1971 ἐπὶ
973 1903 1008 1972 τό
1031 1902 1176 1987 λουτρόν
1192 1905 1245 1970 καλ

239 1998 355 2087 μηδιᾶ
377 2010 508 2087 μακροῦ
529 2000 591 2089 τὴν
612 2000 692 2070 ὁδόν
714 2003 852 2088 ἐχούσας
870 2010 932 2070 τοῦ
952 2009 1114 2088 χρησίμου
1135 2028 1170 2069 τε
1192 2004 1245 2069 καὶ

238 2099 406 2187 ἀβλαβοῦς
428 2102 542 2181 ένεκαξ
565 2102 623 2168 καλ
638 2102 683 2187 μή
705 2126 746 2185 με
766 2098 921 2188 ὑπολάβη
940 2129 989 2180 τις
1007 2102 1128 2188 μικρὸν
1145 2108 1245 2187 ἔργον

235 2201 449 2283 Ιπροθέμενον
470 2212 606 2283 κοσμεῖν
623 2205 668 2286 τῷ
684 2199 774 2287 λόγῳ
789 2208 1040 2282 προαιρείσθαι’
1069 2198 1106 2267 τό
1124 2199 1191 2284 γάρ
1209 2203 1244 2265 έν

237 2311 304 2375 τοίς
321 2311 445 2373 κοινοῖς
463 2293 561 2363 καινά
583 2300 754 2383 ἐπινοῆσαι
771 2299 915 2375 κάλλους
932 2302 1107 2385 δείγματα,
1132 2295 1174 2365 οὐ
1190 2325 1245 2383 μι-

236 2404 319 2477 κρᾶς
339 2401 577 2481 σοφίας-ἔγωγε
598 2400 750 2479 τίθεμαι,
778 2392 851 2463 οἷον
872 2398 927 2463 καλ
948 2394 1082 2465 τόδετὸ
1104 2395 1243 2483 έργονὸ

237 2496 426 2583 θαυμάσιος
436 2496 517 2582 ἡμῖν
525 2492 651 2573 Ἱππίας
663 2496 849 2573 ἐπεδείξατο
864 2496 972 2573 πάσας
983 2502 1058 2581 έχον
1070 2493 1129 2573 τάς
1139 2504 1245 2583 βαλα-

237 2600 331 2664 νείου
351 2594 484 2679 ἀρετάς,
509 2592 545 2661 τό
562 2593 741 2680 χρήσιμον,
765 2590 801 2659 τό
821 2592 996 2677 εὔκαιρον,
1014 2592 1050 2662 τὸ
1073 2592 1243 2679 εὐφεγγές,

237 2692 273 2761 τό
292 2696 498 2779 σύμμετρον,
523 2691 559 2760 τό
576 2700 622 2781 τῷ
635 2692 727 2780 τόπφ
744 2690 972 2778 ἡρμοσμένου,
994 2690 1031 2759 τὸ
1053 2690 1114 2778 τὴν
1131 2701 1244 2777 χρείαν

237 2792 369 2878 άσφαλη
386 2792 631 2878 παρεχόμενον,
649 2794 704 2858 καί
720 2794 852 2874 προσέτι
868 2799 909 2879 τῇ
922 2789 1007 2879 άλλη
1022 2797 1174 2879 περινοίᾳ
1189 2817 1244 2858 κε-

237 2895 463 2975 κοσμημένον,
479 2888 619 2975 ἀφόδων
636 2891 699 2974 μὲν
712 2887 904 2975 άναγκαίων
919 2892 1017 2958 δυσὶν
1031 2886 1244 2975 ἀναχωρήσε-

187 3008 222 3065 74
237 3010 292 3055 σιν
307 2989 430 3068 ἐξόδοις
441 3015 475 3055 τε
488 2997 623 3065 πολλαῖς
636 2992 889 3074 τεθυρωμένον,
906 2988 1003 3070 ὡρῶν
1015 2992 1052 3057 δὲ
1064 2989 1174 3066 διττάς
1185 2994 1244 3073 δη-

237 3085 367 3169 λώσεις,
390 3084 451 3171 τὴν
466 3087 528 3171 μὲν
549 3084 591 3153 δι’
618 3085 739 3165 ὕδατος
758 3088 813 3154 καὶ
828 3089 1036 3173 μυκήματος,
1057 3086 1120 3174 τὴν
1142 3089 1178 3155 δὲ
1200 3084 1242 3154 δι’

236 3183 333 3271 ἡλίου
351 3184 634 3270 ἐπιδεικνύμενον.
664 3193 767 3252 ταῦτα
787 3187 902 3254 ι’δόντα
918 3185 963 3273 μὴ
982 3183 1170 3254 άποδοῦναι
1186 3185 1243 3254 τόν

237 3284 403 3365 πρέποντα
429 3290 568 3351 ἔπαινον
589 3291 634 3372 τῷ
655 3289 742 3373 ἔργῳ
757 3283 819 3352 οὐκ
843 3284 988 3371 άνοήτου
1008 3286 1133 3371 μόνον,
1161 3282 1243 3353 άλλά

237 3396 291 3449 καί
312 3380 506 3468 ἀχαρίστου,
532 3391 660 3468 μᾶλλον
685 3384 720 3451 δὲ
740 3391 914 3469 βασκανου
931 3409 988 3467 μοι
1016 3383 1100 3451 εἶναι
1122 3388 1242 3463 ἔδοξεν.

238 3485 300 3567 ἐγω
321 3486 383 3569 μὲν
399 3474 462 3549 οὖν
479 3487 524 3560 εἰς
546 3481 690 3567 δύναμιν
705 3482 760 3549 καὶ
776 3478 811 3548 τό
830 3487 930 3568 ἔργον
946 3483 1001 3551 καὶ
1021 3480 1082 3549 τὸν
1094 3489 1242 3567 τεχνίτην
