2625 4092
429 264 743 324 ΧΑΡΙΔΗΜΟΣ.
1027 266 1090 330 435

76 427 125 510 τῷ
136 420 258 506 ταύτης
268 418 364 509 ἀξίῳ,
376 418 435 499 τὰς
447 417 527 504 παρ’
541 419 735 502 ἀνθρώπων
747 421 885 506 φεύγων
896 431 1010 508 αἰτίας,
1025 453 1091 513 μη-

75 516 184 604 χανήν
193 544 269 585 τινα
285 525 469 605 μηχανᾶται
484 525 542 602 τῆς
560 521 738 603 ἐπιθυμίας
756 517 958 603 ἀδικωτέραν
976 521 1092 609 καλήν

77 615 161 703 ᾠέτο
176 618 298 702 ῥᾳδίως
322 612 404 696 ὅπερ
421 615 577 702 ἐβούλετο
599 616 831 701 καταστήσειν·
859 615 924 685 ὑπό
943 619 1009 704 γάρ
1026 619 1089 703 ἀρ-

75 743 171 798 ματι,
194 713 239 792 ὡς
259 709 333 780 οἷόν
349 739 385 781 τε
399 713 541 800 μάλιστα
558 707 617 800 ἦν,
641 721 687 792 εἰς
704 714 801 800 τάχος
817 713 883 784 ὑπὸ
899 725 957 804 τῆς
974 721 1088 808 τέχνης

77 814 317 903 ἐξειργασμένῳ
333 810 413 893 τούς
430 818 467 881 ίν
485 813 638 903 Ἀρκαδίᾳ
655 814 767 894 ζεύξας
787 817 825 882 έν
844 821 889 903 τῷ
907 815 980 884 τότε
999 825 1090 902 ταχί·
1149 840 1151 844 ·

76 932 177 991 στους
192 913 316 990 ἵππους
329 907 489 998 ἡμιλλᾶτο
507 909 589 996 πρός
612 910 691 990 τοὺς
708 920 897 999 μνηστῆρας
913 920 970 1000 τῆς
986 917 1089 1001 κόρης

75 1002 188 1078 ἆθλον
199 1018 256 1096 τῆς
273 1017 367 1098 νίκης
383 1018 612 1097 παρελθοῦσιν
631 1009 743 1090 αὐτοῖς
760 1010 866 1098 αύτήν
883 1014 1052 1094 προτιθεὶς
1066 1008 1088 1100 ή

75 1112 255 1193 στέρεσθαι
271 1118 331 1196 τῆς
348 1120 494 1198 κεφαλῆς
510 1111 721 1198 ἡττηθέντας.
746 1113 801 1179 καὶ
816 1107 911 1196 ἠξίου
931 1109 962 1176 δ’
982 1107 1089 1199 αύτήν

75 1203 457 1297 αύτοίςσυναναβαίνειν
466 1210 504 1278 τδ
516 1209 616 1296 ἀρμα,
624 1208 715 1288 ὅπως
724 1206 1006 1293 ἀπυσχολούμενοι
1015 1213 1089 1294 περὶ

74 1306 204 1392 ταύτην
224 1303 380 1393 ἀμελοῖεν
399 1313 457 1392 τής
478 1310 620 1392 ίππιπής.
655 1310 690 1374 οί
710 1305 759 1388 δ’,
785 1303 1009 1391 ἀποτυχόντος
1029 1314 1091 1373 τοῦ

76 1406 218 1489 πρώτως
226 1402 402 1491 ἁψαμένου
418 1415 480 1474 τοῦ
492 1406 621 1491 δρόμου
638 1409 693 1473 καὶ
711 1412 768 1490 τῆς
780 1404 882 1490 κόρης
893 1405 1090 1484 ἐκπεσόντος

75 1501 159 1588 μετὰ
170 1511 232 1573 τοῦ
243 1511 317 1591 ζῆν,
336 1503 373 1571 τὸ
388 1504 449 1591 μέν
464 1503 651 1591 ἀποκυῆσαι
662 1501 746 1588 πρὸς
758 1502 820 1570 τόν
831 1500 945 1588 ἀγῶνα
955 1499 977 1588 ή
989 1528 1090 1588 μετα·

75 1612 193 1672 θεῖναί
203 1633 234 1672 τι
250 1613 319 1673 τῶν
336 1609 611 1693 βεβουλευμένων
628 1607 842 1689 μειρακιῶδες
860 1599 944 1669 εἶναι
960 1599 1089 1668 ύπολα-

75 1701 204 1790 βόντες,
216 1702 279 1790 τήν
288 1700 320 1771 δ’
329 1703 481 1790 ὠμότητα
492 1705 689 1789 μισήσαντες
697 1701 869 1787 Οίνομάου
878 1699 977 1778 ἀλλος
986 1699 1088 1767 ἀλλον

76 1809 231 1887 ἔφθανεν
247 1800 477 1889 ἀποθνήσκων
493 1801 602 1886 ὥσπερ
619 1796 777 1878 δεδοικάς
791 1796 835 1884 μὴ
851 1804 913 1865 τοῦ
927 1796 1089 1866 τεθνάναι

75 1904 153 1982 περὶ
164 1910 220 1986 τῆς
231 1902 333 1987 κόρης
344 1898 483 1990 ἀμάρτη.
497 1903 552 1970 καλ
561 1902 716 1987 προῆλθέ
722 1925 761 1985 γε
772 1901 865 1983 μέχρι
877 1901 1087 1979 τρισκαίδεκα

75 2002 165 2066 νέων
181 1995 199 2065 ὁ
214 1999 336 2084 φόνος·
363 2003 440 2066 θεολ
457 1998 486 2067 δ’
500 2003 628 2068 ἐκείνου
639 2006 697 2086 τῆς
714 2002 875 2084 πονηρίας
891 1996 1088 2081 μισήσαντες

75 2099 215 2182 ταυτησὶ
225 2096 304 2176 τούς
317 2123 352 2164 τε
368 2107 553 2178 τεθνεῶτας
565 2097 634 2183 ἅμα
645 2100 701 2166 καλ
710 2095 773 2181 τήν
790 2095 894 2180 κόρην
906 2097 1085 2177 ἐλεοῦντες,

75 2196 155 2274 τούς
166 2194 228 2281 μὲν
239 2194 290 2262 ὅτι
299 2195 462 2283 κτήματος
471 2198 708 2284 ἀπεστέρηνται
723 2195 893 2276 τοιούτου,
911 2194 972 2280 τήν
982 2193 1088 2278 κόρην

76 2292 110 2362 δ’
123 2293 175 2363 ότι
190 2305 248 2381 τῆς
265 2295 354 2379 ὥρας
365 2295 407 2364 ού
423 2296 506 2364 κατὰ
521 2297 641 2380 καιρόν
658 2295 838 2380 ἀπολαύοι,
858 2294 1039 2379 κηδόμενοί
1052 2318 1087 2359 τε

75 2400 139 2461 τοῦ
148 2397 245 2478 νέου,
263 2391 354 2473 ὅστις
364 2401 477 2481 ἔμελλε
489 2438 529 2447 -
541 2401 655 2477 Πέλοψ
670 2396 700 2464 δ’
714 2388 757 2482 ήν
774 2384 871 2472 οὗτος
883 2433 920 2444 -
934 2389 1087 2477 ἀγωνιεῖ·
1105 2404 1155 2462 631

76 2501 177 2575 σθαι,
195 2491 284 2578 ἅρμα
294 2521 330 2562 τε
346 2501 533 2580 χαρίζονται
548 2498 655 2586 τούτῳ
669 2496 808 2564 κάλλιον
822 2497 934 2579 τέχνης
949 2516 1087 2578 πεποιη-

75 2592 181 2677 μένον
195 2595 317 2670 ἵππους
326 2619 361 2659 τε
372 2591 582 2681 ἀθανάτονς,
600 2593 645 2662 δι’
659 2586 707 2661 όν
718 2599 831 2680 ἔμελλε
842 2598 899 2677 τής
910 2590 1011 2676 κόρης
1025 2589 1088 2658 κύ-

77 2712 150 2772 ριος
161 2687 262 2776 εἶναι,
272 2692 326 2758 καλ
335 2693 457 2778 γέγονέ
464 2720 502 2779 γε
513 2689 573 2761 τόν
583 2689 747 2780 κηδεστήν
758 2693 809 2760 έπλ
819 2691 955 2774 τέρμασι
966 2695 1024 2778 τής
1035 2695 1089 2756 νί-

75 2814 138 2873 κης
149 2784 348 2866 ἀπεκτονώς.

163 2907 212 2968 20.
235 2898 334 2968 Ούτω
350 2901 388 2969 τό
397 2909 458 2969 τοῦ
467 2904 610 2981 κάλλους
621 2910 730 2990 χρῆμα
744 2900 939 2984 ἀνθρώποις
948 2927 982 2968 τε
992 2910 1087 2970 θεῖον

77 2999 163 3068 εἶναι
174 3004 268 3066 δοκεῖ
282 3002 335 3067 καλ
346 3000 534 3086 τιμώμενον
546 3001 611 3069 ὑπὸ
630 3002 767 3070 πάντων
784 3003 839 3069 καλ
856 3011 949 3078 θεοῖς
964 2999 1088 3066 ἐσπού-

78 3106 196 3169 δασται
207 3101 399 3187 πολλαχόσε.
421 3102 472 3170 διδ
484 3102 590 3190 δήκαὶ
601 3101 753 3190 ήμῑνούκ
765 3096 886 3188 ἀνέχοι
902 3127 951 3178 τις
961 3102 1087 3185 μέμφε-

77 3207 160 3265 σθαι
172 3201 307 3276 δικαίως
323 3198 496 3285 προύργον
506 3205 737 3288 λογισαμένοις
753 3198 789 3268 τό
803 3207 907 3267 ταῦτα
919 3201 992 3280 περὶ
1004 3199 1086 3265 κάλ-

78 3308 158 3374 λονς
183 3301 373 3377 διεξελθεῖν.
408 3295 499 3366 οὕτω
519 3302 581 3386 μέν
601 3297 641 3387 δή
665 3301 720 3368 καλ
738 3297 945 3383 Ἀρίστιππος
968 3300 1087 3381 διῆλθε

77 3395 139 3464 τόν
151 3403 261 3478 λογον.

165 3502 214 3564 21.
248 3503 349 3566 ΕΡΜ.
382 3495 438 3566 Σύ
462 3499 499 3566 δὲ
526 3495 642 3576 λοιπός
663 3495 708 3581 ελ,
733 3499 912 3581 Χαρίδημε.
944 3487 1033 3574 ὅπως
1054 3492 1073 3562 δ

881 3601 922 3662 28
936 3607 949 3638 θ
