2625 4092
426 300 727 358 ΑΝΑΧΑΡΣΙΣ.
1041 292 1082 359 75

67 484 186 549 χαρσι,
202 462 256 527 καί
268 459 329 547 την
340 460 446 544 ἀλλην
457 456 597 527 Ἑλλάδα
610 459 866 546 ἐπελεύσεσθαι,
881 466 1028 546 μέμνησο
1040 457 1084 543 ἥν

69 585 150 627 ποτε
174 558 230 625 καὶ
250 559 283 636 ές
299 561 532 640 Λακεδαίμονα
549 563 666 644 ἔλθῃς,
691 556 735 642 μὴ
758 558 978 644 καταγελάσαι
1001 558 1084 643 μηδὲ

68 661 210 727 ἐκείνων
232 655 315 741 μηδὲ
338 664 470 723 οἰεσθαι
490 656 598 740 μάτην
618 670 736 723 πονεῖν
758 655 897 738 αὐτούς,
920 649 1084 740 ὁπότανῆ

69 764 217 842 σφαίρας
232 757 306 835 πέρι
320 758 356 821 ἐν
370 760 416 841 τῷ
431 756 565 843 θεάτρῳ
581 755 807 838 συμπεσόντες
821 761 965 822 παίωσιν
979 751 1083 839 άλλη·
1101 766 1154 822 919

69 847 189 937 λουςῆ
212 854 245 931 ἐς
260 857 384 936 χωρίον
399 850 594 929 ἐσελθόντες
615 850 713 918 ὕδατι
729 857 1037 938 περιγεγραμμένον
1052 855 1086 930 ἐς

71 953 231 1037 φάλαγγα
251 950 445 1026 διαστάντες
457 947 498 1016 τά
519 957 689 1035 πολεμίων
703 948 867 1037 ἀλλήλους
884 950 1085 1036 ἐργάζωνται

70 1050 195 1137 γυμνοὶ
210 1048 265 1116 καί
279 1046 390 1133 αὐτοί,
406 1045 481 1133 άχρι
498 1043 543 1114 ἀν
558 1049 723 1135 ἐκβάλωσι
741 1057 801 1116 τοῦ
817 1050 1086 1135 περιγράμματος

70 1146 107 1215 τδ
123 1149 242 1229 ἕτερον
258 1146 432 1232 σύνταγμα
450 1150 483 1214 οί
496 1148 618 1232 ἕτεροι,
642 1145 721 1226 τοὺς
738 1147 821 1215 κατὰ
835 1154 1037 1233 Λυκοῦργον
1053 1152 1087 1215 οί

71 1243 150 1315 καθ’
164 1244 330 1327 Ἡρακλέα
346 1241 368 1331 ἢ
383 1251 542 1332 ἔμπαλιν,
560 1255 799 1326 συνωθοῦντες
814 1251 846 1326 ἐς
861 1245 899 1313 τὸ
916 1245 1025 1330 ὕδωρ·
1046 1244 1083 1312 τδ

70 1343 134 1430 γάρ
149 1341 218 1411 ἀπὸ
233 1344 356 1411 τούτου
371 1345 487 1429 εἰρήνη
498 1342 617 1412 λοιπὸν
633 1346 688 1413 καὶ
699 1344 809 1424 οὐδεὶς
821 1342 865 1413 ἀν
879 1351 925 1412 ἔτι
940 1352 1084 1412 παίσειε·

70 1446 216 1529 μάλιστα
229 1444 265 1511 δέ
279 1438 324 1531 ἢν
335 1440 416 1533 ὁρᾷς
426 1446 713 1530 μαστιγουμένους
727 1440 851 1522 αὐτοὺς
862 1446 914 1512 έπί
926 1451 970 1533 τῷ
981 1450 1085 1529 βωμῷ

71 1546 124 1609 καί
141 1545 257 1628 αἵματι
274 1543 470 1627 ῥεομένους,
487 1543 629 1625 πατέρας
643 1543 680 1611 δέ
690 1545 745 1609 καί
758 1544 900 1628 μητέρας
911 1542 1085 1622 παρεστά-

72 1660 132 1717 σας
156 1636 220 1723 οὐχ
236 1638 327 1718 ὅπως
342 1636 529 1723 ἀνιωμένας
547 1643 599 1707 ἐπὶ
617 1655 686 1719 τοῖς
699 1641 910 1725 γιγνομένοις
925 1636 1008 1706 ἀλλά
1029 1639 1084 1706 καὶ

71 1734 293 1821 ἀπειλούσας,
314 1742 345 1805 εἰ
363 1734 407 1823 μὴ
424 1734 593 1822 ἀντέχοιεν
610 1735 694 1821 πρὸς
708 1735 766 1816 τάς
781 1736 926 1823 πληγάς,
946 1737 1001 1803 καί
1014 1739 1085 1803 ἰκε-

72 1834 238 1913 τευοάσας
259 1837 311 1903 ἐπὶ
330 1836 491 1922 μήκιστον
515 1838 687 1919 διαρκέσαι
710 1833 795 1920 πρὸς
818 1832 878 1903 τὸν
902 1834 1010 1902 πόνον
1031 1836 1086 1902 καὶ

72 1940 313 2022 ἐγκαρτερῆσαι
327 1950 394 2013 τοῖς
411 1940 541 2015 δεινοῖς.
571 1939 687 2005 πολλοὶ
704 1943 790 2022 γοῦν
804 1940 858 2003 καὶ
873 1938 1086 2003 ἐναπέθανον

72 2043 118 2122 τῷ
142 2031 251 2120 ἀγῶνι
277 2032 322 2119 μὴ
348 2032 548 2115 ἀξιώσαντες
572 2033 801 2121 ἀπαγορεῦσαι
827 2041 945 2115 ζῶντες
975 2040 1022 2102 ἐτι
1047 2036 1083 2101 ἐν

72 2132 265 2218 ὀφθαλμοῖς
280 2140 347 2200 τῶν
362 2139 494 2202 οἰκείων
509 2136 592 2219 μηδὲ
608 2133 688 2215 εἶξαι
702 2149 770 2211 τοῖς
784 2134 953 2219 σάμασιν,
969 2124 1018 2199 οἷν
1029 2134 1085 2199 καὶ

73 2356 129 2415 της
141 2328 402 2409 ἀνασταθέντας.
425 2328 507 2398 ὅταν
519 2336 636 2397 τοίνυν
651 2328 732 2418 ὁρᾷς
742 2327 896 2413 κάκεῖνα,
915 2331 996 2417 μήτε
1007 2335 1085 2414 μαί-

73 2440 197 2496 νεσθαι
210 2425 382 2517 ὑπολάβῃς
397 2427 520 2508 αὐτοὺς
535 2430 615 2514 μήτε
631 2439 741 2515 εῖπῃς,
758 2427 802 2506 ὡς
817 2428 973 2515 οὐδεμιᾶς
987 2431 1086 2497 ἕνεκα

73 2535 179 2605 αἰτίας
197 2524 379 2614 ἀναγκαίας
392 2537 637 2611 ταλαιπωροῦσι
655 2528 737 2614 μήτε
752 2532 924 2609 τυράννου
935 2534 1087 2617 βιαζομέ·

74 2654 139 2695 νου
156 2628 241 2713 μήτε
261 2634 429 2713 πολεμίων
449 2630 684 2695 διατιθέντων·
709 2637 795 2695 εἰποι
811 2628 876 2713 γὰρ
894 2625 938 2696 ἀν
953 2648 1007 2695 σοι
1028 2628 1083 2695 καὶ
1103 2645 1156 2699 920

75 2724 160 2809 ὑπὲρ
176 2730 315 2794 ἐκείνων
330 2733 527 2813 Λυκοῦργος
544 2723 562 2794 ὁ
585 2732 771 2813 νομοθέτης
791 2724 904 2794 αὐτῶν
921 2724 1026 2794 πολλά
1045 2722 1086 2793 ῖά

76 2824 200 2911 εὔλογα
217 2823 310 2894 καίἀ
329 2823 480 2894 συνιδολν
500 2825 629 2907 κολάζει
646 2823 787 2911 αὐτούς,
812 2824 874 2893 οῦκ
895 2825 1015 2912 ἐχθρὸς
1036 2822 1086 2893 οἲν

76 2925 155 2995 οὐδὲ
172 2923 239 2993 ὑπὸ
261 2933 380 3013 μίσους
397 2924 478 2994 αὐτὸ
495 2931 586 3011 δρῦν
600 2922 679 2992 οὐδὲ
697 2922 759 3010 τὴν
773 2932 931 2993 νεολαίαν
948 2934 1005 3011 τῆς
1022 2925 1085 2991 πό-

76 3033 158 3101 λεως
168 3032 240 3112 εἰκῆ
249 3034 517 3112 παραναλίσκων,
527 3023 610 3093 ἀλλά
621 3024 926 3107 καρτερικωτάτους
935 3028 990 3092 καὶ
999 3050 1085 3091 παν-

75 3120 131 3199 τὸς
145 3127 262 3191 δεινοῦ
272 3132 463 3208 κρείττονας
474 3124 576 3205 ἀξιοῦν
588 3122 673 3189 εἰναι
684 3120 762 3201 τούς
774 3125 891 3204 σώζειν
906 3127 1086 3210 μέλλοντας

77 3220 137 3308 τὴν
153 3227 304 3308 πατρίδα.
327 3230 433 3293 καίτοι
449 3221 514 3292 κάν
528 3223 572 3310 μὴ
591 3220 608 3289 ὁ
623 3229 822 3307 Λυκοῦργος
840 3232 932 3311 εἰπῃ,
950 3227 1085 3305 ἐννοεῖς,

79 3319 184 3407 οἶμαι,
206 3327 260 3391 καί
275 3320 374 3402 αὐτὸς
390 3320 434 3403 ὡς
449 3323 512 3391 οὐκ
533 3322 576 3390 ἀν
594 3347 674 3389 ποτε
689 3323 831 3407 ληφθεὶς
845 3318 863 3387 ὁ
880 3330 1031 3397 τοιοῦτος
1050 3323 1087 3387 ἐν

78 3426 211 3513 πολέμῳ
226 3420 420 3509 ἀπόρρητόν
439 3450 470 3489 τι
487 3426 607 3502 ἐξείποι
626 3430 684 3509 τῆς
697 3423 855 3505 Σπάρτης
871 3424 1087 3504 αἰκιζομένων

79 3528 145 3586 τῶν
172 3525 322 3605 ἐχθρῶν,
355 3518 438 3588 ἀλλά
465 3528 654 3604 καταγελῶν
686 3516 798 3585 αὐτῶν
822 3532 1011 3602 μαστιγοῖτο
1043 3513 1086 3582 ἀν
