2625 4092
227 257 289 320 142
588 261 883 318 Λουκικιιον
1054 335 1059 340 ,

225 420 324 486 τουτό
340 440 393 485 σοι
409 417 597 502 ἀδύνατον,
614 423 791 484 ἐπίνευσον
805 416 925 504 γούνή
941 418 1132 487 ἀνάνευσον
1149 445 1236 504 προς

225 515 264 584 τό
285 516 490 602 ἐρωτώμενα.
526 527 559 584 εί
571 543 619 594 τις
640 514 755 583 αὐλεῖν
778 513 822 602 μή
841 517 1057 602 ἐπιστάμενος
1077 517 1236 602 κτήσαιτο

225 615 304 692 τούς
317 616 487 698 Τιμοθέου
497 613 622 692 αὐλούς
632 611 654 702 ἢ
665 612 743 691 τούς
754 611 931 701 Ἰσμηνίου,
947 613 1006 695 οὓς
1017 615 1096 684 έπτδι
1108 619 1238 684 ταλύν-
1287 635 1288 674 1

225 741 294 781 των
311 710 328 778 ό
344 710 507 798 Ἰσμηνίας
522 714 559 778 ἐν
576 718 736 801 Κορίνθῳ
753 715 904 798 ἐπριάτο,
927 707 985 797 ἆρ’
1005 710 1047 780 ἂν
1063 713 1117 781 διὰ
1132 722 1237 781 τοῦτο
1287 727 1288 732 ’

226 815 281 880 καὶ
296 807 412 878 αὐλεῖν
429 809 583 889 δύναιτος
604 807 739 896 ήούδὲν
752 809 873 896 όφελος
888 811 978 902 αύτῷ
992 820 1053 880 τοῦ
1071 813 1239 896 κτήματος

159 928 209 982 104
228 913 290 981 ούκ
305 912 509 1000 ἐπισταμένῳ
524 909 712 996 χρήσασθαι
727 911 810 978 κατὰ
822 910 883 997 τήν
896 915 1029 999 τέχνην;
1052 905 1091 979 εὖ
1106 939 1142 998 γε
1155 911 1239 979 υἷνέ-

227 1031 365 1088 νευσας·
389 1005 467 1076 οὐδὲ
483 1005 547 1093 γὰρ
562 1004 641 1084 τούς
656 1008 828 1091 Μαρσύου
843 1006 864 1095 ή
882 1009 1052 1097 Ὀλύμπου
1068 1011 1239 1094 κτησόμε-

225 1134 283 1186 νος
294 1106 470 1194 αὐλήσειεν
486 1101 529 1172 ἐν
541 1105 585 1192 μή
597 1107 728 1191 μαθών.
753 1113 788 1175 τί
796 1105 839 1189 δ’,
857 1118 889 1176 εί
896 1136 944 1186 τις
961 1115 1022 1175 τοῦ
1033 1106 1238 1191 Ἡρακλέους

224 1206 264 1275 τὰ
274 1206 352 1286 τόξα
367 1205 521 1290 κτήσαιτο
536 1203 580 1290 μή
593 1205 795 1291 Φιλοκτήτης
812 1205 876 1288 τόν,
895 1203 937 1283 ἐις
949 1206 1117 1273 δύνασθαι
1128 1209 1238 1273 ἐντεί-

226 1311 354 1372 νασθαί
364 1331 399 1371 τε
414 1301 498 1371 αὐτὰ
514 1305 568 1370 καὶ
583 1304 745 1370 ἐπίσκοπα
761 1308 930 1386 τοξεῦσαι,
952 1310 985 1370 τί
996 1323 1049 1370 σοι
1068 1303 1120 1369 καὶ
1134 1295 1239 1380 οὗτος

226 1407 332 1484 δοκεῖς
350 1395 404 1484 ἆρ’
418 1397 462 1468 ἐν
474 1403 705 1481 ἐπιδείξασθαί
715 1430 744 1468 τι
761 1408 860 1488 ἔργον
875 1403 1014 1483 τοξότου
1029 1399 1136 1480 ἅξιους
1154 1400 1230 1467 ἆνέ

225 1525 347 1579 νευσας
367 1503 421 1568 καὶ
441 1508 549 1567 τοῦτο.
583 1498 666 1566 κατα
689 1498 792 1567 ταύτὰ
813 1499 861 1587 δή,
877 1504 932 1568 καὶ
947 1498 965 1569 ὁ
982 1506 1152 1585 κυβερνᾶν
1172 1493 1238 1564 ούκ

226 1598 321 1676 είδιός
335 1601 390 1666 καὶ
404 1593 563 1666 ἱππεύειν
572 1597 617 1685 μή
632 1598 859 1686 μεμελετηκώς
874 1605 904 1666 εἰ
918 1597 936 1666 ὁ
948 1600 1009 1684 μὲν
1020 1603 1107 1663 ναῦν
1121 1621 1238 1679 παρα-

224 1697 321 1782 λάβοι
335 1710 402 1772 τοῖς
418 1703 497 1762 πᾶσι
514 1697 568 1761 καὶ
585 1701 631 1772 είς
644 1697 767 1772 καλλος
782 1697 836 1763 καὶ
853 1703 898 1776 εἰς
913 1695 1100 1780 ἀσφάλειαν
1115 1695 1237 1761 καλλι-

226 1815 287 1860 στα
302 1795 577 1878 ἐξειργασμένην,
602 1790 619 1857 ό
637 1791 673 1858 δέ
689 1795 793 1859 ἵππον
811 1794 965 1879 κτήσαιτο
979 1797 1103 1877 Μήδου
1117 1787 1138 1877 ἢ
1154 1819 1238 1859 κεν-

226 1895 387 1976 ταυρίδην
402 1887 424 1975 ή
438 1891 676 1976 κοππαφόρον,
699 1893 861 1977 ἐλέγχοιτο
876 1890 935 1975 ἄν,
952 1890 1058 1976 οἶμαι,
1080 1892 1238 1972 ἑκάτερος

226 1987 288 2054 ούκ
306 1986 400 2064 εἰδώς
421 1986 440 2054 ό
456 2016 486 2056 τι
502 1989 660 2075 χρήσαιτο
678 1991 828 2079 ἑκατέρῳ.
864 1991 1025 2067 ἐπινεύεις
1046 1990 1099 2055 καὶ
1114 1995 1237 2066 ποτᾶτος

225 2094 347 2154 πείθου
368 2085 408 2171 δή
432 2088 486 2154 καὶ
508 2087 607 2153 τουτό
628 2112 685 2172 μοι
707 2089 901 2173 ἐπίνευσον,
931 2096 1029 2164 εἴτις
1056 2083 1168 2167 ὥσπερ
1191 2083 1236 2151 σύ

225 2183 422 2260 ἀπαίδευτος
435 2180 483 2250 τόν
496 2199 613 2252 ονοίτο
625 2184 732 2252 πολλοὶ
745 2192 872 2273 βιβλία,
888 2183 930 2253 ού
941 2186 1120 2271 σκώμματα
1132 2175 1237 2260 οὗτος

224 2290 270 2361 είς
281 2280 502 2377 ἀπαιδευσίαν
512 2281 593 2350 καθ’
605 2285 726 2350 ἑαυτοῦ
739 2285 888 2368 ἐκφέρεις
905 2291 939 2351 τί
946 2279 1055 2360 ὀκνεῖς
1066 2284 1119 2348 καὶ
1130 2287 1236 2347 τοῦτο

222 2381 405 2458 ἐπινεύειν;
433 2386 564 2466 ἐλεγχος
590 2382 674 2466 γάρ,
704 2379 810 2466 οἶμαι,
837 2379 945 2467 σαφής
967 2372 1066 2458 οὗτος
1086 2381 1140 2446 καὶ
1163 2386 1235 2445 τῶν

156 2503 203 2555 105
222 2478 381 2565 ὁρώντων
402 2482 539 2557 ἕκαστος
561 2479 667 2558 εύθδς
690 2477 726 2548 τό
751 2482 1006 2567 προχειρότατον
1028 2481 1133 2546 ἐκεῖνο
1157 2481 1235 2545 ἐπι-

223 2585 422 2664 φθέγγεται,
443 2585 477 2645 τί
490 2580 568 2646 κυνὶ
584 2581 639 2646 καὶ
654 2586 835 2671 βαλανείφς
861 2589 891 2650 6.
909 2581 963 2647 καὶ
979 2577 1108 2664 ἐγένετό
1123 2605 1176 2656 τις
1192 2574 1235 2644 ού

222 2676 286 2763 πρό
308 2685 434 2745 πολλοῦ
450 2681 486 2745 ἐν
501 2675 590 2767 Ἀσίηι
610 2680 771 2757 πλούσιος
787 2677 873 2765 ἀνήρ
889 2681 925 2746 ἐκ
946 2684 1122 2764 συμφορᾶς
1143 2674 1235 2744 ἀπο-

220 2779 357 2863 τμηθεὶς
366 2774 445 2854 τούς
455 2778 560 2856 πόδας
572 2776 782 2864 ἀμφοτέρους
798 2775 862 2844 ιἰπδ
875 2777 1009 2861 κρύους,
1027 2776 1128 2863 οἶμαι,
1143 2774 1233 2844 ἄπο-

221 2877 400 2956 σαπέντας,
425 2876 538 2962 ἐπειδή
560 2902 640 2943 ποτε
661 2874 715 2943 διδ
738 2877 850 2964 χιόνος
868 2874 1086 2962 ὁδοιπορῆσαι
1106 2877 1233 2962 ξυνέβη

221 2969 326 3062 αύτῷ·
360 2965 458 3052 οὗτος
472 2982 589 3043 τοίνυν
606 2984 704 3044 τοῦτο
726 2978 788 3064 μέν
806 2974 953 3045 ἐλεεινόν
972 2976 1153 3044 ἐπεπόνθει
1175 2978 1233 3042 καὶ
1293 2979 1294 2986 '

220 3071 422 3156 θεραπεύειν
432 3069 494 3158 τήν
508 3078 688 3160 δυστυχίαν
703 3079 858 3154 ξυλίνους
869 3074 974 3153 πόδας
984 3080 1159 3158 πεποίητο,
1175 3075 1233 3141 καὶ
1293 3129 1294 3148 ,

219 3172 359 3249 τούτους
371 3168 603 3258 ὑποδούμενος
617 3174 770 3260 ἐβάδιζεν
781 3175 1066 3260 ἐπιστηριζόμενος
1082 3170 1149 3257 ἅμα
1161 3185 1233 3249 τοῖς

219 3273 376 3347 οἰκέταις·
398 3271 505 3338 ἐκεῖνο
522 3271 557 3339 δέ
571 3280 703 3358 γελοῖον
720 3274 839 3359 ἐποίει,
855 3277 1017 3359 κρηπῖδας
1033 3268 1098 3356 γὰρ
1114 3279 1232 3338 καλλί-

219 3390 297 3446 στας
313 3369 445 3434 ἐωνεῖτο
462 3370 661 3456 νεοτμήτους
676 3369 745 3457 όεί,
762 3375 817 3440 καὶ
832 3369 894 3457 τήν
905 3378 1061 3457 πλείστην
1073 3395 1231 3456 πραγμα-

220 3475 309 3534 τείαν
330 3468 405 3550 περὶ
422 3467 543 3547 ταύτας
564 3466 666 3555 εἶχεν,
693 3467 737 3549 ὥς
753 3477 938 3549 καλλίστοις
961 3467 1153 3555 ὑποδήμασι
1173 3496 1228 3536 κε·
1292 3511 1294 3524 1
