2625 4092
222 298 283 362 108
573 301 877 361 ΛΟΤΚΙΑΝΟΥ

221 460 335 547 έτέρφ,
359 459 488 528 ἐοικότα
504 460 825 545 ξυναναστησομέυφ
839 455 919 541 μετά
935 464 991 543 τῆς
1008 464 1128 545 βολῆςς
1155 456 1228 527 ofin

171 568 206 624 ⁴6
222 560 367 641 ἐκείνου,
384 549 407 643 ἦ
423 554 454 623 δ’
472 554 526 641 ὅς,
546 556 615 624 ἐπεὶ
625 562 694 622 τών
704 555 877 639 Μύρωνος
890 561 999 641 έργων
1014 559 1123 625 ἓνκαὶ
1131 559 1228 626 τοῦτό

221 650 589 742 έστινὸδισκοβόλος,“
570 658 742 739 ονλέγεις
763 652 887 722 ουδὲ
853 681 914 722 τον
924 680 991 739 παρ
1018 655 1127 724 αὐτόν
1133 683 1229 744 φημι,

219 748 280 819 τόν
292 748 562 838 διαδούμενον
527 777 588 838 την
599 749 750 838 κεφαλην
763 780 803 840 τη
789 752 983 841 ταινίᾳ,
949 781 1011 821 του
1025 755 1140 840 καλόν,
1159 763 1229 823 Πο-

221 858 398 918 λυκλείτου
414 850 592 934 γάρτοῦτο
608 855 718 935 ἔργον
748 847 832 918 άλλά
847 849 926 929 τούς
941 852 1003 938 μὲν
1018 851 1120 920 ἐπὶ
1083 880 1123 921 τα
1137 851 1229 931 δεξιά

223 952 396 1019 εἰσιόντων
418 949 518 1035 άφες,
544 945 638 1017 ἐν
603 976 652 1028 οις
673 947 790 1017 καὶ
754 977 794 1016 τα
814 957 955 1069 Κριτίου
977 979 1032 1018 και
1051 951 1230 1038 Νησιώτου

222 1048 429 1134 πλάσματα”
409 1070 556 1141 εστηκευ,
573 1052 608 1116 οἱ
615 1046 886 1132 τυραννοκτόνοι.
908 1046 952 1115 οὐ
967 1049 1003 1117 δέ
1015 1059 1047 1118 εί
1053 1070 1129 1117 τινα
1140 1046 1230 1133 παρὰ

221 1145 258 1215 τό
276 1144 369 1232 ὕδωρ
381 1145 418 1215 τό
430 1149 586 1231 ἐπιρρέον
602 1144 687 1224 είδες
700 1147 924 1232 προγάστορα,
942 1153 1140 1232 φαλαντίαν,
1155 1147 1231 1233 ἡμί-

221 1272 353 1332 γυμνον
375 1241 438 1331 τὴν
459 1240 647 1331 άναβολήν,
670 1242 886 1329 ἠνεμωμένον
906 1252 967 1311 τοῦ
991 1246 1152 1328 πώγωνος
1173 1242 1230 1323 τάς

221 1350 332 1430 τρίχας
340 1346 440 1427 ἐνίας,
452 1345 614 1429 ἐπίσημον
622 1340 681 1420 τὰς
690 1346 824 1429 φλέβας,
837 1340 1091 1432 αὐτοανθρώπῳ
1101 1340 1231 1429 όμοιον,

221 1445 351 1511 ἐκείνου
366 1444 467 1527 λέγω,
485 1446 622 1526 Πέλιχος
638 1437 658 1507 ὁ
674 1446 857 1525 Κορίνθιος
872 1438 1053 1526 στρατηγός
1069 1439 1154 1509 εἶναι
1172 1444 1231 1507 δο-

221 1554 279 1609 κεῖ.
303 1544 352 1608 19.
370 1536 424 1625 Νὴ
439 1537 518 1624 Δί’,
532 1530 576 1627 ἦν
590 1534 622 1605 δ’
638 1539 720 1624 έγώ,
740 1536 831 1606 εἶδόν
846 1564 920 1606 τινα
938 1540 990 1606 ἐπὶ
1004 1537 1044 1605 τά
1061 1535 1153 1618 δεξιά
1169 1546 1230 1605 τοῦ

220 1637 359 1722 Κρόνου
372 1643 501 1715 ταινίας
514 1640 569 1705 καὶ
580 1637 767 1722 στεφάνους
779 1635 900 1723 ξηροὺς
911 1642 1044 1723 έχοντα,
1061 1658 1231 1723 κεχρυσω-

221 1738 325 1820 μένον
345 1734 499 1812 πετάλοις
520 1732 557 1801 τδ
579 1740 725 1821 στῆθος(
749 1733 830 1821 Ἐγώ
851 1738 903 1820 δέ,
926 1734 945 1801 ὁ
962 1734 1138 1821 Εὐκράτης
1155 1740 1231 1821 ἔφη,

221 1835 331 1901 ἐκεῖνα
352 1831 541 1917 ἐχρύσωσα,
564 1830 665 1900 ὁπότε
681 1831 718 1918 μ’
739 1832 855 1901 ίάσατο
874 1831 929 1900 διά
950 1838 1060 1918 τρίτης
1081 1829 1148 1900 ὑπὸ
1170 1840 1232 1899 τοῦ

221 1930 366 2019 ἠπιάλου
382 1930 625 2020 ἀπολλύμενον.
644 1926 706 2003 Ἠν
718 1931 784 2021 γάρ
799 1937 853 2003 καί
867 1936 994 2021 ίατρός,
1009 1929 1054 2021 ἦν
1068 1934 1100 2003 δ’
1114 1935 1196 2021 ἐγώ,
1213 1931 1232 2001 ὁ

221 2035 388 2118 βέλτιστος
406 2024 675 2119 οὖτος,Πέλιχος;
696 2032 787 2101 Ἔστι
806 2035 860 2101 καί
878 2032 923 2119 μὴ
939 2040 1084 2115 σκώπτε,
1107 2026 1178 2119 ἧδ’
1196 2029 1233 2109 ὃς

169 2144 203 2199 47
222 2127 448 2216 ὁΕύκράτης,
463 2130 485 2218 ἥ
502 2152 539 2198 σε
552 2129 615 2199 ούκ
632 2138 678 2210 είς
689 2130 822 2217 μακράν
836 2136 982 2218 μέτεισιν
998 2128 1136 2217 ὁάνηρ·
1157 2129 1233 2198 οἶδα

222 2225 287 2313 ἐγώ
303 2227 385 2295 ὅσου
400 2230 541 2297 δύναται
566 2222 697 2308 οὖτοςὸ
718 2228 784 2297 ὑπὸ
800 2237 863 2297 σοῦ
878 2230 1065 2315 γελώμενος
1080 2226 1231 2310 άυδριάς.

220 2324 298 2414 ἢού
319 2335 460 2414 νομίζεις
480 2338 541 2397 τοῦ
561 2326 668 2397 αὐτοῦ
683 2328 767 2396 εἶναι
785 2331 839 2396 καὶ
857 2331 1053 2411 ἐπιπέμπειν
1068 2324 1234 2409 ἠπιάλους

221 2422 271 2507 οἷς
295 2424 339 2496 άν
365 2431 483 2517 έθέλη,
518 2440 552 2498 εί
572 2454 609 2515 γε
638 2431 694 2497 καὶ
718 2425 926 2513 άποπέμπειν
953 2425 1100 2493 δυνατόν
1123 2425 1232 2513 αύτῷς

221 2524 349 2612 Ἵλεώς,
366 2520 410 2614 ἦν
428 2524 460 2594 δ’
478 2526 544 2613 ἐγώ
551 2580 560 2613 ,
577 2533 661 2596 έστω
678 2524 696 2594 ὁ
712 2524 852 2609 ἀνδριάς
866 2527 921 2592 καὶ
936 2523 1033 2610 ἤπιος
1047 2522 1156 2603 οὕτως
1171 2522 1233 2589 άν-
1296 2555 1297 2560 ’

221 2630 330 2711 δρεῑος
351 2623 408 2693 ών.
443 2632 478 2693 τί
496 2623 528 2693 δ’
550 2618 614 2693 οὖν
635 2626 690 2692 καὶ
711 2623 792 2692 άλλο
818 2631 982 2691 ποιοῦντα
1004 2619 1105 2707 ὁρᾶτε
1126 2619 1234 2688 αύτόν

220 2723 365 2802 ἅπαντες
379 2728 414 2791 οἱ
427 2726 464 2791 έν
481 2732 521 2813 τῇ
535 2729 641 2812 οίκίςτς
659 2720 812 2791 Ἐπειδὰν
826 2723 975 2808 τάχιστα.
992 2727 1073 2807 ἔφη,
1096 2717 1161 2800 νύξ
1176 2726 1234 2807 γέ-

221 2850 327 2911 νηται,
346 2822 363 2888 ὁ
380 2825 415 2890 δὲ
427 2821 572 2912 καταβάς
584 2822 649 2892 άπό
662 2830 720 2909 τῆς
733 2823 873 2910 βάσεως,
888 2819 941 2907 ἐφ’
955 2813 977 2909 ἦ
992 2821 1119 2907 ἕστηκε,
1135 2827 1233 2903 περί-

222 2943 306 2991 εισιν
332 2925 369 2989 έν
393 2922 505 3013 κύκλω
527 2921 588 3011 τὴν
610 2930 719 2992 οἰκίαν
741 2922 796 2988 καὶ
819 2920 941 3012 πάντες
967 2920 1234 3005 ἐντυγχάνουσιν

222 3018 313 3111 αὐτῷ
327 3022 432 3088 έυίοτε
446 3023 501 3089 καὶ
515 3020 646 3110 ᾅδοντι,
668 3026 724 3090 καί
737 3018 800 3086 οὐκ
821 3024 909 3085 ἔστιν
924 3015 1042 3086 ὅντινα
1054 3016 1232 3105 ἠδίκησεν·

222 3121 439 3202 ἐκτρέπεσθαι
466 3118 530 3203 γάρ
552 3118 614 3207 χρὴ
640 3121 763 3207 μόνον·
797 3116 815 3185 ὁ
842 3120 878 3185 δὲ
906 3119 1103 3204 παρέρχεται
1126 3120 1234 3203 μηδὲν

149 3206 156 3223 x
223 3218 402 3304 ἐνοχλήσας
418 3216 496 3296 τούς
515 3219 656 3299 ίδόντας.
685 3222 740 3288 καὶ
760 3216 829 3304 μὴν
842 3219 898 3286 καί
918 3215 1053 3283 λούεται
1067 3214 1107 3283 τά
1123 3215 1233 3286 πολλά

222 3320 277 3387 καὶ
292 3323 397 3398 παίζει
412 3314 456 3384 δι’
472 3317 603 3403 ὅλης
564 3345 622 3405 της
632 3319 771 3401 νυκτός,
789 3315 873 3384 ώστε
885 3316 1022 3384 ἀκούειν
1032 3342 1093 3383 του
1079 3315 1234 3393 ύδατος

222 3424 423 3502 ψοφοῦντος
448 3412 530 3498 Ὅρα
545 3425 679 3503 τοίνυν,
700 3443 745 3505 ην
759 3414 790 3483 δ
810 3415 951 3503 ἐγώ,
910 3444 955 3502 μη
970 3413 1043 3501 ούχι
1033 3418 1209 3536 Πέλιχος
1215 3444 1234 3482 ο

222 3514 378 3598 ἀνδριάς,
394 3512 478 3582 άλλά
497 3514 642 3593 Τάλως’
628 3544 645 3583 ο
662 3513 863 3602 Κρηςὸτού
876 3507 1064 3603 Μίνωοςῇ
1093 3541 1149 3582 και
1166 3509 1236 3599 γάρ
