2625 4092
262 289 573 350 ΣΤΜΠΘΣΙΟΝ
589 293 619 346 Η·
637 288 872 373 AAHIOAI.
1004 286 1065 352 ‚331

60 487 157 546 κετης
167 484 234 544 παρ
232 454 496 547 Ετοιμοκλεους
506 485 566 525 του
554 455 763 528 Στωικόν
741 484 836 546 ηκειν
846 461 953 544 λεγων
962 486 1067 559 γραμ·

60 568 141 647 μοιτί
127 565 216 629 ίδιον
225 567 312 648 έχων
322 566 482 630 κελεῦσαί
490 565 524 628 οί
537 559 646 647 ἔφη
613 589 673 629 τον
685 560 851 647 δεσπότην
862 564 955 630 έν
910 587 955 628 τω
966 568 1069 653 κοινῷ

60 663 319 750 ἀναγνόντας
273 669 319 743 είς
341 659 528 753 ἐπήκοον
506 683 631 731 απασιν
652 659 759 731 ὀπίσω
780 654 883 740 αὖθις
901 659 1067 731 αἰπαλλοίτ-
1126 693 1129 697 ·

60 777 190 834 τεσθαι.
216 757 409 890 έφέητος
369 793 432 836 ουν
445 792 506 833 του
493 762 764 889 Ἀρισταινέτου
774 761 975 852 προσελθων
989 763 1070 852 πρὸς

61 867 121 936 τόν
135 865 294 954 λύχνον
275 875 513 954 ανεγίνωσκεν.
595 880 627 912 ·’-·
739 898 741 901 ·
1132 856 1135 862 ⁴

148 979 245 1038 ΦΙΛ.
262 961 305 1040 Η
323 997 406 1055 που,
427 998 454 1038 ω
475 979 617 1052 Λυκινε,
637 976 695 1055 τῆς
713 966 849 1058 νύμφης
870 963 1069 1057 ἐγκώμιονῆ

60 1073 305 1161 ἐπιθαλάμιον,
321 1067 376 1142 οἷα
390 1070 497 1142 πολλα
512 1076 685 1149 τοιούτους

147 1183 249 1259 ΛΤΚ.
273 1172 401 1263 Ἀμέλει
423 1177 479 1243 καὶ
494 1169 593 1262 ἡμεῖς
615 1179 770 1242 τοιοῦτον
788 1170 964 1266 ᾠήθημεν,
993 1170 1067 1243 αλλ’

60 1275 138 1347 οὐδ’
157 1269 290 1364 ἐγγύς
270 1306 313 1366 ην
326 1277 465 1346 τούτου·
482 1276 761 1362 ένεγέγραπτο’
717 1296 799 1363 γαρ·
1024 1304 1026 1307 ·

147 1389 196 1470 22.
215 1375 484 1468 Ετοιμοκλῆς
503 1378 745 1465 φιλόσοφος
761 1374 1067 1470 Ἀρισταινέτῳ.

59 1477 152 1558 ὅπως
159 1479 223 1565 ’μέν
238 1487 300 1570 έχω
313 1479 394 1569 πρδς
405 1489 525 1551 δεῖπνα
540 1477 812 1568 όπαρεληλυθύς
828 1510 884 1568 μοι
898 1478 1004 1567 βίος
983 1507 1069 1560 απας

60 1582 248 1670 μαρτύριον
261 1612 304 1652 αν
314 1579 486 1670 γένοιτο,”
468 1611 503 1662 09
516 1611 554 1669 γε
568 1578 727 1672 ὁσημέραι
740 1589 874 1651 πολλῶν
888 1585 1066 1670 ἐνοχλούν-

59 1713 131 1752 των
151 1712 241 1771 παρα
261 1685 347 1755 πολύ
366 1693 428 1756 σοῦ
449 1681 745 1769 πλουσιωτέρων”
726 1713 814 1772 ομως
834 1682 914 1753 ούδέ
935 1686 1068 1755 πύποτε

59 1790 179 1876 φέρων
192 1787 336 1875 ἐμαυτόν
351 1793 503 1858 ἐπέδωκα
520 1796 616 1866 είδως
631 1785 708 1865 τούς
721 1790 775 1855 ἐπὶ
789 1805 858 1866 τοῖς
871 1793 1069 1875 συμποσίοις

59 1889 233 1975 θορύβους
248 1894 303 1959 καὶ
317 1899 502 1980 παροινίας.
524 1893 577 1960 έπλ
591 1896 653 1959 σού
668 1889 704 1957 δέ
717 1889 823 1977 μόνον
838 1889 972 1969 εἰκότως
986 1888 1066 1976 ἄγα-

60 1997 229 2078 νακτησαί
243 2021 297 2080 μοι
314 2001 412 2076 δοκοί,
429 1991 464 2072 ὃς
477 1999 638 2062 τοσοῦτον
652 1990 774 2078 χρόνον
788 1987 848 2059 ὑπ’
873 1997 955 2080 ἐμοῦ
969 2003 1066 2060 λιπα-

59 2100 129 2179 ρύς
141 2101 430 2183 τεθεραπευμένος
444 2092 506 2164 ούκ
518 2093 659 2182 ἠξίωσας
670 2097 892 2182 ἐναριθμῆσαι
904 2092 986 2180 κόμέ
999 2110 1067 2173 τοῖς
1085 2109 1135 2161 435

57 2195 175 2274 ἄλλοις
190 2205 316 2282 φίλοις,
338 2195 421 2266 ἄλλα
442 2197 542 2285 μόνος
564 2195 629 2283 έγω’
650 2217 702 2264 σοι
723 2195 874 2284 ἄμοιρος,
896 2198 1068 2264 καὶταῦτα

58 2302 100 2366 ἐν
114 2299 278 2384 γειτόνων
291 2305 403 2369 οίκιόν.
427 2297 571 2386 ιἰνιῶμαι
585 2291 648 2369 οὖν
662 2299 716 2366 ἐπὶ
730 2300 783 2367 σοί
797 2297 834 2368 τό
849 2300 951 2367 πλέον
963 2295 1068 2376 οὕτως

55 2398 228 2492 ἀχαρίστῳ
248 2405 405 2488 φανέντι·
432 2404 503 2490 ἐμοὶ
525 2398 588 2487 γὰρ
608 2397 628 2490 ἡ
651 2397 848 2488 εὐδαιμονία
869 2397 930 2469 ούκ
951 2403 989 2468 έν
1010 2395 1069 2480 ύδς

56 2500 182 2587 αἰγρίου
203 2511 301 2593 μοίρᾳ
322 2499 342 2591 ἢ
363 2509 496 2590 λαγωοῦ
520 2499 540 2591 ἢ
562 2508 786 2582 πλακοῦντος,
811 2499 832 2570 οἳ
852 2500 933 2587 παρ’
956 2499 1068 2581 ἄλλοις

56 2601 225 2689 ἀφθόνως
238 2603 398 2675 ἀπολαύω
412 2604 451 2673 τό
473 2605 667 2698 καθήκοντα
683 2605 825 2688 εἰδόσιν,
847 2606 919 2674 ἐπεὶ
939 2605 996 2671 καὶ
1009 2602 1065 2691 τη-

57 2733 166 2798 μερον
180 2706 270 2794 παρὰ
283 2714 329 2800 τῷ
342 2714 476 2796 μαθητῇ
490 2709 662 2794 Παμμένει
684 2710 860 2794 δειπνῆσαι
880 2707 1067 2788 πολυτελές,

56 2805 112 2887 ὥς,
129 2831 228 2894 φασι,
251 2815 390 2879 δείπνου
405 2809 595 2896 δυνάμενος
612 2806 674 2878 ούκ
689 2812 852 2879 ἐπένευσα
873 2807 1067 2891 ἱκετεύοντι,

51 2905 149 2996 -σολδ
161 2909 301 2998 ἀνόητος
310 2909 459 2999 ἐμαυτόν
472 2910 661 2998 φυλάττων.
689 2923 741 2984 23.
755 2908 799 2979 σύ
811 2911 848 2978 δὲ
862 2906 947 2997 ἡμᾶς
960 2935 1066 2993 παρα-

58 3011 172 3082 λιποδν
185 3011 307 3093 ἄλλους
321 3011 466 3101 εύωχελς,
482 3013 632 3092 εἰκότως·
652 3009 747 3080 ούπω
757 3009 821 3099 γαρ
835 3011 977 3081 δύνασαι
993 3017 1067 3079 δια-

57 3123 194 3200 κρίνειν
214 3115 251 3185 τὸ
273 3118 405 3202 βέλτιον
427 3112 507 3193 οὐδὲ
528 3114 589 3204 τὴν
614 3112 863 3204 καταληπτικὴν
880 3120 1069 3201 φαντασίαν

53 3209 157 3304 λέχεος.
186 3215 269 3287 ἀλλὰ
284 3219 360 3288 οίδα
375 3214 459 3287 ὅθεν
473 3246 528 3304 μοι
542 3223 658 3300 ταῦτα,
678 3214 767 3304 παρὰ
780 3223 849 3286 τῶν
861 3219 1068 3302 θαυμαστῶν

57 3320 355 3408 σουφιλοσόφων,
377 3321 608 3406 Ζηνοθέμιδος
624 3320 679 3386 καὶ
693 3326 933 3408 Λαβυρίνθου,
956 3306 1005 3386 οἷν
1020 3357 1065 3368 -·

57 3419 164 3511 αἰπείη
178 3423 215 3492 ’δέ
230 3419 456 3512 ἦἈδρύστεια
472 3462 517 3474 ·-
533 3426 745 3511 συλλογισμῷ
760 3423 810 3490 ἐνὶ
823 3416 1012 3507 τἰποφρύξαι
1026 3413 1069 3484 ἄν

59 3551 121 3613 μοι
134 3524 270 3612 τάχιστα
293 3530 382 3594 δοκῶ
404 3520 445 3592 τδι
458 3523 613 3609 στόματα.
644 3516 803 3610 ἦείπύτω
823 3549 873 3601 τις
886 3518 1016 3602 αύτων,
1037 3525 1072 3586 τί

62 3627 136 3692 ἐστὶ
154 3635 354 3713 φιλοσοφίας
376 3619 452 3712 ἦτδ
465 3630 580 3708 πρῶτα
600 3629 721 3702 ταῦτα,
742 3631 777 3692 τί
787 3626 940 3709 διαφέρει
960 3621 1070 3704 σχέσις
