2625 4092
244 272 284 336 3⁶2
601 281 905 340 AOYKIANOT

207 485 209 490 ,
244 443 295 504 11.
313 431 385 523 όγε
400 436 467 523 μήν
488 437 680 521 Ἐπίκουρος
696 441 828 526 σφόδρα
845 441 1073 527 ἀναισχύντως
1088 440 1260 528 ὑφελόμε-

243 562 301 615 νος
312 535 348 604 τδ
360 545 417 622 τῆς
431 548 649 626 παρασιτικῆς
664 543 757 620 τέλος
768 550 825 627 τῆς
839 539 913 609 κατ’
927 539 1032 609 αὐτόν
1043 539 1260 626 εὐδαιμονίας

242 638 335 712 τέλος
351 635 432 704 αὐτὸ
451 652 546 704 ποιεῖ.
576 641 630 705 καί
645 637 696 706 ὅτι
711 638 817 726 κλοπή
832 637 869 706 τό
887 641 1023 726 πρᾶγμά
1041 641 1180 707 ἐστικαὶ
1197 636 1259 705 οὐ·

243 734 301 800 δὲν
316 730 501 825 Ἐπικούρῳ
519 737 610 820 μέλει
627 734 664 803 τό
687 734 769 821 ἡδύ,
791 734 874 804 ἀλλά
897 743 941 824 τῷ
957 742 1144 826 παρασίτῳ,
1166 733 1260 801 οὕτω

242 833 367 918 μάθοις
384 831 436 900 άυ.
468 839 572 919 ἔγωγε
592 833 738 920 ῆγούμαι
758 834 793 902 τό
819 833 885 922 ῆδύ
908 835 1118 921 πρῶτονμὲν
1139 832 1176 901 τό
1201 841 1261 919 τῆς

242 929 366 1014 σαρκός
377 932 550 1018 ἀόχλητον,
570 939 680 1000 ἔπειτα
692 935 728 1000 τό
744 933 789 1019 μή
801 935 958 1020 θορύβου
973 937 1027 1000 καί
1041 941 1183 1018 ταραχῆς
1196 932 1260 1017 τῆν

241 1027 354 1115 ψυχήν
377 1033 615 1116 ἐμπεπλῆσθαι.
649 1030 779 1098 τούτων
802 1041 920 1100 τοίνυν
943 1031 960 1097 ὁ
989 1037 1050 1117 μὲν
1072 1033 1258 1113 παράσιτος

170 1139 222 1193 849
243 1131 408 1212 ἑκατέρων
430 1130 604 1214 τυγχάνει,
633 1127 704 1196 ὁδδ
725 1129 917 1211 Ἐπίκουρος
940 1127 1019 1197 οὐδὲ
1041 1133 1204 1211 θατέρου·
1239 1129 1257 1194 ὁ

240 1225 305 1312 γάρ
327 1230 432 1311 ζητῶν
446 1229 520 1309 περὶ
542 1228 706 1312 σχήματος
726 1235 786 1312 γῆς
801 1229 856 1295 καὶ
873 1228 1010 1312 κόσμων
1030 1225 1182 1308 ἀπειρίας
1201 1231 1257 1294 καί
1307 1314 1308 1317 ¹

240 1326 407 1410 μεγέθους
423 1324 520 1411 ἡλίου
535 1329 589 1393 καὶ
605 1323 849 1412 ἀποστημάτων
859 1329 913 1394 καὶ
924 1325 1067 1409 κράτων
1082 1335 1258 1412 στοιχείων
1307 1322 1308 1385 ι

240 1424 385 1503 καὶπερὶ
404 1430 512 1508 θεῶν,
538 1435 601 1493 εῖτε
619 1427 702 1492 εἰσίν
723 1434 786 1493 εἴτε
803 1423 866 1492 οὐκ
882 1431 948 1493 εἰσί
951 1475 960 1508 ,
982 1427 1038 1493 καὶ
1057 1428 1133 1510 περὶ
1147 1423 1257 1492 αὐτοῦ

239 1529 300 1588 τοῦ
315 1525 430 1600 τέλους
445 1523 495 1590 ἀεὶ
508 1534 665 1610 πολεμοῦν
677 1527 731 1591 καί
746 1526 990 1610 διαφερόμενος
1006 1525 1090 1608 πρός
1103 1550 1196 1601 τινας
1212 1525 1256 1590 ού

240 1623 348 1707 μόνον
359 1626 396 1690 ἐν
408 1622 655 1707 ἀνθρωπίναις,
673 1622 757 1694 ἀλλά
770 1627 824 1692 καὶ
840 1628 876 1692 έν
891 1639 1063 1709 κοσμικαῖς
1075 1628 1164 1692 ἐστιν
1177 1628 1256 1692 ένο-

239 1723 405 1808 χλήσεσιν,
436 1722 453 1788 ὁ
477 1724 514 1792 δὲ
535 1727 718 1807 παράσιτος
735 1725 845 1790 πάντα
867 1731 975 1800 καλῶς
997 1729 1082 1808 ἔχειν
1099 1722 1255 1807 οἰόμενος

138 1853 139 1862 ·
238 1824 293 1888 καὶ
315 1821 541 1901 πεπιστευκώς
561 1822 605 1909 μή
622 1823 730 1900 άλλως
747 1830 851 1889 ταῦτα
872 1829 959 1906 ἔχειν
979 1821 1119 1906 ἀμεινον
1134 1817 1155 1906 ή
1173 1828 1255 1907 ἔχει,

239 1917 320 2004 μετά
336 1928 458 2006 πολλῆς
470 1920 581 2000 ἀδείας
592 1924 645 1988 καὶ
658 1923 821 2006 γαλήνης,
839 1917 978 1998 οὐδενὸς
990 1919 1079 2009 αύτῷ
1093 1919 1255 1987 τοιούτου

239 2027 542 2103 παρενοχλοῦντος,
572 2023 677 2087 ε’σθίει
705 2023 759 2086 καὶ
784 2026 936 2104 κοιμᾶται
960 2017 1075 2097 ὕπτιος
1102 2015 1255 2102 ἀφεικώς

237 2113 316 2193 τούς
332 2118 438 2195 πόδας
453 2122 506 2184 καὶ
522 2115 580 2197 τάς
594 2133 705 2204 χεῖρας
720 2117 832 2199 ὥσπερ
845 2114 1024 2194 Ὀδυσσεύς
1038 2125 1095 2202 τῆς
1106 2122 1254 2201 Σχερίας

238 2214 416 2285 ἀποπλέων
438 2222 563 2286 οίκαδε.
595 2225 644 2288 12.
662 2221 716 2286 καὶ
733 2216 802 2303 μήν
822 2214 894 2303 ούχὶ
918 2215 1000 2283 κατά
1022 2224 1125 2283 ταῦτα
1141 2217 1254 2302 μόνον

237 2311 338 2380 οὐδέν
360 2315 519 2402 προσήκει
541 2316 578 2384 τό
599 2315 665 2403 ῆδύ
693 2324 738 2407 τῷ
759 2314 959 2405 Ἐπικούρῳ,
987 2313 1070 2383 ἀλλά
1095 2317 1148 2381 καὶ
1172 2313 1250 2380 κατ’

237 2415 363 2480 έκεῖυα·
392 2412 408 2480 ὁ
425 2412 489 2500 γάρ
505 2413 698 2499 Ἐπίκουρος
714 2408 827 2499 οὗτος,
850 2413 939 2492 ὅστις
952 2417 1032 2481 ποτέ
1047 2411 1168 2481 ἐστινὸ
1188 2436 1252 2479 σο-

237 2511 318 2597 φός,
338 2510 411 2597 ήτοι
429 2527 549 2599 φαγεῖν
565 2510 667 2600 έχειή
688 2513 745 2580 οὕ·
775 2520 805 2580 εί
818 2514 880 2599 μὲν
895 2511 957 2580 ούκ
974 2520 1055 2598 ἔχει,
1078 2510 1138 2597 οὐχ
1156 2510 1251 2589 ὅπως

235 2606 341 2694 ἡδέως
357 2611 501 2697 ζήσεται,
518 2609 593 2678 ἀλλ’
612 2610 691 2680 οὐδὲ
708 2612 853 2697 ζήσεται·
881 2617 911 2679 εί
926 2611 961 2678 δέ
980 2618 1059 2696 ἔχει,
1083 2620 1147 2677 εῖτε
1163 2609 1250 2692 παρ’

236 2710 358 2776 ἑαυτοῦ
373 2720 437 2777 εἴτε
454 2708 533 2792 παρ’
552 2710 673 2778 άλλου·
704 2719 733 2778 εί
746 2712 808 2796 μὲν
823 2703 888 2776 οὖν
903 2708 983 2791 παρ’
999 2708 1103 2777 ἀλλον
1125 2705 1162 2775 τό
1179 2735 1252 2792 φα-

166 2820 218 2875 850
236 2821 308 2890 γεῖν
328 2813 408 2893 ἔχει,
432 2810 615 2890 παράσιτός
631 2813 699 2876 ἐστι
720 2812 775 2876 καὶ
796 2807 856 2894 ούχ
877 2805 914 2886 ός
930 2813 1033 2893 λέγει·
1064 2813 1093 2875 εἰ
1109 2810 1145 2874 δὲ
1163 2805 1249 2889 παρ’

236 2905 372 2986 ἑαυτοῦ,
392 2905 452 2991 ούχ
466 2906 571 2992 ῆδέως
586 2909 725 2993 ζήσεται.

323 3010 418 3071 m.
441 3012 520 3082 Πῶς
536 3004 596 3091 οὐχ
612 3005 732 3091 ῆδέως;

318 3112 417 3173 ΠΑΡ.
446 3112 490 3174 El
508 3104 573 3192 γάρ
595 3115 659 3194 έχει
682 3106 718 3176 τό
737 3124 858 3194 φαγεῖν
873 3107 952 3190 παρ’
976 3112 1113 3188 ἑαυτοῦ,
1140 3110 1252 3177 πολλά

232 3227 294 3278 τοι,
311 3195 339 3269 ἀ
353 3205 510 3289 Τυχιάδη,
529 3214 574 3294 τῷ
584 3208 725 3296 τοιούτω
737 3216 799 3295 βίω
811 3217 1085 3289 παρακολουθεῖν
1096 3205 1250 3293 ἀνάγκη·

232 3303 287 3368 καὶ
302 3299 402 3382 ἀθρει
417 3302 513 3369 πόσα.
543 3308 596 3372 δεῖ
607 3303 668 3372 τόν
683 3309 846 3392 μέλλοντα
861 3308 1047 3392 βιώσεσθαι
1062 3303 1145 3373 καθ’
1163 3304 1252 3392 ῆδο-

233 3393 298 3484 νῆν
323 3396 382 3477 τάς
406 3402 622 3487 ἐγγινομένας
651 3401 775 3486 ὀρέξεις
800 3403 931 3482 ἁπάσας
960 3402 1191 3490 ἀναπληροῦν.
1225 3401 1251 3494 ἢ

231 3503 265 3566 τί
282 3498 359 3585 φάεα
