2625 4092
365 302 502 364 ΘΕΩΝ
522 306 792 364 ΕΚΚΑΗΣΙΑ,
1013 307 1077 373 387

72 461 154 548 ῆμίν
163 461 266 542 θεοὺς
279 479 368 531 ποιεῖ
381 461 398 531 ὁ
413 463 595 549 γεννάδας;
616 469 645 531 5.
661 462 728 532 εἶτα
741 468 959 553 θαυμάζομεν
973 474 1003 538 εί
1014 496 1077 537 κα·

69 570 299 644 ταφρουοῦσιυ
312 560 408 648 ῆμιδυ
422 566 456 631 οέ
468 561 644 645 ἄνθρωποι
662 561 807 644 ὁρωντες
821 565 909 632 οὕτω
926 576 1076 652 γελοίους

72 656 174 735 θεοὺς
194 662 249 726 καὶ
266 666 473 743 τεραστίουςς
506 662 549 725 ἐῶ
571 658 634 744 γάρ
654 663 765 746 λέγειν
788 661 838 730 ὅτι
856 668 910 733 καὶ
933 666 994 732 δύο
1013 692 1077 750 γυ-

69 771 185 836 ναῖκας
205 755 369 843 ἀνήγαγε,
394 756 456 844 τῆν
476 758 538 843 μὲν
558 760 730 845 ἐρωμένην
755 752 862 827 οὖσαν
888 760 991 829 αὐτοῦ
1014 759 1076 849 τῆν

69 846 298 941 Αριάδνην,ῆς
308 858 362 923 καὶ
371 853 431 922 τὸν
441 859 608 940 στέφανον
617 858 803 941 ἐγκατέλεξε
813 867 858 947 τῷ
868 868 935 927 τῶν
943 858 1076 942 άστρωυ

69 964 167 1043 χορῷ,
179 954 241 1041 τῆν
252 957 288 1023 δὲ
302 954 443 1039 Ἰκαρίου
454 962 514 1022 τοῦ
525 964 677 1040 γεωργοῦ
688 962 868 1043 θυγατέρα.
891 961 945 1026 καὶ
957 956 1077 1025 ἀπάν-

67 1079 135 1118 των
150 1055 378 1139 γελοιότατον,
405 1047 431 1121 ὦ
450 1060 541 1138 θεοί,
566 1052 695 1121 καὶτὸν
713 1056 800 1122 κύνα
820 1063 877 1142 τῆς
890 1055 1074 1141 Ἠριγόνης,

68 1153 124 1217 καὶ
141 1161 261 1219 τοῦτον
276 1149 461 1241 ἀνήγαγεν,
485 1150 529 1231 ὡς
544 1151 588 1238 μῆ
611 1150 733 1242 ἀνιῷτο
748 1152 768 1239 ῆ
786 1168 878 1238 παῖς,
901 1160 931 1220 εί
945 1149 989 1238 μὴ
1011 1156 1076 1233 ἕξει

68 1251 106 1313 ἐν
119 1256 164 1337 τῷ
181 1247 316 1341 οὐρανῷ
333 1249 369 1317 τὸ
391 1251 535 1336 ξύνηθες
556 1252 663 1318 ἐκεῖνο
678 1254 732 1318 καὶ
754 1250 836 1336 ὅπερ
851 1250 964 1337 ῆγάπα
979 1257 1076 1319 κυνί-

67 1350 151 1414 διον.
175 1355 278 1417 ταῦτα
296 1346 356 1435 οὐχ
377 1348 474 1435 ὕβρις
496 1348 576 1434 ὑμῖν
591 1352 753 1418 δοκεῖκαὶ
774 1356 930 1433 παροινία
950 1351 1004 1418 καὶ
1019 1352 1075 1434 γέ-

67 1454 149 1526 λως;
172 1444 336 1514 ἀκούσατε
354 1446 385 1513 δ’
403 1441 466 1515 οὖν
482 1449 537 1515 καὶ
551 1446 681 1525 ἄλλους,

151 1551 180 1611 6.
193 1552 318 1613 ΖΕΥΣ.
339 1548 469 1635 Μηδέν,
486 1538 512 1611 οἶ
524 1552 643 1632 Μῶμε,
656 1554 749 1632 είπης
760 1545 840 1630 μήτε
850 1549 925 1628 περὶ
936 1543 1074 1632 Ἀσκλη-

64 1653 146 1712 πιοῦ
161 1648 241 1732 μῆτε
261 1650 335 1730 περὶ
351 1646 565 1728 Ἡρακλέους·
598 1641 665 1726 ὁρω
679 1644 744 1729 γάρ
760 1638 795 1711 οἷ
809 1646 895 1731 φέρη
910 1651 955 1731 τῷ
973 1642 1071 1735 λόγῳ.
1092 1656 1140 1710 531

65 1736 161 1810 οὗτοι
175 1741 239 1829 γάρ
256 1740 274 1811 ὁ
295 1746 357 1829 μὲν
374 1741 487 1811 αὐτῶν
508 1748 595 1811 ἰᾶται
610 1742 665 1809 καὶ
682 1739 855 1827 ἀνίστησιν
870 1745 906 1808 ἐκ
927 1747 994 1807 τῶν
1014 1740 1075 1806 νό-

65 1863 138 1907 σων
150 1844 204 1909 καὶ
220 1848 287 1909 ἔστι
308 1850 467 1927 ,πολλῶν
486 1839 638 1920 ἀντάξιος
654 1840 805 1922 άλλων“,
826 1834 895 1907 ὅδὲ
911 1835 1076 1923 Ἡρακλῆς

63 1937 139 2018 υίὸς
154 1935 203 2009 ἀν
214 1938 290 2025 ἐμὸς
305 1938 367 2008 οὐκ
382 1938 505 2023 ὀλίγων
516 1938 631 2005 πόνων
647 1940 780 2021 ἐπρίατο
792 1934 854 2022 τῆν
865 1934 1072 2004 ἀθανασίαν·

65 2036 151 2104 οἷστε
165 2035 208 2122 μῆ
226 2037 401 2122 κατηγόρει
419 2034 540 2103 αὐτῶν.

152 2142 274 2203 ΜΩΜ.
297 2128 582 2220 Σιωπῆσομαι,·ιδ
603 2140 687 2217 Ζεῦ,
712 2132 767 2201 διά
790 2133 826 2200 σέ
844 2132 950 2200 πολλά
969 2138 1074 2200 είπείν

63 2239 157 2320 ἔχων.
187 2240 293 2301 καίτοι
314 2238 343 2301 εί
357 2232 461 2319 μηδὲν
482 2230 579 2315 ἄλλο,
603 2238 650 2300 ἐτι
673 2229 713 2298 τά
738 2246 855 2318 σημεῖα
878 2238 991 2316 ἔχουσι
1012 2237 1074 2296 τοῦ

63 2331 179 2413 πυρός.
211 2338 240 2399 εί
259 2333 294 2399 δὲ
314 2334 390 2418 ἐξῆν
405 2333 458 2399 καί
476 2328 559 2411 πρὸς
575 2328 680 2398 αὐτὸν
696 2333 732 2398 σὲ
755 2338 794 2418 τῆ
809 2336 976 2417 παρρησίᾳ
993 2336 1075 2413 χρῆ-

63 2438 163 2512 σθαι,
181 2426 286 2496 πολλὰ
306 2424 452 2515 ἀνεῖχον
468 2434 580 2496 εἰπεῖν.

149 2536 274 2595 ΖΕΥΣ,
299 2533 364 2597 Καὶ
384 2526 452 2615 μῆν
468 2526 551 2611 πρὸς
571 2526 626 2613 ἐμὲ
648 2532 751 2607 ἔξεστι
767 2526 917 2610 μάλιστα.
949 2532 1023 2610 μῶν
1039 2522 1071 2591 δ’

63 2618 130 2693 οὖν
147 2623 229 2712 κάμὲ
247 2632 353 2706 ξενίας
372 2627 518 2706 διάκειςς

150 2730 272 2791 ΜΩΜ.
285 2722 338 2793 Ἐν
349 2725 462 2812 Κρήτη
472 2724 533 2809 μὲν
544 2720 584 2790 οὐ
594 2723 702 2809 μόνον
711 2731 811 2790 τοῦτο
821 2720 961 2789 ἀκοῦσαι
971 2726 1071 2804 ἐστιν,

62 2820 149 2891 ἀλλὰ
171 2824 225 2890 καὶ
247 2821 327 2892 ἀλλο
347 2850 379 2891 τι
399 2824 473 2905 περὶ
494 2830 556 2889 σοῦ
578 2825 714 2909 λέγουσι
739 2826 793 2890 καί
816 2821 926 2907 τάφου
949 2825 1072 2889 ἐπιδει-

63 2920 245 2989 κνύουσιν·
275 2920 339 3007 ἐγω
361 2923 396 2990 δὲ
414 2921 489 2989 οὔτε
511 2926 647 3001 ἐκείνοις
665 2933 824 3008 πείθομαι
841 2921 918 2990 οὔτε
933 2919 1073 3006 Ἀχαιῶν

62 3024 241 3103 Αἰγιεῦσιν
256 3015 499 3104 ὑποβολιμαῖόν
511 3043 547 3086 σε
560 3018 644 3087 εἶναι
656 3021 857 3105 φάσκουσιν.
879 3024 907 3087 7.
924 3016 946 3085 ά
961 3023 996 3086 δὲ
1007 3017 1073 3103 μά-

64 3128 158 3185 λιστα
174 3118 372 3204 ἐλεγχθῆναι
387 3122 458 3185 δεῖν
471 3115 632 3204 ἡγοῦμαι,
648 3125 751 3185 ταῦτα
767 3124 846 3203 ἐρῶ·
868 3116 931 3204 τῆν
944 3118 1072 3202 γάρτοι,

63 3212 172 3301 ἀρχὴν
187 3215 427 3283 τῶντοιούτων
441 3219 735 3301 παρανομημάτων
749 3218 804 3285 καὶ
815 3214 877 3304 τῆν
888 3223 997 3285 αἰτίαν
1011 3225 1072 3283 τοῦ

64 3322 277 3399 νοθευθῆναι
297 3312 392 3400 ἡμῶν
409 3312 446 3382 τό
466 3318 640 3399 ξυνέδριον
662 3317 722 3400 σά,
750 3309 777 3383 οἷ
801 3323 883 3399 Ζεῦ,
913 3317 1073 3399 παρέσχες

63 3421 205 3495 θνηταῖς
220 3414 479 3499 ἐπιμιγνύμενος
490 3415 544 3479 καὶ
555 3410 679 3481 κατιών
693 3411 773 3497 παρ’
789 3411 892 3491 αὐτάς
907 3416 943 3479 ἐν
955 3411 1072 3478 ἄλλοτε

63 3505 153 3594 ἄλλῳ
175 3509 329 3594 σχήματι,
358 3509 440 3577 ὥστε
456 3507 542 3597 ἡμᾶς
558 3514 701 3578 δεδιέναι
718 3512 763 3598 μῆ
779 3533 816 3577 σε
833 3510 1009 3597 καταθύσῃ
1023 3534 1072 3585 τις

865 3614 906 3675 25
919 3616 934 3644 ¹¹
