2625 4092
287 298 409 355 ΠΕΡΙ
431 298 526 355 ΤΗΣ
543 298 728 354 ΣΤΡΙΗΣ
749 295 887 356 ΘΕΟΤ.
1030 296 1094 358 363

84 457 150 545 γάρ
166 455 207 544 δή
229 451 277 525 τόν
298 456 436 541 ἑκάστης
459 456 573 533 πόλιος
593 454 717 523 αὐτόθι
733 456 915 535 ξεινοδόκοι
935 462 1014 536 εἰσί,
1040 460 1092 524 καὶ

83 558 161 626 τόδε
186 556 358 640 πατρόθεν
378 564 463 619 οίκοι
486 556 646 620 δέκονται.
681 556 855 620 καλέονται
877 552 912 620 δὲ
930 546 998 618 ὑπὸ
1021 556 1095 623 Ἀσ-

83 660 213 739 συρίωυ
234 658 304 720 οἵδε
322 652 533 735 διδάσκαλοι,
559 648 609 717 ότι
633 660 727 736 σφίσι
748 652 857 719 πάντα
882 649 1092 737 ὑπηγέονται.

83 758 137 821 57.
153 753 279 820 θύουσι
303 752 338 817 δὲ
360 748 422 817 οὐκ
438 753 475 815 ἐν
495 750 584 837 αὐτῷ
599 758 646 839 τῷ
666 753 744 839 ίρῷ,
772 748 845 820 ἀλλ’
864 750 967 820 ἐπεάν
986 777 1096 835 παρα-

85 851 189 938 στήση
209 858 254 938 τῷ
270 856 372 937 βωμῷ
391 849 428 915 τό
446 850 573 935 ίρήιου,
598 852 787 927 ἐπισπείσας
804 842 899 928 αὖτις
919 850 992 935 άγει
1009 847 1096 931 ζωόν

84 952 119 1025 ές
132 945 171 1015 τά
188 948 313 1032 οἰκήια,
330 946 441 1014 έλθωυ
459 948 494 1013 δὲ
509 941 582 1013 κατ’
598 944 724 1013 ἑωυτόν
738 945 819 1013 θόει
833 952 937 1015 τεκαὶ
955 947 1092 1034 εὔχεται.

83 1053 138 1116 68.
155 1053 222 1113 ἔστι
237 1045 273 1113 θὲ
288 1048 341 1113 καὶ
357 1043 458 1129 άλλης
472 1050 594 1129 θυσίης
605 1044 728 1127 τρόπος
741 1048 888 1113 τοιόσδε·
917 1051 1094 1125 στέψαντες

84 1143 127 1211 τά
143 1143 252 1229 ίρήια,
280 1140 343 1222 ζωὰ
361 1146 397 1209 έκ
411 1148 479 1208 τοῖν
494 1148 713 1225 προπυλαίων
730 1141 863 1228 άπιάσι,
885 1142 925 1212 τά
942 1145 978 1211 δέ
997 1170 1094 1210 κατε-

86 1246 261 1327 υειχθέντα
278 1241 477 1325 θνήσκουσι.
510 1245 593 1306 ἔνιοι
613 1238 649 1306 δὲ
671 1242 725 1307 καὶ
742 1246 861 1319 παῖδας
880 1244 1015 1309 ἑωυτῶν
1038 1243 1093 1308 έν-

84 1346 209 1406 τεῦθεν
226 1337 379 1422 άπιάσιν,
396 1334 458 1404 οὐκ
474 1335 594 1423 ὁμοίως
609 1352 677 1415 τοῖς
694 1339 865 1423 κτήνεσιν,
888 1337 962 1407 ἀλλ’
979 1344 1011 1418 ές
1028 1340 1093 1425 πή-

84 1464 150 1523 ρην
167 1441 342 1520 ἐνθέμενοι
362 1441 444 1524 χειρὶ
458 1437 679 1523 κατάγουσιν,
700 1437 769 1524 άμα
787 1438 823 1506 δὲ
838 1436 1005 1506 αὐτέοισιν
1020 1443 1093 1507 ε’πι-
1154 1445 1155 1448 ’

84 1542 317 1621 κερτομέοντες
339 1539 495 1622 λέγουσιν
518 1534 568 1603 ότι
592 1534 633 1601 οὐ
653 1541 786 1620 παῖδες,
815 1533 898 1605 άλλά
919 1538 997 1624 βόες
1019 1544 1090 1605 εἰσί.

85 1642 138 1701 59.
154 1640 315 1715 στίζονται
336 1634 372 1701 δέ
387 1632 507 1710 πάντες
526 1636 559 1699 οί
571 1632 634 1717 μὲν
650 1635 683 1709 ἐς
698 1634 862 1719 καρπούς,
884 1639 918 1702 οί
931 1634 967 1701 δὲ
983 1638 1015 1713 ές
1030 1633 1094 1702 αό-

85 1737 198 1819 χέυας,
227 1734 281 1799 καὶ
302 1729 367 1799 άπὸ
389 1736 488 1798 τοῦδε
511 1729 654 1809 ἅπαντες
676 1728 845 1813 Ἀσσύριοι
866 1751 1093 1818 στιγματηφο-

85 1833 209 1913 ρέουσι.
243 1836 294 1897 60.
318 1833 468 1897 ποιέουσι
489 1830 524 1895 δέ
547 1832 601 1895 καὶ
624 1828 706 1897 άλλο
726 1831 903 1914 μούνοισιυ
926 1830 1092 1917 Ἑλλήνων

89 1937 331 2017 Τροιζηνίοισιν
345 1928 588 2016 ὁμολογέοντες.
613 1932 695 2007 λέξω
709 1931 744 1995 δὲ
759 1930 814 1996 καὶ
828 1927 868 1995 τά
880 1944 984 1996 κεῐυοι
1000 1931 1092 1995 ποιέ-

82 2050 171 2097 ουσι.
210 2030 397 2114 Τροιζήνιοι
418 2037 492 2116 τήσι
514 2030 714 2111 παρθένοισι
737 2027 792 2094 καὶ
818 2041 924 2093 τοῖσιν
946 2023 1090 2112 ήιθέοισι
1109 2039 1163 2095 490

85 2127 192 2212 νόμον
207 2126 403 2211 ἐποιήσαντο
419 2125 464 2211 μή
479 2144 560 2209 σφιν
575 2124 682 2203 άλλως
694 2126 805 2211 γάμον
820 2122 920 2209 εἶναι,
936 2126 1016 2208 πρὶν
1027 2121 1093 2190 Ἱπ-

84 2227 218 2316 πολύτῳ
234 2228 338 2314 κόμας
358 2233 550 2310 κείρασθαι·
579 2228 633 2293 καὶ
651 2218 716 2293 ὦδε
739 2227 900 2292 ποιέουσι.
922 2223 1093 2291 τοῦτοκαὶ

84 2331 122 2394 έυ
143 2334 182 2413 τῇ
207 2330 261 2413 ίρῇ
288 2326 366 2394 πόλι
386 2332 542 2411 γίγνεται.
577 2328 611 2392 oc
630 2326 691 2410 μὲν
714 2331 844 2410 νεηνίαι
865 2331 934 2391 τῶν
954 2330 1093 2409 γενείων

84 2425 305 2509 ἀπάρχονται,
321 2433 394 2513 τῇσι
409 2427 444 2492 δὲ
456 2428 655 2506 παρθένοισι
667 2424 859 2507 πλοκάμους
874 2419 968 2505 ίρούς
982 2424 1019 2489 ἐκ
1034 2448 1092 2507 γε-

82 2531 179 2610 νετῆς
194 2521 326 2607 άπιάσι,
342 2519 420 2601 τούς
435 2520 536 2589 ἐπεάν
547 2526 584 2590 ἐν
598 2529 643 2608 τῷ
661 2526 722 2612 ἱρῷ
733 2525 912 2607 γένωνται,
929 2522 1096 2607 τάμνουσί

82 2648 118 2689 τε
135 2624 188 2689 καὶ
204 2624 236 2698 ές
258 2618 362 2706 άγγεα
379 2624 578 2698 καταθέντες
595 2624 629 2687 οί
647 2619 709 2703 μὲν
729 2617 895 2704 άργάρεα,
920 2619 1036 2688 πολλοὶ
1056 2617 1092 2685 δέ

84 2721 209 2805 χρύσεα
232 2722 268 2786 έν
283 2726 328 2808 τῷ
345 2726 416 2805 νηῷ
437 2718 712 2802 προσηλώσαντες
732 2715 868 2784 άπίασιν
885 2716 1093 2803 ἐπιγράψαν-

82 2844 137 2895 τες
151 2820 282 2885 ἕκαστοι
300 2816 339 2884 τά
355 2814 533 2901 οὐνόματα.
556 2816 722 2882 τοῦτοκαὶ
737 2812 801 2900 ἐγω
813 2819 887 2893 νέος
898 2820 944 2883 ἔτι
957 2810 1006 2882 σ’ίν
1016 2818 1092 2882 έπε-

83 2921 216 2995 τέλεσα,
240 2918 295 2983 καὶ
316 2922 363 2983 ἔτι
384 2940 448 3000 μευ
469 2916 506 2980 έν
528 2919 573 3002 τῷ
590 2917 651 3005 ίρῷ
674 2915 728 2980 καὶ
750 2910 767 2979 ὁ
792 2913 961 3000 πλόκαμος
980 2914 1035 2981 καί
1054 2908 1091 2980 τό

83 3013 223 3101 οὔνομα.
