2625 4092
220 256 283 316 266
349 308 351 312 .
574 256 875 314 AOYKIANOY'

220 420 314 496 σταζέ
333 436 396 481 σου
406 412 470 482 ἀπό
486 420 543 500 τῆς
557 421 703 499 κεφαλῆς
714 421 775 480 τοῦ
785 414 976 501 βαρβάρου,
992 412 1036 501 ἣν
1048 422 1163 501 έφερες
1174 421 1218 486 εἰιὶ

220 521 259 602 ιη’
282 520 410 602 σαρίση.
439 509 497 579 εἶτ’
516 509 579 597 ἐγώ
604 519 758 578 τοιοῦτον
777 511 884 593 ἀνδρα
906 521 1074 599 περιβαλῶ
1094 515 1149 582 καὶ
1167 541 1218 600 φι-

221 609 327 697 λησως
350 613 413 697 μη,
436 602 633 694 ιόΧάριτες,
650 613 800 695 γένοιτο·
822 609 1001 697 οὐδὲνγὰρ
1018 604 1117 690 οὗτος
1133 611 1218 698 ἀμεί-
1298 676 1299 701 ,

220 736 291 776 νων
306 717 365 777 τοῦ
382 714 513 795 δημίου.

305 814 468 876 AEONT.
496 808 563 874 Καὶ
582 806 650 893 μην
674 816 707 875 εί
723 834 764 891 με
782 804 864 885 εἶδες
887 809 924 874 ἐν
944 821 1011 886 τοῖς
1032 805 1161 890 ὅπλοις,
1184 799 1217 873 εὖ

220 906 311 992 οἶδα,
325 906 479 996 ἠράσθης
494 906 545 974 ἀν.

307 1013 416 1074 YMN.
442 1003 627 1072 Ἀκοόουσα
648 1005 771 1088 μόνον.
795 997 821 1071 ὦ
835 1004 1008 1089 Λεόντιχε,
1032 1011 1156 1071 ναυτιῶ
1169 1006 1215 1070 καὶ
1299 1064 1300 1077 ,

221 1111 346 1190 φρίττω
367 1106 421 1170 καὶ
436 1100 495 1180 τοὶς
510 1104 606 1181 σκιάς
619 1131 677 1188 μοι
694 1108 783 1170 δοκῶ
800 1101 885 1186 ὁρᾶν
903 1106 957 1171 καί
969 1100 1008 1169 τὰ
1025 1108 1143 1170 εἴδωλα
1158 1109 1216 1168 τῶν

220 1205 482 1287 πεφονευμένων
502 1205 556 1268 καὶ
571 1201 714 1286 μάλιστα
733 1210 794 1269 τοῦ
810 1200 934 1270 ἀθλίου
950 1208 1094 1286 λοχαγοῦ
1115 1205 1147 1278 ές
1162 1201 1214 1266 δυί
1299 1210 1300 1215 ’

219 1297 282 1386 τὴν
296 1297 447 1384 κεφαλὴν
462 1301 673 1386 διηρημένον.
701 1305 735 1365 τί
749 1308 827 1381 οἴει,
850 1296 887 1364 τὸ
903 1305 1004 1384 ἔργον
1019 1297 1102 1365 αὐτὸ
1118 1301 1169 1365 καὶ
1183 1297 1215 1363 τό

220 1393 299 1481 αἷμα
322 1403 351 1464 εί
369 1402 557 1481 θεασαίμην
576 1397 631 1463 καί
651 1400 826 1481 κειμένους
846 1395 926 1473 τούς
946 1397 1102 1481 νεκρούς;
1123 1400 1215 1463 ἐκθα-

151 1510 203 1566 318
222 1510 294 1564 νεῖν
308 1495 373 1582 γάρ
391 1521 447 1580 μοι
464 1499 569 1576 δοκῶ,
587 1491 696 1581 ἢούδ
713 1493 919 1576 ἀλεκτρυόνα
933 1495 1065 1562 πώποτε
1080 1492 1217 1576 φονευό-
1300 1552 1301 1559 ,

220 1620 324 1682 μενον
342 1593 441 1660 εἶδον.
1300 1588 1301 1593 ’

244 1698 247 1706 ’
304 1701 428 1762 ΛΕΟΝ
433 1701 467 1761 Τ.
491 1691 607 1772 Οὕτως
618 1691 778 1779 ἀγεννής,
797 1685 940 1779 mvi,
957 1699 1010 1760 καὶ
1022 1694 1219 1779 μικρόψυχος

220 1793 263 1872 εἷς
285 1792 350 1879 ἐγὼ
366 1793 402 1860 δὲ
417 1791 511 1881 ᾤμην
526 1791 742 1878 ἡσθήσεσθαί
753 1815 790 1860 σε
806 1789 1008 1859 ἀκούουσαν.

306 1900 416 1961 YMN.
438 1889 533 1959 Ἀλλά
550 1895 648 1973 τέρπε
664 1906 731 1969 τοῖς
747 1889 926 1977 διηγήμασι
941 1891 1073 1968 τούτοις
1090 1901 1122 1957 εί
1135 1915 1220 1966 τινας

219 1992 413 2080 Λημνιάδας
434 1986 642 2077 ἦΔοιναΐδας
663 1989 791 2074 εὕροις·
819 1986 882 2075 ἕψω
898 1986 929 2055 δ’
946 1987 1116 2073 ἀποτρέχω
1136 1985 1221 2068 παρὰ

219 2090 281 2179 τὴν
290 2093 425 2178 μητέρα,
441 2091 502 2167 ἕως
514 2095 560 2156 έτι
572 2087 677 2175 ἡμέρα
688 2091 786 2156 ἐστίν.
809 2088 893 2154 ἕπου
904 2089 958 2153 καὶ
969 2087 1024 2168 σύ,
1041 2079 1221 2172 ιδΓραμμί·

219 2189 261 2258 σι)
278 2190 314 2257 δὲ
335 2195 479 2272 ἔρρωσο,
500 2187 679 2272 χιλιάρχων
694 2184 806 2266 ἀριστε
827 2189 881 2251 καὶ
904 2193 1013 2270 φονεῦ
1032 2182 1169 2250 ὁπόσων
1182 2179 1224 2248 ἀν

220 2291 346 2376 δθέλης.

247 2439 249 2445 .
304 2392 333 2454 5.
348 2393 476 2453 ΛΕΟΝ
478 2392 513 2451 Τ.
530 2392 673 2469 Μεῖνον,
690 2379 828 2472 ιόῪμνί,
845 2402 961 2472 μεῖνον
972 2426 1015 2436 -
1025 2383 1225 2470 ἀπελήλυθε.

304 2493 411 2556 ΧΗΝ.
427 2481 482 2552 Σι)
496 2483 577 2570 γάρ,
596 2476 622 2552 ὦ
632 2486 807 2571 Λεόντιχε,
822 2484 928 2572 ἀφελῆ
940 2490 1120 2571 παιδίσκην
1130 2510 1228 2552 κατε-

219 2588 370 2674 φόβησας
385 2588 539 2653 ἐπισείων
555 2582 683 2666 λόφους
693 2586 748 2652 καὶ
758 2582 949 2663 ἀπιθάνους
963 2582 1130 2667 ἀριστείας
1143 2586 1229 2662 διεξ-

220 2689 297 2755 ιω’ν·
321 2683 386 2772 ἐγω
408 2687 443 2753 δὲ
464 2686 581 2766 ἑώρων
601 2681 707 2762 εὐθὺς
721 2683 811 2763 ὅπως
826 2683 936 2771 χλωροὶ
954 2688 1084 2770 ἐγένετο
1102 2690 1150 2750 ἔτι
1166 2706 1230 2750 σου

219 2784 259 2855 τὰ
274 2783 357 2854 κατά
368 2786 428 2853 τόν
446 2780 590 2869 λοχαγόν
605 2785 716 2850 ἐκεῖνα
731 2785 956 2874 διηγουμένου
969 2785 1025 2850 καί
1039 2786 1229 2850 συνέστειλε

219 2884 255 2953 τό
274 2885 457 2968 πρόσωπον
471 2885 526 2950 καί
539 2880 738 2966 ὑπέφριξεν,
761 2884 831 2949 ἐπεὶ
848 2885 900 2949 καὶ
917 2881 1075 2958 διακόψαι
1085 2880 1158 2965 τὴν
1172 2907 1225 2948 κε-

219 2980 331 3068 φαλὴν
347 2988 437 3067 ἔφης.

313 3088 476 3149 ΛΕΟΝΤ.
502 3079 626 3166 Ὤιμην
655 3080 896 3166 ἐρασμιώτερος
921 3079 1005 3165 αὐτῇ
1035 3088 1227 3163 φανεῖσθαι.

219 3177 374 3246 ἀλλὰκαὶ
394 3178 437 3244 σύ
454 3204 494 3263 με
510 3177 825 3260 προσαπολώλεκας,
852 3171 877 3243 ιδ
895 3179 1040 3262 Χηνίδα,
1064 3174 1102 3243 τό
1123 3200 1230 3261 μονο-

219 3275 340 3362 μάχιον
355 3275 546 3362 ὑποβαλών.

304 3383 411 3444 ΧΗΝ.
436 3373 509 3443 Οὐκ
526 3379 592 3442 ἔδει
614 3373 679 3460 γὰρ
696 3375 1008 3455 συνεπιψεύδεσθαί
1024 3395 1079 3441 σοι
1097 3372 1230 3459 δρῶντα

219 3476 280 3556 την
292 3481 400 3542 αἰτίαν
411 3481 467 3554 τῆς
480 3470 686 3553 ἀλαζονείαςς
700 3471 743 3540 σύ
755 3477 791 3541 δὲ
801 3471 889 3540 πολι)
899 3473 1135 3558 φοβερώτερον
1146 3472 1229 3541 αὐτὸ
