2625 4092
266 271 352 326 ΔΙΣ
370 268 864 328 ΚΑΤΗΓΟΡΟΤΜΕΝΟΣ.
1029 268 1069 331 15

64 426 250 517 προσήκατο
263 427 341 506 τούς
356 427 445 510 παρὰ
460 428 581 512 ταύτης
593 427 723 512 λόγους.
747 435 852 496 καίτοι
866 436 899 496 τί
910 427 954 498 ἀν
967 435 1070 517 ἔγωγε

63 526 286 613 ἀγανακτοίην
300 523 372 594 κατ’
389 522 506 610 αὐτῆς,
523 523 611 590 ὅπου
625 527 709 609 μηδὲ
722 532 790 591 τῶν
804 534 896 592 θεῶν
911 533 1068 611 φείδεται,

64 624 145 692 ἀλλά
163 622 224 711 τὴν
240 629 428 710 ἐπιμέλειαν
445 622 557 689 αὐτῶν
572 623 760 709 διαβάλλεις
783 623 866 691 ὥστε
884 631 914 692 εί
933 646 1070 711 σωφρο-

64 735 157 806 νεῖτε,
174 723 229 788 καὶ
239 719 389 807 ἀσεβείας
401 715 444 785 ἀν
456 724 552 804 δίκην
565 717 699 804 λάβοιτε
710 716 789 801 παρ’
806 718 917 807 αὐτῆς.
940 720 1066 808 ἤκουον
1085 733 1137 788 816

63 821 97 885 δὲ
113 825 216 904 ἔγωγε
232 817 276 896 ως
292 815 370 885 ούδὲ
381 815 470 902 αύτὴ
489 819 754 898 παρεσκεύασται
770 817 975 904 ποιήσασθαι
989 819 1069 899 τούς

63 915 200 1000 λόγους,
223 914 305 983 ἀλλά
320 914 381 982 τόν
394 913 590 995 Ἐπίκουρον
605 912 844 1000 ἀναβιβάσεται
859 916 1068 999 συναγορεύ-

62 1034 176 1079 σοντα·
195 1010 301 1091 ούτως
311 1016 460 1099 ἐντρυφᾷ
473 1019 518 1101 τῷ
530 1017 738 1102 δικαστηρίῳ.
764 1011 853 1098 πλην
864 1012 947 1081 ἀλλά
958 1015 1067 1081 ἐκεῖνά

61 1137 97 1196 γε
112 1109 220 1197 αὐτὴν
240 1115 397 1196 ἐρωτᾶτε,
419 1113 512 1187 οἵους
532 1105 576 1176 ἀν
595 1119 698 1178 οίεται
715 1114 875 1197 γενέσθαι
894 1110 954 1180 τόν
967 1113 1068 1196 Ἠρα-

61 1213 137 1277 κλέα
154 1212 211 1277 καλ
230 1209 292 1277 τόν
312 1208 474 1294 ὑμέτερον
492 1211 619 1294 Θησέα,
646 1215 677 1277 εί
692 1215 886 1290 πεισθέντες
904 1219 944 1299 τῇ
960 1210 1067 1298 ἡδονῇ

61 1313 189 1393 ἔφυγον
203 1307 283 1386 τούς
297 1309 437 1386 πόνους·
461 1305 562 1374 οὐδὲν
578 1304 642 1392 γάρ
658 1303 702 1373 ἀν
716 1308 842 1377 ἐκώλυε
857 1308 980 1394 μεστὴν
991 1306 1066 1376 ἀδι-

60 1413 130 1483 κίας
145 1404 232 1473 εἶναι
248 1403 310 1491 τὴν
325 1413 406 1492 γῆν,
429 1409 567 1474 ἐκείνων
583 1405 628 1492 μὴ
646 1409 878 1494 πονησάντων.
901 1417 1004 1477 ταῦτα
1020 1408 1067 1477 εἷ-

59 1529 122 1570 πον
137 1502 181 1572 ού
196 1506 288 1571 πάνυ
299 1518 366 1582 τοῖς
380 1519 518 1590 μακροῖς
529 1513 596 1572 τῶν
613 1505 726 1590 λόγων
739 1512 910 1592 χαίρουσα.
934 1513 965 1575 εί
978 1508 1017 1574 δέ
1028 1533 1067 1592 γε

60 1606 229 1691 ἐθελήσειε
241 1601 323 1671 κατά
335 1602 456 1690 μικρόν
465 1603 717 1687 ἀποκρίνασθαί
725 1632 781 1692 μοι
792 1609 1065 1692 συνερωτωμένη,

60 1703 193 1789 τάχιστα
205 1698 249 1768 ἀν
261 1710 429 1788 γνωσθείη
445 1700 481 1769 τό
494 1707 597 1789 μηδὲν
609 1697 704 1771 οὖσα.
728 1702 815 1789 πλὴν
826 1699 911 1772 ἀλλά
925 1702 1018 1789 ὑμεῖς
1027 1730 1065 1789 γε

59 1808 124 1867 τῶν
142 1799 257 1885 ὅρκων
272 1800 563 1886 μνημονεύσαντες
587 1808 780 1887 ψηφίσασθε
803 1801 867 1890 ἤδη
884 1802 924 1870 τά
942 1801 1065 1887 εὔορκα

59 1897 100 1983 μὴ
124 1897 361 1976 πιστεύσαντες
384 1895 568 1988 Ἐπικούρῳ
591 1902 723 1985 λέγοντι
748 1902 852 1987 μηδὲν
873 1905 1065 1970 ἐπισκοπεῖν

59 2004 124 2064 τῶν
139 1993 221 2077 παρ’
238 1993 319 2081 ἡμῖν
332 1999 541 2081 γιγνομένων
555 1994 634 2074 τούς
648 1998 761 2077 θεούς.

140 2101 246 2162 ΕΡΜ.
276 2093 483 2178 Μετάστηθι.
523 2092 540 2160 ὁ
570 2094 761 2179 Ἐπίκουρος
783 2094 867 2179 ὑπὲρ
889 2104 946 2182 τῆς
966 2094 1064 2165 Ἡδο-

59 2198 115 2275 νῆς
132 2193 217 2276 λέγε.

139 2295 192 2357 21.
209 2295 479 2357 ΕΠΙΚΟΥΡΟΣ.
504 2286 555 2356 Οὐ
569 2293 697 2378 μακρά,
721 2283 883 2375 εόάνδρες
901 2296 1060 2378 δικασταί,
1080 2308 1131 2361 817

58 2384 138 2468 πρός
158 2384 247 2472 ὑμᾶς
268 2390 348 2469 ἐρῶ·
379 2393 431 2454 δεῖ
449 2385 513 2472 γάρ
537 2389 615 2457 οὐδὲ
632 2397 767 2458 πολλῶν
781 2417 838 2476 μοι
855 2400 922 2457 τῶν
941 2391 1061 2477 λόγων.

58 2483 128 2552 ἀλλ’
147 2491 179 2552 εί
191 2484 253 2570 μὲν
269 2489 410 2575 ἐπῳδαῖς
430 2508 518 2554 τισιν
532 2484 552 2573 ἢ
566 2491 756 2575 φαρμάκοις
771 2489 812 2558 όν
826 2510 931 2577 φησιν
945 2494 1064 2575 ἑαυτῆς

58 2582 199 2670 ἐραστὴν
214 2581 234 2669 ἡ
246 2583 337 2651 Στοά
353 2583 412 2652 τόν
422 2587 609 2654 Διονύσιον
624 2590 854 2673 κατηνάγκασε
867 2590 989 2675 ταύτης
1002 2590 1064 2674 μὲν

58 2681 258 2768 ἀπέχεσθαι,
273 2680 356 2768 πρός
371 2683 492 2769 ἑαυτὴν
507 2689 542 2752 δὲ
558 2685 761 2772 ἀποβλέπειν
777 2685 950 2774 ἡἩδονή,
974 2713 1049 2774 φαρ

58 2789 152 2866 μακλς
164 2777 209 2847 ἀν
223 2781 358 2862 εἰκότως
373 2788 463 2863 ἔδοξε
478 2787 533 2851 καὶ
547 2782 676 2852 ἀδικεῖν
691 2789 837 2869 ἐκέκριτο
849 2789 901 2854 ἐπὶ
912 2785 991 2865 τούς
1002 2785 1062 2855 ἀλ·

60 2888 209 2963 λοτρίους
226 2880 365 2966 ἐραστάς
379 2884 645 2969 μαγγανεύουσα.
670 2892 700 2954 εί
715 2889 753 2953 δέ
762 2914 810 2964 τις
821 2886 1010 2972 ἐλεύθερος,
1025 2889 1064 2953 ἐν

58 2984 220 3068 ἐλευθέρᾳ
234 2988 273 3069 τῇ
285 2981 396 3067 πόλει,
416 2983 459 3068 μη
476 2980 760 3069 ἀπαγορευόντων
771 2992 839 3053 τῶν
853 2985 983 3071 νόμων,
1000 2987 1062 3071 τὴν

59 3079 146 3162 παρά
164 3081 286 3166 ταύτης
301 3080 422 3167 ἀηδίαν
437 3087 620 3168 μυσαχθεὶς
636 3087 690 3152 καὶ
705 3083 749 3170 ἦν
769 3106 874 3171 φησιν
888 3088 940 3152 ἐπὶ
955 3113 1061 3169 κεφαν

59 3189 137 3273 λαίφ
153 3191 221 3250 τῶν
236 3184 352 3250 πόνων
367 3181 429 3270 τὴν
444 3181 661 3270 εὐδαιμονίαν
675 3191 940 3271 παραγίγνεσθαι
957 3192 1062 3271 λῆρον

60 3286 182 3370 οἰηθείς
196 3280 275 3361 τούς
287 3284 348 3369 μὲν
359 3281 526 3369 ἀγκύλους
538 3286 686 3360 ἐκείνους
701 3282 822 3368 λόγους
833 3288 887 3352 καὶ
899 3292 1061 3371 λαβυρίν-

61 3389 133 3458 θοις
143 3379 278 3466 ὁμοίους
287 3380 449 3467 ἀπέφυγε,
460 3380 543 3464 πρός
554 3383 589 3449 δὲ
600 3380 662 3466 τὴν
671 3379 798 3468 ἡδονὴν
808 3381 950 3471 ἀσμενος
963 3391 1061 3468 ἑδρα-

63 3480 216 3546 πέτευσεν
244 3479 353 3562 ὥσπερ
377 3481 481 3565 δεσμά
506 3507 580 3548 τινα
602 3479 763 3560 διακόψας
783 3479 840 3559 τάς
863 3492 930 3549 τῶν
950 3483 1062 3568 λόγοιν
