2625 4092
420 343 541 400 ΠΕΡΙ
564 341 658 399 ΤΟΥ
678 341 837 398 ΟΙΚΟΤ.
1065 337 1125 402 187

122 507 154 567 εί
168 501 329 585 φάσκοιμι
349 499 609 584 ἐπιτηδειότερον
631 498 714 564 εἶναι
736 497 820 582 πρὸς
843 501 953 585 λόγων
971 501 1125 580 ἐπίδειξιν

121 609 218 666 οίκου
233 598 354 675 κάλλος
368 607 481 685 γραφή
494 601 546 665 καὶ
560 605 671 687 χρυσῷ
683 606 943 684 κεκοσμημένον·
966 597 1047 665 αύτο
1059 599 1124 684 γάρ
1146 605 1194 663 198

121 724 189 764 που
202 695 400 765 τούναντίον
417 694 620 783 ἀποβαίνειν.
644 704 772 782 μαλλον
787 700 841 782 δέ,
857 703 886 764 εί
900 702 1007 782 δοκεῖ,
1026 694 1125 774 αὐτὸς

121 793 302 877 παρελθόν
322 793 340 861 δ
363 795 460 880 λόγος
480 794 564 877 ὑπὲρ
585 798 707 862 ἑαυτοῦ
728 797 881 879 καθάπερ
902 799 938 862 ἐν
958 800 1126 873 δικασταῖς

121 892 202 978 ὑμῖν
219 893 357 976 εἰπάτω,
373 891 438 976 ὅπη
453 895 720 976 λυσιτελέστερον
731 891 858 979 ἡγεῖται
869 900 913 983 τῷ
925 897 1054 978 λέγοντι
1067 891 1124 960 εύ-

120 999 249 1060 τέλειαν
261 1001 355 1061 οίκου
367 994 421 1060 καὶ
435 990 613 1076 ἀμορφίαν.
637 995 720 1078 ἐμοῦ
734 993 796 1076 μὲν
811 989 974 1076 ἀκηκόατε
989 989 1052 1077 ήδη
1068 993 1123 1059 λέ-

120 1117 254 1177 γοντος,
280 1088 362 1157 εὸστε
380 1088 480 1156 οὐδὲν
501 1091 615 1173 δέομαι
637 1091 686 1166 δὶς
700 1089 776 1174 περὶ
791 1096 858 1155 τῶν
879 1087 990 1155 αύτοῐν
1006 1095 1121 1171 εἰπεῖν,

119 1187 138 1256 ὁ
157 1190 192 1255 δὲ
214 1185 395 1272 παρελθών
411 1185 475 1272 ήδη
498 1188 618 1272 λεγέτω
635 1183 726 1271 κάγώ
743 1187 951 1272 σιωπήσομαι
968 1184 1123 1272 καὶπρὸς

119 1287 234 1371 ὀλίγον
249 1284 337 1374 αύτῷ
348 1284 599 1372 μεταστήσομαι.
622 1289 671 1351 15.
681 1283 819 1367 ’Ἄνδρες
834 1292 950 1352 τοίνυν
963 1291 1121 1366 δικασταί,

120 1387 223 1470 φησὶν
238 1382 255 1449 ὁ
269 1385 381 1468 λόγος,
399 1382 415 1450 ὁ
428 1385 490 1468 μέν
504 1381 674 1465 προειπών
690 1383 798 1469 ῥήτωρ
811 1380 916 1450 πολλά
928 1385 982 1450 καὶ
996 1385 1122 1468 μεγάλα

118 1485 219 1550 τόνδε
233 1483 291 1549 τὸν
306 1481 399 1549 οἷκον
415 1482 553 1570 ἐπήνεσε
564 1484 619 1550 καὶ
633 1489 679 1570 τῷ
695 1485 815 1549 ἑαυτοῦ
829 1483 916 1570 λόγῳ
928 1482 1120 1568 ἐκόσμησεν,
1159 1526 1162 1539 ι

119 1579 184 1665 ἐγω
203 1580 238 1646 δὲ
253 1581 414 1646 τοσούτου
426 1583 489 1646 δέω
504 1581 612 1664 ψόγον
625 1578 730 1647 αὐτοῦ
746 1580 1021 1660 διεξελεύσεσθαι,
1039 1578 1121 1646 ὥστε

118 1683 172 1745 καὶ
183 1677 222 1744 τά
234 1676 291 1744 ὑπ’
303 1680 433 1744 ἐκείνου
442 1681 726 1764 παραλελειμμένα
736 1679 943 1763 προσθήσειν
952 1704 1007 1763 μοι
1017 1683 1120 1743 δοκῶ·

118 1774 187 1863 ὅσω
203 1773 267 1860 γάρ
282 1770 325 1841 ἀν
341 1774 423 1860 ὑμῖν
437 1782 580 1842 καλλίων
595 1782 768 1862 φαίνηται,
785 1780 909 1864 τοσῷδε
923 1774 1121 1852 ὑπεναντίος

117 1881 157 1962 τῇ
169 1881 229 1940 τοῦ
240 1878 392 1959 λέγοντος
405 1879 497 1960 χρείᾳ
509 1874 725 1959 δειχθήσεται.
747 1876 802 1941 καὶ
814 1875 947 1956 πρῶτόν
958 1899 996 1960 γε
1008 1869 1118 1959 ἐπειδή

117 1978 289 2057 γυναικῶν
305 1974 359 2037 καὶ
376 1971 504 2056 κόσμου
521 1973 575 2039 καί
594 1980 723 2057 χρυσοῦ
743 1973 867 2050 ἐκεῖνος
883 1971 1118 2057 ἐμνημόνευσε,

117 2069 216 2155 κάμοί
227 2072 419 2152 ἐπιτρέψατε
430 2071 617 2156 χρήσασθαι
629 2077 673 2158 τῷ
686 2076 939 2156 παραδείγματι·
961 2073 1045 2156 φημὶ
1055 2067 1120 2154 γάρ

117 2161 182 2233 ούν
192 2171 247 2236 καλ
262 2171 391 2254 γυναιξί
403 2175 517 2244 καλαῖς
531 2163 591 2252 ούχ
605 2164 694 2244 ὅπως
712 2167 959 2254 συλλαμβάνειν
970 2169 1002 2244 ἐς
1012 2163 1049 2232 τὸ
1062 2162 1120 2232 εύ-

116 2264 343 2350 μορφύτερον,
360 2261 508 2331 ἀλλὰκαὶ
522 2265 760 2330 ἐναντιοῦσθαι
773 2261 834 2330 τδν
846 2264 972 2348 κόσμον
982 2260 1042 2328 τὸν
1056 2289 1118 2330 πο·

116 2363 197 2447 λύν,
215 2361 340 2431 ὁπόταν
355 2370 422 2429 των
437 2363 709 2448 ἐντυγχανόντων
726 2365 862 2440 ἕκαστος
877 2359 941 2428 ὑπὸ
960 2370 1020 2426 τοῦ
1036 2387 1118 2447 χρυ-

116 2470 179 2528 σοῦ
194 2463 248 2530 καί
267 2469 335 2528 τῶν
357 2469 465 2530 λίθων
483 2469 551 2529 τῶν
567 2469 760 2528 πολυτελῶν
777 2462 948 2546 ἐκπλαγεὶς
969 2457 1041 2527 ἀντὶ
1057 2470 1118 2529 τοῦ

115 2557 298 2646 ἐπαινεῖνή
318 2557 459 2647 χρόανή
479 2565 607 2647 βλέμμα
624 2557 643 2645 ή
660 2557 774 2644 δειρήν
791 2555 812 2643 ή
832 2566 941 2643 πῆχυν
956 2555 977 2643 ή
995 2560 1118 2626 δάκτυ-

116 2669 191 2741 λον,
216 2657 233 2727 ὁ
250 2662 286 2728 δὲ
300 2659 393 2727 ταῦτ’
412 2658 507 2744 ἀφεὶς
524 2662 557 2736 ἐς
573 2658 634 2744 τὴν
651 2655 763 2738 σαρδώ
778 2653 798 2740 ή
815 2654 875 2722 τδν
889 2654 1118 2744 σμάραγδονή

115 2758 175 2825 τόν
190 2757 296 2843 ὅρμον
315 2755 337 2845 ή
354 2756 389 2825 τό
407 2761 523 2840 ψέλιον
542 2756 730 2843 ἀποβλέπῃ,
755 2753 837 2821 ω’στε
854 2754 991 2840 ἄχθοιτο
1013 2751 1057 2822 ἀν
1071 2763 1120 2824 εί-

114 2856 219 2934 κότως
233 2862 453 2944 παρορωμένη
471 2855 524 2925 διά
542 2854 602 2924 τδν
617 2854 762 2939 κόσμον,
788 2851 850 2920 ούκ
867 2853 1020 2939 ἀγόντων
1040 2874 1116 2938 σχο-
1136 2861 1187 2916 199

114 2955 177 3044 λήν
191 2959 338 3024 ἐπαινεῖν
356 2955 461 3041 αύτήν
476 2964 544 3023 τῶν
558 2960 707 3037 θεατῶν,
731 2951 814 3020 ἀλλά
831 2953 1001 3038 πάρεργον
1018 2951 1119 3039 αύτής

113 3057 326 3142 ποιουμένων
340 3053 402 3140 τήν
415 3058 509 3123 θέαν.
543 3060 591 3121 16.
607 3051 690 3136 ὅπερ
706 3050 853 3138 ἀνάγκη,
870 3050 977 3138 οἶμαι,
995 3063 1118 3120 παθεῖν

113 3156 168 3224 καλ
181 3152 242 3222 τδν
256 3156 293 3221 ἐν
311 3153 399 3221 οὕτω
413 3161 525 3230 καλοῖς
540 3157 647 3237 ἔργοις
664 3152 784 3237 λόγους
800 3152 1012 3219 δεικνύοντα·
1036 3161 1117 3219 λαν-

113 3255 214 3320 θύνει
227 3278 292 3338 γαρ
306 3255 398 3339 ἐντῷ
409 3253 542 3336 μεγέθει
557 3258 624 3318 τῶν
638 3259 750 3318 καλῶν
760 3249 796 3317 τὸ
811 3258 930 3335 λεχθὲν
942 3251 995 3317 καὶ
1007 3247 1118 3335 ἀμαυ-

113 3359 230 3435 ρούται
240 3355 294 3419 καὶ
305 3350 562 3433 συναρπάζεται,
574 3350 728 3434 καθάπερ
741 3357 771 3417 εί
779 3351 903 3434 λύχνον
914 3376 962 3427 τις
973 3355 1019 3426 εἰς
1029 3373 1118 3432 πυρ-

112 3451 211 3521 καϊάν
222 3451 369 3538 μεγάλην
380 3451 495 3534 φέρων
506 3449 663 3535 ἐμβάλλοι
673 3443 696 3534 ή
707 3449 863 3534 μύρμηκα
873 3445 926 3515 ἐπ’
940 3451 1119 3532 ἐλέφαντος

112 3549 134 3638 ή
149 3550 301 3638 καμήλου
317 3549 474 3616 δεικνύοι.
497 3555 596 3617 τοῦτο
611 3553 699 3633 γοῦν
714 3550 901 3626 φυλακτέον
916 3555 962 3636 τῷ
976 3548 1118 3627 λέγοντι.
