2625 4092
230 288 291 351 110
587 292 887 349 ΛΟΤΚΙΑΝΟΥ

226 456 386 537 Πελίχου,
410 449 450 517 ὃν
467 448 545 519 οὐδὲ
562 456 667 531 ζῶντα
688 450 779 516 πάνυ
795 454 934 517 ἐδεδίειν
948 448 1152 517 ἀπειλοῦντά
1170 475 1235 533 μοι
1295 509 1296 518 ,

228 554 279 617 21.
296 552 348 616 ἐπὶ
362 550 493 629 τούτοις
506 550 692 635 Ἀντίγονος
706 548 723 616 ὁ
739 546 851 630 ίατρὸς
866 547 951 633 εἷπε,
975 548 1103 633 Κάμοί,
1122 542 1149 614 ὦ
1166 547 1239 615 Εύ-
1295 543 1296 568 Ῑ

228 672 360 733 κρατες,
377 644 593 732 Ἱπποκράτης
608 650 675 714 ἐστὶ
690 656 833 732 χαλκοῦς
848 645 930 713 ὅσον
946 662 1106 733 πηχυαῖος
1122 643 1159 713 τό
1178 646 1238 729 με’-

229 754 347 830 γεθος,
371 742 407 824 ὃς
428 746 535 831 μόνον
552 742 725 831 ἐπειδάνὴ
746 748 907 828 θρυαλλὶς
922 744 1070 834 ἀποσβῇ,
1096 751 1239 829 περίεισι

227 841 289 930 τὴν
305 850 414 911 οίκίαν
430 842 512 930 ὅλην
533 848 569 911 ἐν
583 844 696 934 κύκλῳ
712 853 835 929 ψοφῶν
848 847 904 913 καί
924 843 984 923 τάς
995 848 1135 923 πυξίδας
1153 840 1239 909 ἀνα-

228 944 358 1024 τρέπων
376 945 431 1009 καί
452 941 491 1009 τά
510 944 671 1029 φάρμακα
691 945 842 1029 συγχέων
856 948 910 1011 καὶ
925 942 987 1030 τὴν
1007 942 1124 1026 θύραν
1140 967 1236 1023 περι·

227 1045 368 1125 τρέπων,
381 1044 436 1109 καί
446 1041 587 1126 μάλιστα
602 1039 737 1107 ἐπειδάν
749 1038 810 1128 τὴν
818 1049 945 1109 θυσίαν
954 1038 1237 1127 ὑπερβαλώμεθα,

226 1133 270 1221 ἣν
283 1136 366 1204 κατά
381 1136 417 1204 τό
434 1142 505 1217 ἔτος
520 1142 660 1206 ἕκαστον
674 1137 765 1226 αὐτῷ
776 1139 917 1234 θύομεν.
938 1137 1038 1217 Ἀξιοῖ
1048 1136 1130 1222 γάρ,
1147 1130 1192 1221 ἦν
1204 1131 1237 1200 δ’

227 1234 308 1320 ε’γά,
332 1240 387 1303 καὶ
406 1234 624 1324 Ἱπποκράτης
643 1236 708 1324 ἤδη
728 1234 746 1303 ὁ
768 1238 880 1321 ίατρδς
899 1237 1049 1305 θύεσθαι
1070 1235 1161 1325 αὐτῷ
1182 1236 1238 1301 καί

228 1330 414 1418 ἀγανακτεῖ,
425 1330 469 1420 ἦν
480 1333 617 1422 μὴκατὰ
629 1332 749 1416 καιρόν
761 1332 814 1422 ἐφ’
826 1340 928 1416 ίερῶν
936 1343 1071 1403 τελείων
1080 1336 1237 1420 ἑστιαθῇς

229 1427 270 1497 ὃν
279 1434 346 1499 ἔδει
356 1428 505 1517 ἀγαπᾶν,
523 1443 557 1501 εί
562 1460 611 1511 τις
625 1436 808 1518 ἐναγίσειεν
819 1431 910 1522 αὐτῷ
920 1430 941 1521 ἦ
952 1442 1152 1521 μελίκρατον
1164 1436 1237 1499 ε’πι-

229 1536 393 1598 σπείσειεν
409 1526 430 1615 ἢ
447 1531 669 1617 στεφανώσειε
683 1529 744 1616 την
758 1533 918 1619 κεφαλήν.
940 1585 955 1603 ,.
980 1584 994 1600 ..

312 1632 362 1694 22.
372 1626 492 1695 ’Ἀκονε
505 1634 639 1714 τοίνυν,
658 1636 722 1714 ἔφη
738 1626 755 1696 ὁ
773 1626 965 1715 Εὐκράτης,
988 1621 1086 1698 τοῦτο
1102 1630 1165 1714 μὲν
1181 1629 1236 1694 καὶ

230 1727 281 1793 ἐπὶ
301 1726 499 1811 μαρτύρων,
524 1724 623 1810 δπρό
643 1730 726 1794 ἐτῶν
749 1730 846 1794 πέντε
866 1727 972 1795 εἶδον·
994 1729 1154 1814 ἐτύγχανε
1174 1727 1236 1812 μὲν

228 1820 313 1906 ἀμφὶ
331 1822 497 1907 τρυγητὸν
517 1822 554 1891 τό
571 1830 642 1902 ἔτος
657 1823 713 1902 όν,
736 1823 801 1901 ἐγώ
817 1827 853 1892 δὲ
874 1824 959 1895 ἀμφὶ
978 1822 1038 1891 τόν
1053 1821 1161 1912 ἀγρόν
1177 1849 1236 1907 με-

228 1919 352 2004 σούσης
366 1926 424 2004 τῆς
444 1918 566 2006 ἡμέρας
581 1930 773 2007 τρυγῶντας
791 1920 887 2007 ἀφεὶς
901 1920 979 2000 τούς
1000 1925 1141 2008 έργατας
1159 1922 1232 1986 κατ’

127 2041 134 2055 ’
228 2015 373 2103 ἐμαυτόν
387 2023 433 2095 εἰς
452 2016 514 2104 τὴν
531 2018 618 2106 ὐλην
641 2017 762 2107 ἀπῄειν
781 2019 903 2103 μεταξύ
925 2026 1112 2105 φροντίζων
1128 2047 1160 2087 τι
1181 2021 1235 2085 καὶ

228 2114 531 2201 ἀνασκοπούμενος.
565 2122 634 2186 ἐπεὶ
651 2116 682 2184 δ’
706 2122 742 2184 ἐν
758 2125 804 2207 τῷ
824 2134 1010 2203 συνηρεφεῖ
1025 2110 1084 2204 ἦν,
1111 2114 1148 2184 τὸ
1174 2119 1235 2201 μὲν

227 2222 361 2296 πρῶτον
372 2210 518 2300 ὑλαγμὸς
530 2219 660 2301 ἐγένετο
674 2223 798 2300 κυνῶν,
814 2213 905 2301 κάγώ
918 2222 1046 2296 είκαζον
1058 2216 1235 2281 Μνάσωνα

227 2310 287 2380 τόν
296 2312 383 2390 υίόν,
395 2310 505 2399 ὥσπερ
517 2314 641 2399 είύθει,
655 2320 782 2394 παίζειν
795 2316 849 2382 καὶ
859 2329 1053 2400 κυνηγετεῖν
1066 2319 1112 2392 είς
1122 2311 1160 2381 τό
1174 2315 1235 2380 λά-

228 2434 302 2478 σιον
316 2409 397 2496 μετά
415 2422 481 2478 των
500 2410 686 2499 ἡλικιωτῶν
699 2414 923 2496 παρελθόντα.
951 2412 988 2481 τό
1010 2414 1042 2481 δ’
1064 2410 1127 2481 οὐκ
1150 2413 1234 2498 εἶχεν

223 2510 350 2596 οὕτως,
371 2508 454 2578 ἀλλά
477 2509 549 2596 μετ’
572 2510 687 2597 ὀλίγον
709 2521 958 2597 σεισμούτινος
974 2514 1161 2599 γενομένου
1182 2515 1234 2599 καί

228 2617 308 2696 βοῆς
326 2604 399 2677 οἷον
410 2612 446 2677 ἐκ
457 2618 600 2699 βροντῆς
611 2626 756 2698 γυναῖκα
770 2610 838 2698 ὁρῶ
850 2621 1059 2699 προσιοῦσαν
1071 2614 1233 2699 φοβεράν,

227 2710 460 2797 ἡμισταδιαίαν
480 2709 599 2798 σχεδόν
616 2710 653 2779 τό
674 2711 777 2792 ὕψος·
812 2710 876 2798 εἷχε
896 2713 932 2779 δὲ
952 2714 1007 2779 καὶ
1029 2716 1114 2801 δᾷδα
1136 2714 1175 2779 ἐν
1197 2718 1235 2799 τῇ

228 2809 385 2899 ἀριστερᾷ
402 2813 457 2878 καὶ
472 2815 566 2897 ξίφος
580 2813 617 2878 ἐν
630 2816 671 2899 τῇ
686 2814 777 2901 δεξιᾷ
790 2810 874 2879 ὅσον
888 2811 1105 2897 εἰκοσάπηχυ,
1122 2813 1179 2877 καὶ
1195 2808 1233 2876 τά

227 2911 289 2994 μὲν
301 2916 441 2990 ἔνερθεν
455 2905 621 2995 ὀφιόπους
636 2902 698 2995 ἦν,
722 2906 763 2976 τά
779 2911 816 2977 δέ
830 2907 900 2976 ἀνω
915 2908 1062 2996 Γοργόνι
1076 2908 1233 2996 ἐμφερής,

227 3005 264 3075 τό
276 3011 404 3094 βλέμμα
416 3008 500 3091 φημὶ
512 3008 565 3073 καὶ
576 3004 613 3075 τό
629 3011 795 3093 φρικῶδες
806 3014 863 3093 τῆς
873 3008 1078 3093 προσόψεως,
1095 3010 1151 3075 καὶ
1162 3006 1234 3074 ἀντὶ

227 3113 284 3193 τῆς
308 3106 412 3192 κόμης
433 3104 512 3183 τούς
533 3106 717 3191 δράκοντας
735 3104 965 3193 βοστρυχηδόν
984 3110 1167 3190 περιέκειτο
1189 3113 1234 3174 εί-

227 3206 412 3291 λουμένους
436 3208 510 3287 περὶ
531 3202 591 3272 τόν
612 3202 735 3291 αὐχένα
758 3208 813 3272 καὶ
839 3207 891 3273 ἐπὶ
914 3212 982 3272 τῶν
1002 3204 1102 3291 ὤμων
1125 3208 1234 3282 ε’νίονς

228 3306 495 3389 ἐσπειραμένους.
517 3302 631 3390 ὁρᾶτε,
648 3312 730 3392 ἔφη,
748 3303 839 3382 ὅπως
853 3311 986 3391 ἔφριξα,
1005 3300 1032 3372 ὦ
1047 3313 1156 3392 φίλοι,
1174 3332 1234 3391 με·

227 3399 308 3483 ταξύ
324 3402 560 3488 διηγούμενος;
582 3407 636 3470 καὶ
646 3401 713 3489 ἅμα
728 3407 835 3489 λέγων
847 3408 1017 3473 ἐδείκνυεν
1028 3402 1046 3472 ὁ
1057 3402 1233 3491 Εὐκράτης

226 3499 285 3579 τάς
300 3502 351 3567 ἐπὶ
368 3507 428 3567 τού
445 3502 572 3585 πήχεως
586 3511 697 3588 τρίχας
714 3512 816 3570 πᾶσιν
829 3500 936 3585 όρθάς
951 3500 1017 3571 ὑπὸ
1033 3510 1094 3569 τοῦ
1110 3504 1230 3589 φόβον.
