2625 4092
244 279 286 342 48
606 280 666 337 AO
676 280 898 338 YKIANOY

245 467 302 507 ναι
319 437 445 526 μισθόν
465 444 550 507 αίτεί
566 440 621 505 καὶ
638 436 702 505 οὐκ
717 438 925 524 αἰσχύνεται,
948 444 978 506 εί
998 444 1047 507 δτι
1063 439 1255 526 πρεσβύτης

246 537 331 625 ἀνήρ
350 535 405 605 διά
422 544 521 606 τοῦτο
538 534 704 622 ἀποδημεῖ
721 540 778 605 καὶ
797 547 1006 623 μισθιφορεϊ
1022 537 1179 622 καθάπερ
1194 536 1256 607 Ἰν-

245 635 303 715 δὸς
322 631 500 720 ήΣκύθης
516 636 737 721 αἰχμάλωτος,
758 637 813 702 καὶ
833 632 913 705 οὐδὲ
926 632 1008 705 αύτδ
1023 634 1061 704 τό
1078 637 1186 723 ὄνομα
1202 642 1257 704 αί-

245 734 418 820 σχύνεται,
433 729 452 800 δ
470 732 641 819 λαμβάνει.
666 738 717 800 53.
734 730 845 814 εὕροις
862 729 895 801 δ’
912 728 957 800 ἀν
971 731 1014 800 ού
1028 734 1136 819 μόνον
1150 740 1256 801 ταῦτα

245 832 321 915 περὶ
335 831 491 916 τούτους,
512 826 597 897 ἀλλά
612 830 667 896 καὶ
682 826 765 896 ἀλλα
779 830 892 915 πάθη,
915 826 989 899 οἷον
1004 830 1112 911 λύπας
1125 834 1181 899 καὶ
1196 830 1257 915 όρ-

245 925 308 1015 φάς
323 931 379 995 καὶ
395 928 552 1013 φθόνους
565 929 619 993 καὶ
634 933 793 1004 παντοίας
808 929 996 1011 ἐπιθυμίας.
1020 926 1041 995 ό
1055 956 1093 1013 γε
1110 926 1179 1014 μήν
1190 954 1257 997 πα-

248 1027 383 1110 ράσιτος
398 1030 525 1105 ἔξωθεν
537 1034 668 1091 τούτων
682 1025 771 1091 ἐστὶν
786 1021 963 1092 ἁπάντων·
986 1023 1063 1093 ούτε
1078 1024 1144 1111 γάρ
1161 1025 1258 1112 ὀργί-

246 1131 332 1205 ζεται
349 1120 394 1191 δι’
414 1121 626 1203 ἀνεξικακίαν
642 1123 697 1190 καὶ
714 1120 766 1189 ὅτι
785 1120 848 1189 ούκ
864 1129 955 1189 ἔστιν
972 1121 1062 1215 αύτῷ
1077 1124 1143 1216 ὅτφ
1158 1123 1257 1210 ὀργι-

246 1227 361 1306 σθείη·
385 1222 440 1289 καὶ
456 1226 485 1288 εί
499 1219 738 1305 ἀγανακτήσετε
753 1223 792 1286 δέ
798 1241 899 1304 ποτε,
913 1217 933 1305 ἡ
945 1219 1027 1307 ὀργή
1041 1221 1146 1289 αὐτοῦ
1157 1231 1256 1309 χαλε-

247 1318 313 1385 πόν
324 1319 387 1404 μὲν
402 1316 481 1386 οὐδὲ
497 1314 706 1399 σκυθρωπόν
716 1313 817 1383 οὐδὲν
829 1315 1061 1406 ἀπεργάζεται,
1077 1322 1256 1406 μᾶλλονδὲ

246 1421 373 1502 γέλωτα
390 1418 445 1483 καὶ
461 1416 635 1501 εὐφραίνει
656 1412 735 1491 τούς
756 1414 926 1494 ξυνόντας.
959 1425 1114 1486 λυπεῖταί
1130 1444 1170 1503 γε
1189 1416 1257 1504 μήν

247 1518 301 1583 καί
319 1514 436 1601 ἥκιστα
453 1515 605 1599 πάντων,
623 1520 723 1579 τοῦτο
739 1519 797 1597 τῆς
811 1517 926 1601 τέχνης
939 1518 1257 1600 παρασκευαζούσης

248 1611 410 1702 αὐτῷκαὶ
429 1614 661 1699 χαριζομένης,
688 1607 732 1696 μή
754 1616 841 1695 ἔχειν
860 1611 945 1694 ὑπὲρ
966 1610 1047 1680 ὅτου
1069 1622 1255 1701 λυπηθείη·

232 1710 325 1779 ὀὔτε
348 1708 413 1797 χάρ
434 1708 584 1796 χρήματά
606 1711 697 1775 ἐστιν
711 1706 802 1797 αύτῷ
823 1708 901 1777 οὔτε
925 1709 1013 1787 οἶκος
1030 1710 1106 1779 οὔτε
1127 1714 1256 1795 οἰκέτης

248 1811 326 1882 οὔτε
336 1810 423 1898 γυνη
434 1810 511 1879 οὔτε
522 1813 646 1895 παῖδες,
659 1802 708 1876 όν
718 1813 1011 1897 διαφθειρομένων
1022 1819 1111 1879 πᾶσα
1122 1809 1256 1899 ἀνάγκη

249 1920 430 1978 λυπεῖσθαι
443 1907 502 1977 τόν
515 1916 631 1994 ἔχοντα
643 1906 739 1975 αύτά.
757 1912 916 1996 ἐπιθυμεῖ
929 1911 965 1979 δὲ
976 1910 1053 1979 οὔτε
1068 1913 1167 1998 δόξης
1180 1910 1258 1981 οὔτε

249 2008 442 2095 χρημάτων,
459 2003 531 2073 ἀλλ’
549 2004 626 2071 οὐδὲ
643 2002 769 2087 ὡραίου
783 2007 883 2084 τινός.
1299 2073 1300 2098 χ

332 2110 382 2174 54.
404 2112 499 2173 TYX.
519 2100 624 2188 Ἀλλ’,
648 2097 825 2190 όΣίμων,
849 2105 938 2183 εἰκός
953 2131 991 2190 γε
1005 2108 1114 2194 ἐνδείᾳ
1128 2113 1258 2193 τροφῆς

248 2211 443 2289 λυπηθῆναι
458 2200 572 2269 αὐτόν,

178 2320 231 2376 878
332 2307 431 2368 ΠΑΡ.
451 2297 606 2385 Ἀγνοεῖς,
623 2292 648 2366 τό
664 2301 822 2386 Τυχιάδη,
837 2299 888 2368 ότι
900 2304 932 2379 ἐξ
943 2299 1043 2385 ἀρχῆς
1054 2299 1134 2369 οὐδὲ
1144 2305 1256 2385 παρό-

248 2399 339 2476 σιτός
359 2402 447 2465 ἐστιν
462 2390 576 2478 οὗτος,
598 2394 688 2475 ὅστις
702 2396 824 2480 ἀπορεῖ
839 2406 980 2483 τροφής·
1010 2396 1089 2465 οὐδὲ
1107 2396 1175 2484 γάρ
1193 2400 1256 2466 ἀν·
1298 2427 1299 2440 ’

248 2504 357 2580 δρεῑος
377 2492 500 2582 ἀπορία
515 2492 670 2577 ἀνδρείας
687 2498 775 2563 ἐστίν
795 2492 964 2580 ἀνδρεῖος,
988 2497 1067 2565 οὐδὲ
1089 2496 1257 2582 φρόνιμος

247 2594 370 2681 ἀπορία
385 2599 522 2679 φρενῶν
535 2594 603 2659 ἐστι
616 2593 795 2678 φρόνιμος·
818 2592 926 2673 άλλως
939 2591 1005 2679 φάρ
1017 2593 1096 2661 οὐδὲ
1110 2595 1257 2678 παράσι-

247 2718 303 2769 τος
319 2688 438 2777 ἀνείη.
460 2691 631 2774 πρόκειται
646 2689 683 2756 δὲ
696 2689 776 2774 ἡμῖν
787 2692 862 2775 περὶ
872 2699 1057 2772 παρασίτου
1071 2697 1180 2775 ζητεῖν
1196 2689 1258 2759 όν-

247 2815 319 2874 τος,
336 2786 463 2874 ούχὶμή
480 2787 585 2865 ὄντος.
610 2794 639 2855 εί
652 2786 688 2854 δὲ
703 2785 885 2871 ὁάνδρετος
896 2785 958 2855 οὐκ
970 2784 1110 2874 ἀλλαςή
1123 2814 1256 2874 παρου-

248 2895 304 2975 σίᾳ
319 2886 555 2971 ἀνδρειότητος
568 2889 623 2955 καὶ
644 2884 662 2952 ὁ
681 2885 845 2972 φρόνιμος
861 2895 1031 2976 παρουσία
1045 2888 1257 2973 φρονήσεως,

249 2986 303 3052 καί
318 2982 335 3051 ὁ
357 2985 539 3066 παράσιτος
554 2983 590 3051 δὲ
604 2989 772 3070 παρουσία
786 2989 848 3049 τοῦ
864 2998 1058 3064 παρασιτεῖν
1073 2986 1259 3069 παράσιτος

249 3089 355 3149 ἔσται·
379 3079 422 3159 ὡς
437 3090 471 3149 εί
479 3107 517 3167 γε
532 3088 630 3149 τοῦτο
645 3078 690 3166 μὴ
707 3076 847 3165 ύπάρχει
864 3079 970 3170 αὐτῷ,
992 3085 1067 3167 περὶ
1083 3081 1192 3153 ἀλλον
1204 3111 1259 3150 τι·

248 3179 323 3265 νός,
340 3182 395 3247 καὶ
409 3176 481 3265 οὐχὶ
496 3186 697 3265 παρασίτου,
714 3180 903 3264 ζητήσομεν.

333 3286 427 3347 m.
439 3276 577 3347 Οὐκοῦν
585 3277 744 3348 οὐδέποτε
753 3276 915 3365 ἀπορήσει
923 3280 1104 3364 παράσιτος
1111 3291 1258 3369 τροφής;

331 3384 430 3447 ΠΛΡ.
448 3375 596 3447 Ἔοικεν·
619 3375 704 3448 ὥστε
720 3374 793 3443 οὔτ’
808 3379 861 3445 ἐπὶ
879 3379 986 3465 τούτῳ
1001 3375 1075 3445 οὔτ’
1092 3376 1147 3446 ἐπ’
1165 3378 1256 3468 ἅλλφ

249 3478 337 3546 ἐστὶν
351 3476 416 3565 ότφ
432 3484 598 3563 λυπηθείη
612 3474 665 3543 ἀν.
