2625 4092
226 277 288 338 358
352 305 354 311 ·
581 282 885 341 AOYKIANOY

158 457 207 511 481
229 442 328 526 ἱρέων
350 441 432 507 ἀνευ
448 438 524 508 οότε
539 442 739 526 προφητέων
758 444 979 525 φθέγγονται,
1001 442 1058 509 ὅδε
1078 444 1114 510 δὲ
1134 440 1231 521 αὐτος

227 568 261 607 τε
272 541 415 607 κινέεται
430 542 483 607 καὶ
495 536 557 625 τὴν
568 546 731 624 μαντηίην
743 541 774 615 ἐς
784 542 875 616 τέλος
886 537 1088 624 αὐτουργέει.
1112 540 1232 621 τρόπος

227 637 263 705 δὲ
280 636 380 723 αὐτῆς
394 636 542 704 τοιόσδε·
571 628 641 703 εὖτ’
657 632 701 703 α”ν
723 641 821 722 ἐθέλῃ
843 642 1119 723 χρησμηγορέειν,
1141 642 1179 705 ἐν
1195 646 1233 724 τῇ

226 740 306 825 ἕδρῃ
321 743 435 820 πρῶτα
452 736 610 802 κινέεται·
633 739 667 802 οἱ
686 735 724 801 δέ
740 761 798 820 μιν
815 737 900 817 ίρέες
915 734 1033 803 αὐτίκα
1047 733 1232 817 ἀείρουσιν.

225 830 269 918 ἢν
285 834 321 902 δὲ
336 832 380 920 μὴ
396 832 548 915 ἀείρωσι,
574 829 592 898 ὁ
609 832 644 899 δὲ
659 833 772 916 ίδροόει
789 834 843 899 καλ
857 836 889 911 ἐς
902 836 999 918 μέζον
1015 839 1060 900 ἐτι
1077 836 1232 901 κινέεται.

227 926 295 999 εὖτ’
317 928 360 999 άυ
375 930 411 999 δὲ
425 930 611 1009 ὑποδύντες
629 933 792 1015 φέρωσιν,
809 930 881 1015 ἀγει
895 934 998 1016 σφέας
1014 932 1122 1016 πάντη
1139 957 1235 1014 περι-

227 1033 347 1097 δινέων
365 1032 418 1095 καλ
439 1031 471 1105 ἐς
485 1025 588 1096 ἀλλον
603 1030 635 1107 ἐξ
652 1030 766 1112 ἑτέρου
780 1031 1003 1114 μεταπηδέων.
1026 1032 1120 1107 τέλος
1136 1027 1155 1095 ό
1175 1029 1236 1110 ἀρ

225 1126 337 1213 χιρεῦς
346 1124 504 1203 ἀντιάσας
512 1129 682 1207 ἐπερέεταί
689 1153 748 1211 μιν
757 1128 832 1207 περὶ
842 1125 1000 1194 ἁπάντων
1010 1130 1234 1213 πρηγμάτων·

226 1224 243 1290 ὁ
262 1224 297 1291 δέ
310 1223 354 1311 ἥν
370 1252 401 1290 τι
415 1222 459 1310 μη
475 1226 574 1313 ἐθέλῃ
592 1228 780 1309 ποιέεσθαι,
797 1221 902 1291 ὀπίσω
921 1224 1119 1311 ἀναχωρέει,
1137 1222 1183 1311 ἢν
1202 1229 1237 1291 δέ

225 1351 256 1392 τι
272 1328 422 1411 ἐπαινέῃ,
440 1324 512 1410 ἀγει
527 1328 559 1403 ἐς
573 1320 610 1391 τό
623 1324 738 1408 πρόσω
749 1322 827 1401 τοῦς
837 1326 1067 1408 προφέροντας
1079 1322 1236 1405 ὅκωσπερ

226 1421 395 1508 ἡνιοχέων.
420 1420 525 1499 οὕτως
541 1423 602 1507 μὲν
616 1428 853 1507 συναγείρουσι
866 1420 905 1487 τά
920 1427 1071 1506 θέσφατα
1085 1424 1144 1489 καὶ
1160 1420 1236 1489 οὔτε

227 1520 302 1603 ἱρόν
317 1527 451 1605 πρῆγμα
462 1518 562 1587 οῦδὲν
573 1520 649 1587 οῦτε
664 1526 752 1587 ίδιον
762 1521 885 1587 τούτου
899 1519 980 1588 ἀνευ
993 1526 1161 1588 ποιέουσι.
1183 1526 1236 1589 λε’-

226 1645 276 1703 γει
292 1620 327 1685 δὲ
342 1620 396 1684 καλ
411 1624 471 1684 τοῦ
487 1624 574 1696 ἔτεος
589 1625 663 1702 πέρι
684 1620 737 1685 καὶ
754 1624 822 1684 τῶν
837 1615 949 1699 ἀρέων
965 1616 1071 1685 αὐτοῦ
1087 1622 1236 1703 πασέων,

227 1717 282 1783 καὶ
296 1714 392 1783 ὁκότε
414 1713 474 1782 οῦκ
496 1722 635 1798 ἔρονται.
669 1717 757 1801 λέγει
776 1716 812 1782 δὲ
833 1718 964 1782 καὶτοῦ
983 1724 1129 1801 σημηίου
1148 1718 1237 1800 πέρι,

227 1816 303 1881 κότε
318 1815 379 1899 χρη
395 1842 453 1899 μιν
468 1812 668 1900 ἀποδημέειν
681 1812 743 1900 τὴν
758 1812 851 1881 εἷπον
866 1813 1063 1900 ἀποδημίην.
1085 1820 1140 1882 37.
1155 1818 1238 1897 ἐρέω

228 1912 263 1980 δὲ
274 1915 328 1979 καὶ
340 1910 437 1995 ἀλλο,
453 1909 490 1978 τὸ
502 1914 581 1996 ἐμεῦ
592 1912 773 1995 παρεόντος
788 1915 936 1997 ἔπρηξεν.
961 1916 995 1978 ολ
1004 1916 1065 1997 μέν
1077 1939 1139 1998 μιν
1150 1915 1239 1995 ίρέες

229 2008 394 2094 ἀείροντες
409 2014 549 2095 ἔφερον,
567 2008 584 2075 ὁ
600 2010 636 2077 δέ
650 2007 729 2088 τοῦς
737 2010 800 2096 μὲν
811 2012 848 2075 έν
863 2037 905 2097 γη
920 2009 1008 2076 κάτω
1020 2015 1153 2094 ἔλιπεν,
1174 2007 1241 2075 αῦ-

227 2104 283 2184 τός
294 2108 330 2173 δὲ
341 2109 377 2172 ἐν
387 2114 432 2196 τῷ
441 2105 512 2191 ἠέρι
524 2116 648 2193 μοῦνος
660 2110 823 2192 ἐφορέετο.
839 2112 890 2174 38.
901 2106 981 2191 μετά
993 2108 1030 2174 δέ
1040 2105 1100 2174 τόν
1111 2106 1240 2175 Ἀπόλ-

227 2214 317 2271 λωνα
339 2199 461 2285 ξόανόν
479 2209 567 2271 ἐστιν
578 2204 772 2291 Ἄτλαντος,
802 2202 883 2292 μετά
904 2206 940 2272 δέ
954 2204 1078 2289 Ἑρμέω
1100 2209 1160 2272 καὶ
1176 2212 1238 2272 Εί-

227 2309 385 2388 λειθυίης.

309 2406 359 2468 39.
389 2398 436 2466 Τά
458 2402 519 2485 μέν
544 2394 592 2469 τόν
613 2398 706 2478 ἐντός
720 2410 781 2467 τοῦ
802 2409 888 2487 νηοῦ
909 2394 973 2467 ὦδε
996 2402 1238 2484 κεκοσμέαται·

226 2500 287 2575 ἔξω
303 2496 337 2563 δὲ
351 2498 463 2583 βωμός
478 2525 526 2575 τις
546 2502 652 2566 κέεται
671 2502 771 2584 μέγας
785 2498 931 2583 χάλκεος.
966 2501 1001 2563 ἐν
1021 2496 1057 2564 δὲ
1075 2498 1132 2563 καὶ
1149 2494 1239 2563 ἄλλα

153 2610 209 2669 48η
227 2595 328 2673 ξόανα
350 2603 452 2681 μυρία
468 2597 589 2680 χάλκεα
608 2602 771 2683 βασιλέων
790 2622 824 2661 τε
845 2598 899 2662 καὶ
920 2598 1036 2679 ίρέων·
1062 2596 1239 2673 καταλέξω

228 2696 263 2758 δὲ
284 2700 350 2758 τῶν
366 2692 505 2779 μάλιστα
523 2692 615 2773 ἀξιον
630 2694 830 2779 μνήσασθαι.
859 2698 896 2761 έν
910 2691 1065 2780 ἀριστερῇ
1085 2698 1150 2757 τοῦ
1166 2692 1238 2758 νεά
1294 2773 1295 2784 ¹

226 2793 430 2875 Σεμιράμιος
452 2790 573 2869 ξόανον
592 2792 730 2877 ἕστηκεν
755 2796 791 2857 ἐν
811 2796 900 2880 δεξιῇ
920 2787 981 2858 τόν
999 2787 1085 2875 νηόν
1104 2790 1238 2856 ἐπιδει-
1294 2869 1295 2874 ¹

225 2890 384 2956 κνόονσα.
420 2884 538 2973 ἀνέστη
560 2890 595 2956 δὲ
615 2886 661 2955 δι’
678 2895 785 2976 αἰτίην
807 2890 952 2975 τοιήνδε·
984 2886 1234 2971 ἀνθρώποισιν,

226 2984 340 3051 ὁκόσοι
351 2992 480 3071 Συρίην
492 2989 649 3071 οἰκέουσι,
659 2986 765 3072 νόμον
775 2991 919 3055 ἐποιέετο
930 2984 1058 3072 ἑωυτὴν
1069 2986 1134 3070 μὲν
1145 2983 1236 3063 ὅκως
1294 3057 1295 3060 ς

226 3078 310 3149 θεὸν
327 3082 538 3169 ἱλάσκεσθαι,
561 3092 654 3152 θεῶν
670 3085 705 3153 δὲ
720 3092 788 3153 των
809 3084 920 3154 ἀλλων
939 3088 993 3152 καὶ
1014 3082 1115 3170 αὐτῆς
1124 3084 1235 3169 Ἥρης

226 3176 384 3263 ἀλογέειν.
414 3182 469 3246 καὶ
486 3172 550 3248 οἶδε
568 3184 707 3251 ἐποίεον.
737 3182 818 3269 μετά
840 3184 876 3251 δὲ
893 3181 937 3261 ἀς
956 3188 990 3251 οί
1006 3184 1139 3250 θεόθεν
1153 3181 1235 3247 ἀπί-

227 3300 325 3342 κοντο
337 3285 456 3344 νοῦσοί
463 3305 498 3344 τε
509 3284 563 3347 καὶ
575 3284 744 3368 συμφοραὶ
754 3286 807 3350 καί
817 3281 928 3369 ἄλγεα,
940 3288 1059 3368 μανίης
1069 3282 1134 3367 μὲν
1146 3286 1235 3348 ἐκεί-

226 3399 287 3460 νης
302 3373 515 3443 ἀπεπαύσατο
530 3381 585 3447 καὶ
595 3379 727 3466 θνητὴν
739 3380 866 3467 ἑωυτην
879 3379 1045 3466 ὡμολόγεε
1055 3384 1111 3447 καὶ
1120 3395 1233 3447 τοῖσιν

227 3468 425 3555 ῦπηκόοισιν
440 3467 533 3553 αῦτις
549 3480 701 3548 ἐκέλευεν
717 3480 862 3564 έςἭρην
876 3485 1065 3562 τρέπεσθαι.
1085 3479 1235 3548 τούνεκα
