2625 4092
228 256 292 320 224
580 257 893 316 ΛΟΤΚΙΑΝΟΤ

313 425 363 487 26.
381 424 482 486 ΛΤΚ.
507 415 617 484 Οἶσθα
633 409 713 498 ούν,
739 407 765 481 ὦ
783 413 987 500 Ἀδείμαντε,
1011 413 1053 493 ὡς
1071 416 1165 484 πάνυ
1189 439 1239 484 οὐι

228 517 294 587 ἀπὸ
309 524 429 603 λεπτῆς
440 512 593 600 κρόκηςὸ
607 522 672 592 πᾶς
683 512 796 581 οὑτοσί
808 521 952 592 πλοῦτος
964 511 1167 600 ἀπήρτηται,
1187 517 1239 580 καὶ

228 605 272 703 ἦν
287 618 397 700 ἐκείνη
413 612 604 701 ἀπορραγῇ,
625 612 734 678 πάντα
750 621 871 698 οἴχεται
892 614 946 679 καὶ
962 613 1132 696 ἄνθρακές
1149 635 1205 678 σοι
1221 610 1238 678 ὁ

228 710 403 801 θησαυρός
419 718 526 793 ἔσται,

313 817 476 879 ΑΔΕΙΜ.
498 814 575 886 Πῶς
590 812 712 893 λέγεις,
731 799 757 873 τό
775 815 917 886 Λυκῖνε;

314 917 413 978 ΛΤΚ.
431 909 516 993 Ὅτι,
539 901 710 992 ύάριστε,
733 906 859 992 ἀδηλον
874 902 1000 972 ὁπόσον
1016 908 1140 990 χρόνον
1155 909 1237 994 βιαί-

230 1029 298 1084 σεις
313 1015 477 1074 πλουτῶν.
500 1012 548 1084 τίς
561 1005 624 1091 γάρ
640 1004 730 1072 οἶδεν
747 1012 776 1072 εἰ
795 1011 842 1072 έτι
858 1024 910 1070 σοι
924 1008 1170 1092 παρακειμένης
1183 1015 1240 1093 τῆς

228 1112 353 1192 χρυσῆς
363 1108 539 1189 τραπέζης,
554 1105 634 1185 πρὶν
647 1107 817 1191 ἐπιβαλεῖν
833 1102 894 1190 τὴν
909 1117 1002 1188 χεῖρα
1018 1106 1073 1171 καὶ
1090 1101 1238 1190 ἀπογεύ-

230 1210 425 1270 σασθαιτοῦ
440 1201 507 1269 ταιδ
522 1197 544 1288 ἢ
558 1210 619 1269 τοῦ
630 1203 790 1287 Νομάδος
804 1198 1043 1288 ἀλεκτρυόνος,
1058 1201 1239 1289 ἀποφυσή-

230 1321 290 1378 σας
300 1298 337 1366 τό
349 1305 504 1386 ψυχίδιον
516 1299 592 1366 ἀπει
604 1303 686 1385 γυψὶ
697 1303 751 1368 καί
763 1301 879 1382 κόραξι
894 1300 1002 1366 πάντα
1014 1301 1123 1367 ἐκεῖνα
1135 1327 1241 1368 κατα-

230 1398 354 1479 λιπάνς
375 1395 397 1485 ἢ
414 1403 541 1476 ἐθέλεις
560 1399 854 1486 καταριθμήσομαί
868 1419 920 1465 σοι
937 1395 1015 1474 τούς
1035 1400 1097 1484 μὲν
1119 1396 1239 1466 αὐτίκα

229 1505 291 1563 τοῦ
300 1497 449 1563 πλούτου
460 1499 539 1580 πρὶν
551 1495 739 1564 ἀπολαῦσαι
751 1495 997 1580 ἀποθανόντας,
1013 1499 1123 1574 ένίους
1135 1497 1171 1563 δὲ
1184 1501 1240 1564 καὶ

230 1600 352 1674 ζῶντας
374 1592 663 1681 ἀποστερηθέντας
686 1587 734 1662 οἷν
755 1593 842 1679 εἶχον
866 1591 932 1660 ὑπό
955 1619 1046 1672 τινος
1064 1597 1241 1682 βασκάνου

230 1689 314 1774 πρὸς
328 1691 367 1759 τά
384 1701 519 1760 τοιαῦτα
536 1699 712 1780 δαίμονος;
735 1692 869 1770 ἀκούεις
887 1693 952 1778 γάρ
972 1719 1040 1759 που
1056 1691 1117 1761 τδν
1134 1701 1239 1776 Κροῖ-

231 1814 293 1859 σον
304 1795 359 1860 καὶ
372 1791 432 1859 τόν
441 1795 666 1880 Πολυκράτην
681 1793 768 1862 πολύ
783 1812 846 1859 σου
861 1795 1129 1877 πλουσιωτέρους
1139 1821 1242 1881 γενο-

229 1894 352 1976 μένους
376 1893 574 1972 ἐκπεσόντας
601 1896 637 1960 έν
662 1900 780 1979 βραχεῖ
804 1898 872 1958 τῶν
899 1889 1041 1977 ἀγαθῶν
1067 1889 1240 1960 ἁπάντων.

231 1993 282 2058 27.
298 1992 354 2056 ἵνα
365 1994 404 2058 δέ
412 2013 466 2059 σοι
476 1993 531 2061 καὶ
540 1992 682 2068 τούτους
693 1987 786 2076 ἀφῶ,
802 1989 841 2056 τό
852 2016 889 2076 γε
901 1987 1067 2076 ὑγιαίνειν
1080 1991 1242 2076 ἐχέγγυον

231 2098 293 2156 οίει
305 2108 359 2155 σοι
370 2091 572 2176 γενήσεσθαι
584 2093 638 2157 καὶ
649 2093 804 2176 βέβαιον;
818 2083 841 2173 ἢ
851 2085 912 2174 οὐχ
924 2085 1004 2176 ὁρᾷς
1014 2086 1161 2168 πολλοὺς
1173 2096 1244 2155 τῶν

161 2204 212 2260 266
232 2192 404 2253 πλουσίων
414 2189 665 2273 κακοδαιμόνως
677 2187 853 2273 διάγοντας
868 2184 934 2254 ὑπὸ
949 2193 1017 2252 τῶν
1028 2184 1242 2273 ἀλγηδόνων,
1311 2215 1312 2250 ι

228 2281 307 2362 τοδς
323 2283 385 2368 μὲν
401 2283 479 2353 οὐδὲ
499 2291 645 2373 βαδίζειν
660 2289 886 2371 δυναμένους,
907 2286 1016 2361 ένίους
1038 2284 1072 2351 δὲ
1088 2283 1244 2370 τυφλούς

228 2378 334 2469 ἦτῶν
354 2385 572 2452 ἐντοσθιδίων
592 2412 622 2452 τι
644 2383 847 2470 ἀλγούντας;
876 2382 927 2452 ότι
945 2388 1007 2470 μὲν
1028 2386 1092 2472 γάρ
1111 2383 1177 2452 οὐκ
1199 2381 1244 2452 ἀν

229 2484 318 2551 ἕλοιο
333 2490 489 2550 πλουτῶν
504 2487 553 2562 δὶς
567 2491 730 2550 τοσοῦτον
742 2491 889 2552 πλοῦτον
901 2481 998 2569 ὅμοια
1013 2483 1153 2570 πάσχειν
1166 2492 1244 2552 Φα-

228 2583 362 2670 νομάχῳ
378 2591 424 2673 τῷ
437 2590 584 2671 πλουσίῳ
599 2586 654 2650 καί
671 2584 884 2669 θηλύνεσθαι
902 2579 945 2659 ως
959 2584 1085 2662 ἐκεῖνος
1100 2577 1140 2650 εὖ
1152 2582 1242 2655 οἶδα,
1309 2621 1310 2658 ι

228 2677 294 2748 κάν
308 2680 352 2767 μὴ
369 2691 472 2770 εἴπης.
494 2684 537 2749 έῶ
553 2686 663 2766 λέγειν
678 2679 758 2759 ὅσας
774 2679 1048 2768 έπιβουλάςμετά
1058 2693 1119 2776 τοι)
1131 2685 1242 2750 πλού-
1308 2759 1309 2766 χ

229 2807 290 2848 τον
306 2784 361 2850 καὶ
376 2779 497 2869 λῃστάς
510 2784 565 2849 καὶ
576 2784 713 2868 φθόνον
727 2783 783 2849 καὶ
797 2795 891 2866 μῖσος
907 2780 998 2862 παρὰ
1013 2791 1080 2848 των
1092 2791 1243 2851 πολλῶν.

229 2879 311 2969 δρᾷς
325 2883 407 2948 οἵων
422 2902 475 2948 σοι
492 2883 698 2966 πραγμάτων
715 2891 818 2958 αἴτιος
833 2877 850 2946 ὁ
865 2877 1039 2964 θησαυρός
1051 2887 1198 2965 γίνεται;

313 2987 476 3048 ΑΔΕΙΜ.
496 2978 560 3049 Ἀεὶ
570 2981 615 3047 σύ
629 3007 703 3065 μοι,
721 2972 748 3046 ὦ
757 2987 900 3062 Λυκῖνε,
916 2974 1129 3057 ὑπεναντίος·
1152 2977 1241 3048 ὥστε
1307 2969 1308 2986 ’

229 3076 308 3145 οὐδὲ
326 3077 387 3164 τὴν
404 3087 533 3164 χοίνικα
552 3084 599 3146 ἔτι
616 3080 705 3168 λη’ψη
727 3082 759 3156 ἐς
776 3081 867 3155 τέλος
881 3102 948 3162 μου
967 3083 1026 3164 τῆς
1042 3075 1138 3164 εύχῆς
1155 3082 1242 3168 ἐπη-

228 3179 363 3259 ρεάζων.

311 3285 412 3346 ΛΤΚ.
433 3286 540 3347 Τοῦτο
552 3276 688 3366 μὲνῆδη
700 3274 783 3345 κατά
794 3274 873 3354 τούς
888 3277 1033 3356 πολλοὺς
1049 3285 1118 3344 των
1128 3285 1243 3346 πλου-

227 3381 310 3443 σίων
324 3374 456 3465 ἀναδύη
471 3379 526 3446 καὶ
538 3375 714 3454 ἀνακαλεῖς
729 3373 790 3461 τὴν
805 3372 994 3461 ὑπόσχεσιν.
1019 3373 1101 3444 ἀλλά
1117 3373 1160 3442 σύ
1174 3375 1243 3462 ἤδη

228 3473 246 3540 ὁ
265 3476 442 3559 Σάμιππος
459 3473 567 3560 εὔχου.
