2625 4092
451 367 761 425 ΧΑΡΙΔΗΜΟΣ.
1047 367 1109 430 437

97 524 130 592 δ’
149 530 185 594 ἐκ
196 526 334 593 πάντων
348 527 479 605 ἐκλέξας
494 523 556 592 ὅσα
570 553 627 611 μοι
643 530 733 593 δοκεῖ
742 524 787 612 μη
799 533 931 614 βέλτιον
946 529 1030 596 εἰναι
1044 555 1110 596 πα-

97 634 260 708 ραλιπεῖν,
278 626 360 704 λέξω
372 622 425 691 διά
438 627 600 710 βραχέων,
613 623 703 702 ὅπως
714 632 760 715 τῷ
769 651 804 691 τε
815 626 929 696 κάλλει
941 625 982 694 τά
993 629 1109 714 γιγνό-

95 750 180 808 μενα
191 721 356 791 ἀποδιόσω
367 719 449 808 ὑμῖν
459 747 495 789 τε
505 718 542 788 τό
552 731 774 808 μακρολογεῖν
786 723 985 807 παραλιπών
996 726 1109 809 δράσω

96 823 324 906 κεχαρισμένα.
348 826 398 888 23.
415 833 482 897 τοῖς
494 818 556 904 μὲν
570 811 668 906 οάνῆ
681 817 725 886 δι’
739 819 898 904 ἀνδρείαν
911 817 933 908 ἢ
945 821 1027 889 καθ’
1040 825 1109 892 ἑτέ-

95 943 163 1001 ραν
175 917 251 985 τινά
272 925 340 984 των
359 915 489 1000 ἀρετῶν
502 914 598 1003 ἡμῶν
619 921 773 1004 προέχειν
794 923 972 1005 δοκοῦσιν,
1000 919 1043 1006 ἢν
1062 921 1107 1008 μη

96 1024 143 1107 τῷ
157 1013 237 1084 καθ’
255 1013 381 1102 ἡμέραν
400 1029 509 1083 ποιεῖν
523 1008 563 1083 εὖ
582 1014 815 1104 ἀναγκάζωσιν
830 1017 916 1106 ἡμᾶς
936 1012 976 1088 εὖ
997 1017 1108 1098 αὐτοῖς

95 1121 302 1200 διακεῖσθαι,
326 1120 552 1201 βασκαίνομεν
572 1123 716 1199 μᾶλλον,
741 1109 839 1196 ἐξιόν
860 1113 923 1185 τάν
939 1116 981 1186 ού
998 1126 1107 1198 καλῶς

94 1211 208 1291 αὐτοῖς
227 1211 269 1280 τά
291 1213 469 1299 πράγματα
489 1213 702 1300 πραττόμενα
721 1223 829 1302 σχοίη
865 1215 989 1297 καλούς
1010 1216 1040 1286 δ’
1064 1220 1106 1286 ού

93 1310 202 1396 μόνον
223 1309 266 1378 ού
283 1319 482 1397 φθονοῦμεν
498 1320 555 1396 τῆς
576 1309 680 1398 ὥρας,
703 1310 777 1381 ἀλλ’
795 1311 901 1394 εύθύς
921 1341 958 1383 τε
978 1315 1106 1396 ἰδόντες

91 1405 303 1494 ἀλισκόμεθα
318 1406 587 1495 ύπεραγαπῶμέν
606 1437 642 1478 τε
663 1409 737 1479 οὐδ’
760 1409 977 1501 ἀποκνοῦμεν
994 1413 1105 1498 ὥσπερ

91 1513 294 1593 κρείττοσιν,
306 1505 388 1575 ὅσον
399 1502 444 1575 ἀν
454 1506 534 1594 ἡμῖν
546 1511 616 1596 ἐξῇ,
633 1509 852 1590 δουλεύοντες
864 1509 986 1590 αὐτοῖς.
1009 1510 1105 1598 ἥδιον
1123 1530 1175 1586 633

92 1601 138 1673 ἀν
153 1598 217 1672 οὖν
232 1602 423 1673 ὑπακούσαι
436 1632 486 1684 τις
500 1605 589 1690 ὥρας
603 1607 798 1692 εὐτυχηκότι
813 1603 837 1695 ἦ
851 1609 1045 1691 προστάξειε
1058 1616 1105 1697 τῷ

91 1702 138 1790 μὴ
153 1707 309 1794 τοιούτω,
331 1707 384 1773 καί
405 1712 507 1772 πλείω
523 1703 621 1790 χάριν
639 1703 683 1772 ἀν
700 1711 801 1792 εἰδείη
817 1713 863 1795 τῷ
880 1705 986 1774 πολλά
1003 1733 1105 1792 προς-

91 1803 244 1870 τάττοντι
259 1810 386 1886 μᾶλλον
399 1799 421 1887 ἢ
434 1811 480 1893 τῷ
491 1801 571 1890 μηδ’
588 1801 705 1870 ὁτιοῦν
720 1806 963 1890 ἐπαγγέλλοντι.
986 1809 1037 1874 24.
1050 1806 1105 1873 καί

90 1907 161 1967 τῶν
175 1901 237 1986 μὲν
251 1897 363 1967 ἀλλων
381 1898 539 1985 ἀγαθῶν,
557 1892 605 1968 ἀν
616 1899 660 1968 ἀν
675 1905 797 1981 ἐνδεεῖς
810 1894 915 1989 ὦμεν,
931 1900 973 1970 ού
987 1927 1105 1989 περαι-

91 2001 177 2084 τέρω
194 1998 425 2084 σπουδάζομεν
445 2008 506 2067 τοῦ
528 2013 655 2085 τυχεῖν,
681 2000 825 2080 κάλλους
844 1999 875 2068 δ’
895 2000 976 2088 ἡμῖν
996 1999 1105 2080 οὐδεὶς

91 2099 306 2168 οὐδεπώποτε
322 2102 440 2186 γέγονε
455 2105 571 2184 κόρος,
588 2097 663 2168 ἀλλ’
677 2100 736 2167 ἐάν
748 2126 783 2168 τε
797 2099 857 2168 τόν
868 2098 1029 2188 Ἀγλαΐης,
1045 2099 1104 2168 τὸν

91 2205 140 2277 εἰς
146 2196 250 2266 Ἴλιόν
261 2223 340 2264 ποτε
352 2196 591 2283 συναναβάντα
604 2212 673 2277 τοῖς
683 2196 837 2284 Ἀχαιοῖς,
851 2199 911 2267 ἐάν
923 2197 960 2267 θ’
974 2197 1105 2267 Ὑάκιν-

89 2306 161 2364 θον
174 2294 234 2363 τόν
253 2292 396 2382 καλόνῆ
416 2293 477 2364 τόν
491 2296 759 2382 Λακεδαιμόνιον
775 2297 973 2380 Νάρκισσον
989 2298 1104 2364 κάλλει

89 2403 255 2481 νικῶμεν,
277 2391 340 2462 οάκ
359 2392 475 2480 ἀρκεῖν
493 2393 575 2482 ἡμῖν
595 2400 778 2483 δοκοῦμεν,
806 2393 891 2465 ἀλλά
908 2401 1104 2483 δεδοίκαμεν

90 2493 137 2581 μη
152 2493 312 2579 λάθωμεν
325 2508 393 2572 τοῖς
410 2497 672 2581 ἐπιγιγνομένοις
687 2490 730 2561 ἀν
746 2495 984 2573 καταλιπόντες
999 2492 1105 2579 ὑπερ-

90 2593 208 2679 βολήν.
241 2597 291 2660 25.
308 2589 427 2680 σχεδόν
444 2590 478 2659 δ’
495 2590 540 2672 ἀς
560 2601 666 2662 εἰπεῖν
680 2594 818 2662 πάντων
832 2603 900 2661 των
913 2597 950 2662 έν
965 2592 1103 2677 ἀνθρά-

89 2716 168 2768 ποις
188 2691 391 2777 πραγμάτων
415 2690 525 2777 ὥσπερ
549 2689 669 2762 κοινόν
692 2692 903 2779 παράδειγμα
924 2691 960 2760 τό
983 2691 1103 2771 κάλλος

90 2792 165 2856 ἐστί
169 2840 179 2874 ,
196 2790 251 2857 καί
269 2788 347 2857 οὔτε
364 2805 558 2877 στρατηγοῖς
573 2798 619 2870 εἰς
635 2792 757 2870 κάλλος
771 2787 930 2878 ἠμέληται
945 2789 985 2858 τὰ
1002 2810 1104 2874 στρα-

88 2887 237 2973 τεύματα
252 2889 449 2957 συντάττειν
466 2888 543 2958 οὔτε
557 2891 695 2977 ῥήτορσι
709 2888 789 2967 τούς
804 2889 926 2975 λόγους
944 2892 1103 2956 συντιθέ·

89 3012 148 3053 ναι
162 2983 240 3053 οὔτε
252 2983 321 3073 μὴν
335 2995 502 3074 γραφεῦσι
518 2987 576 3067 τοὶς
594 2987 726 3067 εἰκόνας
738 2989 951 3075 γεγραφέναι.
974 2983 1057 3054 ἀλλά
1072 2994 1105 3055 τί

87 3090 195 3152 ταῦτα
207 3084 309 3169 λέγω,
327 3077 423 3152 ἀντί)
435 3086 555 3165 κάλλος
566 3088 658 3165 τέλος
671 3091 775 3168 ἐστίν;
799 3079 847 3155 ἀν
856 3083 921 3171 γάρ
934 3092 980 3165 εἰς
989 3091 1103 3172 χρείαν

86 3181 216 3268 ἥκομεν
236 3181 441 3268 ἀναγκαίως,
469 3183 532 3251 οὐκ
552 3187 745 3271 ἐλλείπομεν
771 3183 871 3253 οὐδὲν
888 3190 1037 3273 σπουδῆς
1057 3193 1103 3263 εἰς

88 3279 174 3348 ὅσον
191 3283 294 3360 ἰξεστι
314 3280 472 3350 κάλλιστα
492 3283 763 3364 κατασκευάζειν·
794 3293 839 3375 τῷ
857 3311 891 3353 τε
908 3283 973 3373 γάρ
989 3285 1104 3352 Μενέ-

89 3388 155 3470 λεω
172 3377 214 3446 ού
227 3387 393 3448 τοσούτου
408 3383 545 3468 ἐμέλησε
565 3389 624 3467 της
637 3389 748 3468 χρείας
763 3391 830 3452 τῶν
846 3394 964 3469 οἰκων,
988 3378 1104 3468 ἦόσον

89 3476 170 3557 τούς
185 3484 435 3567 εἰσερχομένους
448 3476 656 3570 ἐκπλήττειν,
679 3486 732 3551 καί
748 3481 803 3552 διά
819 3482 918 3553 τοῦθ’
937 3482 1027 3553 οὕτω
1040 3508 1104 3550 πο·

88 3579 350 3661 λυτελεστάτους
364 3579 432 3670 άμα
450 3581 672 3650 κατεσκεύασε
682 3585 737 3651 καί
749 3589 958 3664 καλλίστους,
977 3583 1031 3650 καί
1046 3588 1104 3666 τῆς
