2625 4092
352 299 468 356 ΠΕΡΙ
488 297 785 356 ΠΑΡΑΣΙΤΟΤ.
1027 296 1069 359 35

64 455 151 522 ἄνευ
166 457 271 541 λύρας
286 455 362 524 ούτε
383 455 537 523 ἱππεύειν
551 453 633 522 άνευ
653 459 775 524 ἵππου·
804 457 887 542 αὕτη
909 458 946 524 δὲ
963 455 1069 535 οὕτως

64 554 155 620 ἐστὶν
168 551 279 642 άγαδῆ
294 555 349 620 καὶ
360 549 403 620 ού
414 560 530 639 βαρεῖα
543 559 589 641 τῷ
604 560 748 640 τεχνίτῃ,
765 552 848 622 ὅστε
861 553 1003 639 ὑπάρχει
1012 559 1067 622 καὶ
1085 561 1138 616 854

64 647 171 735 μηδὲύ
187 656 294 734 ἔχοντι
307 648 413 718 ὅπλον
422 657 566 736 χρῆσθαι
583 647 676 738 αύτῆ.
700 656 750 720 18.
762 654 816 719 καὶ
830 650 875 730 ὡς
886 657 996 720 ἔοικεν
1009 651 1069 720 ἅλ-

65 755 125 824 λας
134 750 249 831 τέχνας
259 748 480 832 μανθάνομεν
491 745 617 831 μισθὸν
628 749 788 834 διδόντες,
802 751 928 835 ταύτην
938 750 975 816 δὲ
984 758 1070 836 λαμ-

64 841 236 929 βάνοντες.
260 849 310 912 19.
327 849 375 913 ἔτι
388 850 456 912 τοῖν
466 845 529 929 μὲν
543 842 654 912 ἄλλων
665 856 790 932 τεχνῶν
800 854 863 915 εἰσι
874 849 1073 916 διδάσκαλοί

64 966 163 1022 τινες,
181 948 238 1025 τῆς
252 942 288 1008 δὲ
303 947 519 1026 παρασιτικῆς
533 937 652 1026 οὐδείς,
667 939 742 1010 ἀλλ’
760 941 870 1026 ὥσπερ
881 942 902 1028 ῆ
915 941 1067 1030 ποιητικὴ

64 1035 148 1104 κατὰ
169 1036 334 1124 Σωκράτη
357 1041 411 1106 καὶ
430 1036 515 1124 αὕτη
535 1045 613 1127 θείᾳ
635 1041 699 1106 τινί
722 1047 822 1129 μοίρᾳ
842 1047 1066 1126 παραγίνεται.

63 1145 114 1210 20.
129 1136 264 1208 κάκεῑνο
276 1136 316 1224 δῆ
328 1139 462 1223 σκόπει,
479 1137 530 1206 ὅτι
546 1134 604 1216 τὰς
617 1139 680 1224 μὲν
691 1137 792 1219 ἄλλας
801 1141 917 1225 τέχνας
927 1139 1070 1208 ὁδεύον-

63 1263 117 1316 τες
141 1231 162 1322 ἦ
180 1239 335 1315 πλέοντες
349 1233 391 1303 ού
412 1236 588 1321 δυνάμεθα
610 1238 886 1319 διαπράττεσθαι,
908 1238 1012 1326 ταύτη
1033 1238 1072 1305 δί

63 1339 132 1403 ἐστι
146 1342 293 1421 χρῆσθαι
308 1335 364 1402 καὶ
379 1335 416 1401 ἐν
431 1331 500 1423 ὁδῷ
517 1335 572 1402 καὶ
586 1337 729 1403 πλέοντι.

149 1440 201 1503 21.
228 1439 323 1502 m.
345 1433 445 1500 Πάνυ
458 1435 519 1518 μὲν
533 1425 606 1502 ούν.

148 1539 248 1602 ΠΛΡ.
272 1535 337 1602 Καὶ
350 1536 479 1621 με’ντοι,
498 1526 524 1600 ὦ
544 1535 707 1621 Τυχιάδη,
722 1539 759 1602 ac
770 1536 832 1621 μὲν
845 1532 943 1603 ἄλλαι
957 1537 1066 1620 τίχναι

63 1639 207 1699 δοκοῦσί
215 1657 271 1717 μοι
285 1633 406 1717 ταύτης
415 1635 609 1717 ἐπιθυμεῖν,
628 1630 713 1717 αύτη
727 1631 764 1701 δδ
780 1630 937 1718 οὐδεμιᾶς
947 1633 1065 1716 ἑτέρας.

153 1738 249 1800 m.
275 1737 318 1798 Τί
331 1733 383 1813 δέ,
399 1727 460 1815 ούχ
474 1733 508 1797 οί
524 1726 564 1795 τά
580 1727 738 1813 ἀλλότρια
752 1729 978 1815 λαμβάνοντες
992 1725 1068 1795 άδι-
1181 1749 1186 1757 ·

63 1845 136 1898 κεῖν
153 1850 207 1896 σοι
224 1833 379 1910 δοκοῦσα

148 1932 249 1994 ΠΛΡ.
271 1933 350 2003 Πῶς
364 1923 429 2009 γάρ
443 1923 503 2006 οὓς

152 2031 249 2092 m.
268 2031 347 2102 Πῶς
361 2017 453 2092 οὖνὸ
465 2024 645 2108 παράσιτος
660 2022 700 2090 τά
715 2021 872 2109 ἀλλότρια
885 2023 1068 2108 λαμβάνων

63 2122 127 2190 οὐκ
142 2120 253 2190 ἆδικεῑ
265 2123 383 2208 μόνοςς

149 2226 201 2289 22.
227 2227 325 2288 ΠΛΡ.
362 2219 434 2289 Ούκ
459 2228 521 2307 ἔχω
541 2225 661 2307 λέγειν.
693 2226 749 2290 ναὶ
772 2223 840 2308 μὴν
866 2228 934 2287 τῶν
957 2221 1069 2289 ἄλλων

62 2327 192 2406 τεχνῶν
207 2325 243 2388 αί
261 2316 357 2404 ἀρχαί
374 2325 504 2404 φαῦλαί
514 2347 603 2399 τινες
622 2325 679 2393 καὶ
700 2317 841 2398 εὐτελεῖς
857 2326 935 2404 εἰσι,
958 2327 1015 2404 τῆς
1031 2321 1068 2386 δὲ

63 2424 281 2504 παρασιτικῆς
303 2418 394 2484 πάνυ
418 2427 554 2503 γενναία
578 2444 644 2498 τις·
676 2418 715 2488 τὰ
741 2416 804 2504 γάρ
829 2417 1068 2503 θρυλούμενον

63 2523 163 2584 τοῦτο
184 2523 241 2602 τῆς
255 2522 367 2600 φιλίας
383 2513 489 2600 ὄνομα
503 2515 566 2584 ούκ
587 2511 631 2584 άυ
650 2515 732 2584 ἄλλο
746 2543 777 2585 τι
799 2515 909 2597 εὕροις
923 2512 945 2601 ῆ
962 2513 1067 2601 άρχῆν

63 2621 290 2699 παρασιτικῆς.

153 2720 249 2782 ΤΤΧ.
272 2721 350 2793 Παῖς
364 2718 484 2800 λέμειςς

148 2817 247 2879 ΠΛΡ.
263 2809 333 2879 Ὅτι
347 2808 457 2889 οὐδεὶς
471 2806 630 2897 ἐχθρδνῆ
645 2809 778 2897 ἄγνωτα
793 2810 978 2895 ίίνθρωπον
991 2805 1067 2876 ἀλλ’

64 2909 144 2978 οὐδὲ
160 2910 294 2996 συνήθη
308 2915 446 2995 μετρίως
462 2910 514 2976 ἐπὶ
531 2912 669 2979 δεῖπνον
684 2917 793 2994 καλεῖ,
813 2906 897 2977 άλλά
913 2912 966 2976 δεῖ
982 2907 1069 2990 πρό-

62 3035 163 3092 τερον
175 3007 264 3093 οἶμαι
275 3016 396 3076 τοῦτον
406 3009 565 3094 γενέσθαι
575 3015 687 3095 φίλον,
696 3010 753 3076 ἵνα
764 3007 953 3095 κοινωνῆση
961 3027 1068 3075 σπον-

64 3112 135 3176 δεῖν
152 3108 208 3176 καὶ
221 3110 378 3192 τραπέζης
392 3108 524 3174 καὶτῶν
537 3113 594 3192 τῆς
605 3110 720 3192 τέχνης
733 3106 855 3191 ταύτης
864 3112 1064 3192 μυστηρίων.
1083 3118 1136 3174 855

64 3206 130 3294 ε’γνδ
146 3215 233 3294 γοῦν
247 3206 407 3284 πολλάκις
421 3203 550 3291 ἤκουσά
561 3231 664 3273 τινων
675 3204 856 3289 λεγόντων,
872 3202 1018 3283 ποταπὸς
1029 3205 1067 3273 δὲ

64 3298 163 3383 οὗτος
183 3301 203 3373 ὁ
225 3310 320 3391 φίλος
336 3303 426 3380 ὅστις
446 3303 523 3372 οὔτε
542 3307 712 3390 βέβρωκεν
739 3299 815 3368 οὔτε
835 3306 966 3370 πέπωκε
985 3300 1065 3390 μεθ’

64 3401 177 3490 ἡμῶν,
195 3408 298 3490 δῆλον
317 3402 368 3470 ὅτι
391 3399 451 3471 τὸν
465 3409 673 3487 συμπίνοντα
692 3401 748 3469 καί
764 3411 987 3469 συνεσθίοντα
1003 3403 1067 3487 μό-

65 3528 128 3570 νον
145 3500 262 3570 πιστὸν
279 3509 379 3587 φίλον
393 3502 596 3588 ηγουμίνων.
625 3506 677 3571 23.
693 3497 745 3566 ὅτι
758 3525 797 3586 με
816 3499 884 3585 μῆν
897 3497 1066 3624 ῆῂβασιλι-
