<?xml version="1.0" encoding="UTF-8"?>
<!DOCTYPE html PUBLIC "-//W3C//DTD XHTML 1.0 Transitional//EN"
    "http://www.w3.org/TR/xhtml1/DTD/xhtml1-transitional.dtd">
<html xmlns="http://www.w3.org/1999/xhtml" xml:lang="en" lang="en">
 <head>
  <title>
</title>
<meta http-equiv="Content-Type" content="text/html;charset=utf-8" />
  <meta name='ocr-system' content='tesseract 3.04.00' />
  <meta name='ocr-capabilities' content='ocr_page ocr_carea ocr_par ocr_line ocrx_word'/>
</head>
<body>
  <div class='ocr_page' id='page_1' title='image "./lucianisamosate04jacogoog_0369.png"; bbox 0 0 2625 4092; ppageno 0'>
   <div class='ocr_carea' id='block_1_1' title="bbox 288 279 1075 340">
    <p class='ocr_par' dir='ltr' id='par_1_1' title="bbox 288 279 1075 340">
     <span class='ocr_line' id='line_1_1' title="bbox 288 279 1075 340; baseline -0.003 -1"><span class='ocrx_word' id='word_1_1' title='bbox 288 281 577 340; x_wconf 83' lang='grc' dir='ltr'><em>ΕΠΙΣΤΟΛΑΙ</em></span> <span class='ocrx_word' id='word_1_2' title='bbox 595 281 852 339; x_wconf 78' lang='grc' dir='ltr'><em>ΚΡΟΝΙΚΑΙ.</em></span> <span class='ocrx_word' id='word_1_3' title='bbox 1012 279 1075 338; x_wconf 81' lang='lat'><em>313</em></span> 
     </span>
    </p>
   </div>
   <div class='ocr_carea' id='block_1_2' title="bbox 61 436 1151 3590">
    <p class='ocr_par' dir='ltr' id='par_1_2' title="bbox 61 436 1151 3590">
     <span class='ocr_line' id='line_1_2' title="bbox 73 436 1076 528; baseline -0.007 -17"><span class='ocrx_word' id='word_1_4' title='bbox 73 449 102 511; x_wconf 87' lang='grc' dir='ltr'><em>εί</em></span> <span class='ocrx_word' id='word_1_5' title='bbox 114 440 155 528; x_wconf 78' lang='grc' dir='ltr'><em>μη</em></span> <span class='ocrx_word' id='word_1_6' title='bbox 170 443 248 520; x_wconf 83' lang='grc' dir='ltr'><em>τούς</em></span> <span class='ocrx_word' id='word_1_7' title='bbox 263 449 444 518; x_wconf 81' lang='grc' dir='ltr'><em>πλουσίους</em></span> <span class='ocrx_word' id='word_1_8' title='bbox 455 441 610 524; x_wconf 77' lang='grc' dir='ltr'><em>ἑωρῶμεν</em></span> <span class='ocrx_word' id='word_1_9' title='bbox 624 437 769 526; x_wconf 78' lang='grc' dir='ltr'><strong><em>τοσαύτῃ</em></strong></span> <span class='ocrx_word' id='word_1_10' title='bbox 784 436 978 528; x_wconf 75' lang='grc' dir='ltr'><em>εὐδαιμονίᾳ</em></span> <span class='ocrx_word' id='word_1_11' title='bbox 992 459 1076 505; x_wconf 94' lang='grc' dir='ltr'><em>συν-</em></span> 
     </span>
     <span class='ocr_line' id='line_1_3' title="bbox 73 536 1077 625; baseline -0.006 -16"><span class='ocrx_word' id='word_1_12' title='bbox 73 542 181 625; x_wconf 88' lang='grc' dir='ltr'><em>όντας,</em></span> <span class='ocrx_word' id='word_1_13' title='bbox 204 549 239 608; x_wconf 84' lang='grc' dir='ltr'><em>οἳ</em></span> <span class='ocrx_word' id='word_1_14' title='bbox 255 547 417 607; x_wconf 86' lang='grc' dir='ltr'><em>τοσοῦτον</em></span> <span class='ocrx_word' id='word_1_15' title='bbox 438 542 500 624; x_wconf 77' lang='grc' dir='ltr'><em>μὲν</em></span> <span class='ocrx_word' id='word_1_16' title='bbox 515 539 659 623; x_wconf 84' lang='grc' dir='ltr'><em>χρυσόν,</em></span> <span class='ocrx_word' id='word_1_17' title='bbox 687 545 849 604; x_wconf 85' lang='grc' dir='ltr'><em>τοσούτου</em></span> <span class='ocrx_word' id='word_1_18' title='bbox 870 538 906 604; x_wconf 72' lang='grc' dir='ltr'><em>δὲ</em></span> <span class='ocrx_word' id='word_1_19' title='bbox 927 536 1077 622; x_wconf 86' lang='grc' dir='ltr'><em>ἀργυρον</em></span> 
     </span>
     <span class='ocr_line' id='line_1_4' title="bbox 72 634 1076 724; baseline -0.005 -18"><span class='ocrx_word' id='word_1_20' title='bbox 72 641 331 724; x_wconf 76' lang='grc' dir='ltr'><em>ἐγκλεισάμενοι,</em></span> <span class='ocrx_word' id='word_1_21' title='bbox 352 641 494 724; x_wconf 81' lang='grc' dir='ltr'><em>ε’σθητας</em></span> <span class='ocrx_word' id='word_1_22' title='bbox 512 639 547 704; x_wconf 80' lang='grc' dir='ltr'><em>δὲ</em></span> <span class='ocrx_word' id='word_1_23' title='bbox 563 634 643 714; x_wconf 83' lang='grc' dir='ltr'><em>ὅσας</em></span> <span class='ocrx_word' id='word_1_24' title='bbox 660 643 804 721; x_wconf 80' lang='grc' dir='ltr'><em>ἔχοντες,</em></span> <span class='ocrx_word' id='word_1_25' title='bbox 829 634 1025 717; x_wconf 86' lang='grc' dir='ltr'><em>ἀνδράποδα</em></span> <span class='ocrx_word' id='word_1_26' title='bbox 1041 637 1076 701; x_wconf 78' lang='grc' dir='ltr'><em>δὲ</em></span> 
     </span>
     <span class='ocr_line' id='line_1_5' title="bbox 72 732 1077 822; baseline -0.007 -17"><span class='ocrx_word' id='word_1_27' title='bbox 72 739 125 806; x_wconf 83' lang='grc' dir='ltr'><em>καί</em></span> <span class='ocrx_word' id='word_1_28' title='bbox 140 739 235 822; x_wconf 80' lang='grc' dir='ltr'><em>ζεύγη</em></span> <span class='ocrx_word' id='word_1_29' title='bbox 248 740 301 804; x_wconf 80' lang='grc' dir='ltr'><em>καὶ</em></span> <span class='ocrx_word' id='word_1_30' title='bbox 320 743 491 812; x_wconf 83' lang='grc' dir='ltr'><em>συνοικίας</em></span> <span class='ocrx_word' id='word_1_31' title='bbox 505 738 559 801; x_wconf 83' lang='grc' dir='ltr'><em>καὶ</em></span> <span class='ocrx_word' id='word_1_32' title='bbox 575 732 717 818; x_wconf 89' lang='grc' dir='ltr'><em>ἀγρούς,</em></span> <span class='ocrx_word' id='word_1_33' title='bbox 733 736 912 820; x_wconf 89' lang='grc' dir='ltr'><em>πάμπολλα</em></span> <span class='ocrx_word' id='word_1_34' title='bbox 926 735 1077 800; x_wconf 75' lang='grc' dir='ltr'><em>δὲταῦτα</em></span> 
     </span>
     <span class='ocr_line' id='line_1_6' title="bbox 71 828 1077 919; baseline -0.007 -15"><span class='ocrx_word' id='word_1_35' title='bbox 71 839 188 904; x_wconf 79' lang='grc' dir='ltr'><em>ἕκαστα</em></span> <span class='ocrx_word' id='word_1_36' title='bbox 198 836 392 919; x_wconf 79' lang='grc' dir='ltr'><em>κεκτημένοι</em></span> <span class='ocrx_word' id='word_1_37' title='bbox 404 831 465 918; x_wconf 83' lang='grc' dir='ltr'><em>οὐχ</em></span> <span class='ocrx_word' id='word_1_38' title='bbox 477 832 566 911; x_wconf 82' lang='grc' dir='ltr'><em>ὅπως</em></span> <span class='ocrx_word' id='word_1_39' title='bbox 578 836 760 917; x_wconf 80' lang='grc' dir='ltr'><em>μετέδοσαν</em></span> <span class='ocrx_word' id='word_1_40' title='bbox 769 831 850 918; x_wconf 82' lang='grc' dir='ltr'><em>ημῖν</em></span> <span class='ocrx_word' id='word_1_41' title='bbox 861 857 940 898; x_wconf 88' lang='grc' dir='ltr'><em>ποτε</em></span> <span class='ocrx_word' id='word_1_42' title='bbox 954 828 1077 916; x_wconf 77' lang='grc' dir='ltr'><em>αὐτῶν,</em></span> 
     </span>
     <span class='ocr_line' id='line_1_7' title="bbox 70 927 1078 1018; baseline -0.008 -16"><span class='ocrx_word' id='word_1_43' title='bbox 70 933 144 1002; x_wconf 88' lang='grc' dir='ltr'><em>ἀλλ’</em></span> <span class='ocrx_word' id='word_1_44' title='bbox 159 931 237 1000; x_wconf 76' lang='grc' dir='ltr'><em>οὐδὲ</em></span> <span class='ocrx_word' id='word_1_45' title='bbox 251 934 476 1018; x_wconf 79' lang='grc' dir='ltr'><em>προσβλέπειν</em></span> <span class='ocrx_word' id='word_1_46' title='bbox 491 930 569 1008; x_wconf 85' lang='grc' dir='ltr'><em>τούς</em></span> <span class='ocrx_word' id='word_1_47' title='bbox 584 929 730 1009; x_wconf 87' lang='grc' dir='ltr'><em>πολλούς</em></span> <span class='ocrx_word' id='word_1_48' title='bbox 741 927 879 1010; x_wconf 79' lang='grc' dir='ltr'><em>ἀξιοῦσι.</em></span> <span class='ocrx_word' id='word_1_49' title='bbox 904 935 956 997; x_wconf 77' lang='lat'><em>21.</em></span> <span class='ocrx_word' id='word_1_50' title='bbox 975 937 1078 995; x_wconf 82' lang='grc' dir='ltr'><em>ταῦτα</em></span> 
     </span>
     <span class='ocr_line' id='line_1_8' title="bbox 71 1023 1079 1119; baseline -0.006 -19"><span class='ocrx_word' id='word_1_51' title='bbox 71 1031 153 1119; x_wconf 73' lang='grc' dir='ltr'><em>ἡμᾶς</em></span> <span class='ocrx_word' id='word_1_52' title='bbox 167 1031 308 1118; x_wconf 86' lang='grc' dir='ltr'><em>μάλιστα</em></span> <span class='ocrx_word' id='word_1_53' title='bbox 324 1028 517 1115; x_wconf 78' lang='grc' dir='ltr'><em>ἀποπνίγει,</em></span> <span class='ocrx_word' id='word_1_54' title='bbox 534 1023 559 1096; x_wconf 78' lang='grc' dir='ltr'><em>τό</em></span> <span class='ocrx_word' id='word_1_55' title='bbox 573 1031 701 1114; x_wconf 85' lang='grc' dir='ltr'><em>Κρόνε,</em></span> <span class='ocrx_word' id='word_1_56' title='bbox 719 1033 773 1096; x_wconf 87' lang='grc' dir='ltr'><em>καὶ</em></span> <span class='ocrx_word' id='word_1_57' title='bbox 787 1029 962 1114; x_wconf 88' lang='grc' dir='ltr'><em>ἀφόρητον</em></span> <span class='ocrx_word' id='word_1_58' title='bbox 972 1026 1079 1114; x_wconf 83' lang='grc' dir='ltr'><em>ἡγού-</em></span> 
     </span>
     <span class='ocr_line' id='line_1_9' title="bbox 71 1126 1077 1218; baseline -0.005 -19"><span class='ocrx_word' id='word_1_59' title='bbox 71 1143 156 1218; x_wconf 89' lang='grc' dir='ltr'><em>μεθα</em></span> <span class='ocrx_word' id='word_1_60' title='bbox 168 1128 204 1197; x_wconf 85' lang='grc' dir='ltr'><em>τό</em></span> <span class='ocrx_word' id='word_1_61' title='bbox 220 1137 372 1216; x_wconf 85' lang='grc' dir='ltr'><em>πρᾶγμα,</em></span> <span class='ocrx_word' id='word_1_62' title='bbox 387 1126 447 1194; x_wconf 88' lang='grc' dir='ltr'><em>τόν</em></span> <span class='ocrx_word' id='word_1_63' title='bbox 462 1130 523 1212; x_wconf 83' lang='grc' dir='ltr'><em>μὲν</em></span> <span class='ocrx_word' id='word_1_64' title='bbox 540 1127 595 1213; x_wconf 85' lang='grc' dir='ltr'><em>ἐφ’</em></span> <span class='ocrx_word' id='word_1_65' title='bbox 610 1127 822 1214; x_wconf 76' lang='grc' dir='ltr'><em>ἁλουργίδων</em></span> <span class='ocrx_word' id='word_1_66' title='bbox 837 1133 1077 1213; x_wconf 84' lang='grc' dir='ltr'><em>κατακείμενον</em></span> 
     </span>
     <span class='ocr_line' id='line_1_10' title="bbox 70 1224 1148 1313; baseline 0 -16"><span class='ocrx_word' id='word_1_67' title='bbox 70 1229 239 1307; x_wconf 84' lang='grc' dir='ltr'><em>τοσούτοις</em></span> <span class='ocrx_word' id='word_1_68' title='bbox 259 1225 400 1313; x_wconf 78' lang='grc' dir='ltr'><em>ἀγαθοῖς</em></span> <span class='ocrx_word' id='word_1_69' title='bbox 421 1229 594 1311; x_wconf 82' lang='grc' dir='ltr'><em>ἐντρυφᾶν</em></span> <span class='ocrx_word' id='word_1_70' title='bbox 613 1229 842 1312; x_wconf 77' lang='grc' dir='ltr'><em>ἐρυγγάνοντα</em></span> <span class='ocrx_word' id='word_1_71' title='bbox 858 1229 912 1293; x_wconf 79' lang='grc' dir='ltr'><em>καὶ</em></span> <span class='ocrx_word' id='word_1_72' title='bbox 928 1224 994 1292; x_wconf 82' lang='grc' dir='ltr'><em>ὑπὸ</em></span> <span class='ocrx_word' id='word_1_73' title='bbox 1009 1232 1078 1291; x_wconf 75' lang='grc' dir='ltr'><em>τῶν</em></span> <span class='ocrx_word' id='word_1_74' title='bbox 1096 1244 1148 1296; x_wconf 73' lang='lat'><em>404</em></span> 
     </span>
     <span class='ocr_line' id='line_1_11' title="bbox 71 1323 1080 1448; baseline -0.006 -52"><span class='ocrx_word' id='word_1_75' title='bbox 71 1329 244 1448; x_wconf 84' lang='grc' dir='ltr'><em>συνόντων</em></span> <span class='ocrx_word' id='word_1_76' title='bbox 260 1325 574 1412; x_wconf 77' lang='grc' dir='ltr'><em>εύδαιμονιξόμενον</em></span> <span class='ocrx_word' id='word_1_77' title='bbox 594 1323 644 1393; x_wconf 80' lang='grc' dir='ltr'><em>ἀεὶ</em></span> <span class='ocrx_word' id='word_1_78' title='bbox 660 1326 871 1410; x_wconf 81' lang='grc' dir='ltr'><em>έορτάζοντα,</em></span> <span class='ocrx_word' id='word_1_79' title='bbox 897 1324 952 1410; x_wconf 74' lang='grc' dir='ltr'><em>ἐμὲ</em></span> <span class='ocrx_word' id='word_1_80' title='bbox 974 1325 1011 1392; x_wconf 73' lang='grc' dir='ltr'><em>δέ</em></span> <span class='ocrx_word' id='word_1_81' title='bbox 1025 1326 1080 1390; x_wconf 82' lang='grc' dir='ltr'><em>καὶ</em></span> 
     </span>
     <span class='ocr_line' id='line_1_12' title="bbox 70 1423 1080 1511; baseline -0.005 -16"><span class='ocrx_word' id='word_1_82' title='bbox 70 1425 148 1505; x_wconf 82' lang='grc' dir='ltr'><em>τούς</em></span> <span class='ocrx_word' id='word_1_83' title='bbox 162 1424 298 1511; x_wconf 88' lang='grc' dir='ltr'><em>ὁμοίους</em></span> <span class='ocrx_word' id='word_1_84' title='bbox 311 1424 556 1510; x_wconf 86' lang='grc' dir='ltr'><em>ὀνειροπολεῖν,</em></span> <span class='ocrx_word' id='word_1_85' title='bbox 573 1435 606 1492; x_wconf 88' lang='grc' dir='ltr'><em>εί</em></span> <span class='ocrx_word' id='word_1_86' title='bbox 617 1436 726 1492; x_wconf 90' lang='grc' dir='ltr'><em>ποθεν</em></span> <span class='ocrx_word' id='word_1_87' title='bbox 739 1423 850 1511; x_wconf 85' lang='grc' dir='ltr'><em>ὀβολοὶ</em></span> <span class='ocrx_word' id='word_1_88' title='bbox 862 1428 1011 1507; x_wconf 81' lang='grc' dir='ltr'><em>τέτταρες</em></span> <span class='ocrx_word' id='word_1_89' title='bbox 1022 1426 1080 1508; x_wconf 89' lang='grc' dir='ltr'><em>γέ-</em></span> 
     </span>
     <span class='ocr_line' id='line_1_13' title="bbox 70 1519 1079 1610; baseline -0.005 -18"><span class='ocrx_word' id='word_1_90' title='bbox 70 1551 182 1592; x_wconf 91' lang='grc' dir='ltr'><em>νοιντο</em></span> <span class='ocrx_word' id='word_1_91' title='bbox 191 1523 261 1608; x_wconf 74' lang='grc' dir='ltr'><em>,τός</em></span> <span class='ocrx_word' id='word_1_92' title='bbox 274 1522 441 1610; x_wconf 84' lang='grc' dir='ltr'><em>έχοιμεν’</em></span> <span class='ocrx_word' id='word_1_93' title='bbox 420 1550 531 1607; x_wconf 91' lang='grc' dir='ltr'><em>αρτων</em></span> <span class='ocrx_word' id='word_1_94' title='bbox 544 1531 629 1608; x_wconf 86' lang='grc' dir='ltr'><em>γοῦν</em></span> <span class='ocrx_word' id='word_1_95' title='bbox 644 1551 665 1608; x_wconf 89' lang='grc' dir='ltr'><em>η</em></span> <span class='ocrx_word' id='word_1_96' title='bbox 651 1519 833 1608; x_wconf 74' lang='grc' dir='ltr'><em>”ἀλφίτων</em></span> <span class='ocrx_word' id='word_1_97' title='bbox 849 1523 1079 1607; x_wconf 83' lang='grc' dir='ltr'><em>ἐμπεπλησμέ-</em></span> 
     </span>
     <span class='ocr_line' id='line_1_14' title="bbox 71 1616 1080 1741; baseline -0.007 -50"><span class='ocrx_word' id='word_1_98' title='bbox 71 1651 124 1691; x_wconf 95' lang='grc' dir='ltr'><em>νοι</em></span> <span class='ocrx_word' id='word_1_99' title='bbox 142 1623 324 1690; x_wconf 83' lang='grc' dir='ltr'><em>καθεύδειν</em></span> <span class='ocrx_word' id='word_1_100' title='bbox 341 1616 555 1706; x_wconf 75' lang='grc' dir='ltr'><em>κάρδαμον’“</em></span> <span class='ocrx_word' id='word_1_101' title='bbox 534 1648 554 1741; x_wconf 80' lang='grc' dir='ltr'><em>η</em></span> <span class='ocrx_word' id='word_1_102' title='bbox 571 1620 687 1705; x_wconf 89' lang='grc' dir='ltr'><em>θύμον</em></span> <span class='ocrx_word' id='word_1_103' title='bbox 708 1649 728 1706; x_wconf 92' lang='grc' dir='ltr'><em>η</em></span> <span class='ocrx_word' id='word_1_104' title='bbox 745 1623 921 1737; x_wconf 88' lang='grc' dir='ltr'><em>κρόμμυον</em></span> <span class='ocrx_word' id='word_1_105' title='bbox 937 1619 1080 1702; x_wconf 80' lang='grc' dir='ltr'><em>ἐπιτρά-</em></span> 
     </span>
     <span class='ocr_line' id='line_1_15' title="bbox 69 1692 1081 1807; baseline -0.007 -17"><span class='ocrx_word' id='word_1_106' title='bbox 69 1749 193 1807; x_wconf 88' lang='grc' dir='ltr'><em>γοντες</em></span> <span class='ocrx_word' id='word_1_107' title='bbox 216 1718 368 1806; x_wconf 72' lang='grc' dir='ltr'><em>ἢτοίνυν</em></span> <span class='ocrx_word' id='word_1_108' title='bbox 384 1727 504 1802; x_wconf 87' lang='grc' dir='ltr'><em>ταῦτα,</em></span> <span class='ocrx_word' id='word_1_109' title='bbox 528 1746 553 1786; x_wconf 87' lang='grc' dir='ltr'><em>το</em></span> <span class='ocrx_word' id='word_1_110' title='bbox 542 1713 698 1804; x_wconf 87' lang='grc' dir='ltr'><em>Κρόνε,</em></span> <span class='ocrx_word' id='word_1_111' title='bbox 721 1692 895 1787; x_wconf 90' lang='grc' dir='ltr'><em>αλλαττειν</em></span> <span class='ocrx_word' id='word_1_112' title='bbox 910 1722 965 1785; x_wconf 92' lang='grc' dir='ltr'><em>και</em></span> <span class='ocrx_word' id='word_1_113' title='bbox 979 1743 1081 1803; x_wconf 87' lang='grc' dir='ltr'><em>μετα-</em></span> 
     </span>
     <span class='ocr_line' id='line_1_16' title="bbox 69 1814 1081 1903; baseline -0.006 -16.836"><span class='ocrx_word' id='word_1_114' title='bbox 69 1835 178 1887; x_wconf 82' lang='grc' dir='ltr'><em>ποιεῖν</em></span> <span class='ocrx_word' id='word_1_115' title='bbox 190 1823 222 1896; x_wconf 88' lang='grc' dir='ltr'><em>ές</em></span> <span class='ocrx_word' id='word_1_116' title='bbox 233 1847 269 1886; x_wconf 91' lang='grc' dir='ltr'><em>το</em></span> <span class='ocrx_word' id='word_1_117' title='bbox 258 1814 513 1903; x_wconf 74' lang='grc' dir='ltr'><em>ίσοδίαιτον,”</em></span> <span class='ocrx_word' id='word_1_118' title='bbox 492 1844 512 1903; x_wconf 88' lang='grc' dir='ltr'><em>η</em></span> <span class='ocrx_word' id='word_1_119' title='bbox 526 1814 561 1884; x_wconf 84' lang='grc' dir='ltr'><em>τό</em></span> <span class='ocrx_word' id='word_1_120' title='bbox 575 1816 730 1899; x_wconf 81' lang='grc' dir='ltr'><em>ὕστατον,</em></span> <span class='ocrx_word' id='word_1_121' title='bbox 748 1814 871 1894; x_wconf 90' lang='grc' dir='ltr'><em>αύτούς</em></span> <span class='ocrx_word' id='word_1_122' title='bbox 882 1842 920 1902; x_wconf 88' lang='grc' dir='ltr'><em>γε</em></span> <span class='ocrx_word' id='word_1_123' title='bbox 932 1818 1081 1892; x_wconf 81' lang='grc' dir='ltr'><em>ἐκείνους</em></span> 
     </span>
     <span class='ocr_line' id='line_1_17' title="bbox 69 1910 1081 2002; baseline -0.007 -18"><span class='ocrx_word' id='word_1_124' title='bbox 69 1916 220 1984; x_wconf 87' lang='grc' dir='ltr'><em>κελεύειν</em></span> <span class='ocrx_word' id='word_1_125' title='bbox 235 1915 314 1995; x_wconf 83' lang='grc' dir='ltr'><em>τούς</em></span> <span class='ocrx_word' id='word_1_126' title='bbox 324 1923 506 1994; x_wconf 85' lang='grc' dir='ltr'><em>πλουσίους</em></span> <span class='ocrx_word' id='word_1_127' title='bbox 518 1913 561 2002; x_wconf 79' lang='grc' dir='ltr'><em>μὴ</em></span> <span class='ocrx_word' id='word_1_128' title='bbox 575 1917 701 2001; x_wconf 89' lang='grc' dir='ltr'><em>μόνους</em></span> <span class='ocrx_word' id='word_1_129' title='bbox 717 1913 902 1983; x_wconf 82' lang='grc' dir='ltr'><em>ἀπολαύειν</em></span> <span class='ocrx_word' id='word_1_130' title='bbox 915 1920 984 1980; x_wconf 80' lang='grc' dir='ltr'><em>τῶν</em></span> <span class='ocrx_word' id='word_1_131' title='bbox 995 1910 1081 1997; x_wconf 89' lang='grc' dir='ltr'><em>ἀγα-</em></span> 
     </span>
     <span class='ocr_line' id='line_1_18' title="bbox 67 2011 1080 2100; baseline -0.003 -19"><span class='ocrx_word' id='word_1_132' title='bbox 67 2021 163 2099; x_wconf 78' lang='grc' dir='ltr'><em>θῶν,</em></span> <span class='ocrx_word' id='word_1_133' title='bbox 180 2011 264 2082; x_wconf 90' lang='grc' dir='ltr'><em>ἀλλά</em></span> <span class='ocrx_word' id='word_1_134' title='bbox 281 2011 345 2082; x_wconf 83' lang='grc' dir='ltr'><em>ἀπὸ</em></span> <span class='ocrx_word' id='word_1_135' title='bbox 364 2019 534 2100; x_wconf 84' lang='grc' dir='ltr'><em>μεδίμνων</em></span> <span class='ocrx_word' id='word_1_136' title='bbox 550 2017 722 2082; x_wconf 88' lang='grc' dir='ltr'><em>τοσούτων</em></span> <span class='ocrx_word' id='word_1_137' title='bbox 738 2022 879 2099; x_wconf 86' lang='grc' dir='ltr'><em>χρυσίου</em></span> <span class='ocrx_word' id='word_1_138' title='bbox 894 2012 1024 2097; x_wconf 78' lang='grc' dir='ltr'><em>χοίνικα</em></span> <span class='ocrx_word' id='word_1_139' title='bbox 1042 2037 1080 2095; x_wconf 90' lang='grc' dir='ltr'><em>γε</em></span> 
     </span>
     <span class='ocr_line' id='line_1_19' title="bbox 67 2104 1080 2198; baseline -0.006 -19"><span class='ocrx_word' id='word_1_140' title='bbox 67 2110 165 2198; x_wconf 75' lang='grc' dir='ltr'><em>ἡμῶν</em></span> <span class='ocrx_word' id='word_1_141' title='bbox 188 2112 325 2177; x_wconf 83' lang='grc' dir='ltr'><em>πάντων</em></span> <span class='ocrx_word' id='word_1_142' title='bbox 348 2111 606 2197; x_wconf 76' lang='grc' dir='ltr'><em>κατασκεδάσαι,</em></span> <span class='ocrx_word' id='word_1_143' title='bbox 634 2110 698 2179; x_wconf 84' lang='grc' dir='ltr'><em>ἀπό</em></span> <span class='ocrx_word' id='word_1_144' title='bbox 721 2113 757 2179; x_wconf 80' lang='grc' dir='ltr'><em>δὲ</em></span> <span class='ocrx_word' id='word_1_145' title='bbox 778 2116 918 2194; x_wconf 75' lang='grc' dir='ltr'><em>ἱματίων</em></span> <span class='ocrx_word' id='word_1_146' title='bbox 938 2105 1000 2174; x_wconf 83' lang='grc' dir='ltr'><em>ὅσα</em></span> <span class='ocrx_word' id='word_1_147' title='bbox 1015 2104 1080 2174; x_wconf 88' lang='grc' dir='ltr'><em>κάν</em></span> 
     </span>
     <span class='ocr_line' id='line_1_20' title="bbox 68 2207 1081 2294; baseline -0.005 -18"><span class='ocrx_word' id='word_1_148' title='bbox 68 2207 135 2276; x_wconf 86' lang='grc' dir='ltr'><em>ὑπό</em></span> <span class='ocrx_word' id='word_1_149' title='bbox 150 2216 259 2294; x_wconf 77' lang='grc' dir='ltr'><em>σηκῶν</em></span> <span class='ocrx_word' id='word_1_150' title='bbox 277 2213 507 2294; x_wconf 84' lang='grc' dir='ltr'><em>διαβρωθέντα</em></span> <span class='ocrx_word' id='word_1_151' title='bbox 523 2207 585 2277; x_wconf 89' lang='grc' dir='ltr'><em>ούκ</em></span> <span class='ocrx_word' id='word_1_152' title='bbox 601 2207 644 2276; x_wconf 85' lang='grc' dir='ltr'><em>ἀν</em></span> <span class='ocrx_word' id='word_1_153' title='bbox 658 2207 781 2286; x_wconf 88' lang='grc' dir='ltr'><em>αύτούς</em></span> <span class='ocrx_word' id='word_1_154' title='bbox 792 2207 955 2275; x_wconf 88' lang='grc' dir='ltr'><em>ἀνιάσειε·</em></span> <span class='ocrx_word' id='word_1_155' title='bbox 977 2215 1081 2273; x_wconf 80' lang='grc' dir='ltr'><em>ταῦτα</em></span> 
     </span>
     <span class='ocr_line' id='line_1_21' title="bbox 65 2306 1080 2396; baseline -0.005 -20"><span class='ocrx_word' id='word_1_156' title='bbox 65 2315 155 2396; x_wconf 85' lang='grc' dir='ltr'><em>γοῦν</em></span> <span class='ocrx_word' id='word_1_157' title='bbox 172 2307 304 2388; x_wconf 82' lang='grc' dir='ltr'><em>πάντας</em></span> <span class='ocrx_word' id='word_1_158' title='bbox 320 2308 533 2395; x_wconf 80' lang='grc' dir='ltr'><em>ἀπολλύμενα</em></span> <span class='ocrx_word' id='word_1_159' title='bbox 550 2310 604 2376; x_wconf 83' lang='grc' dir='ltr'><em>καὶ</em></span> <span class='ocrx_word' id='word_1_160' title='bbox 627 2306 693 2375; x_wconf 84' lang='grc' dir='ltr'><em>ὑπό</em></span> <span class='ocrx_word' id='word_1_161' title='bbox 714 2315 775 2375; x_wconf 83' lang='grc' dir='ltr'><em>τοῦ</em></span> <span class='ocrx_word' id='word_1_162' title='bbox 789 2306 915 2393; x_wconf 80' lang='grc' dir='ltr'><em>χρόνον</em></span> <span class='ocrx_word' id='word_1_163' title='bbox 929 2311 1080 2391; x_wconf 89' lang='grc' dir='ltr'><em>διαφθα-</em></span> 
     </span>
     <span class='ocr_line' id='line_1_22' title="bbox 66 2401 1083 2494; baseline -0.003 -20"><span class='ocrx_word' id='word_1_164' title='bbox 66 2407 241 2494; x_wconf 89' lang='grc' dir='ltr'><em>ρησόμενα</em></span> <span class='ocrx_word' id='word_1_165' title='bbox 262 2405 340 2493; x_wconf 82' lang='grc' dir='ltr'><em>ἡμῖν</em></span> <span class='ocrx_word' id='word_1_166' title='bbox 362 2413 482 2476; x_wconf 83' lang='grc' dir='ltr'><em>δοῦναι</em></span> <span class='ocrx_word' id='word_1_167' title='bbox 505 2411 745 2494; x_wconf 76' lang='grc' dir='ltr'><em>περιβαλέσθαι</em></span> <span class='ocrx_word' id='word_1_168' title='bbox 761 2414 889 2492; x_wconf 78' lang='grc' dir='ltr'><em>μᾶλλον</em></span> <span class='ocrx_word' id='word_1_169' title='bbox 911 2401 933 2491; x_wconf 80' lang='grc' dir='ltr'><em>ἢ</em></span> <span class='ocrx_word' id='word_1_170' title='bbox 954 2408 991 2472; x_wconf 86' lang='grc' dir='ltr'><em>ἐν</em></span> <span class='ocrx_word' id='word_1_171' title='bbox 1013 2419 1083 2482; x_wconf 87' lang='grc' dir='ltr'><em>ταῖς</em></span> 
     </span>
     <span class='ocr_line' id='line_1_23' title="bbox 66 2505 1082 2632; baseline -0.003 -58"><span class='ocrx_word' id='word_1_172' title='bbox 66 2513 194 2583; x_wconf 91' lang='grc' dir='ltr'><em>κοίταις</em></span> <span class='ocrx_word' id='word_1_173' title='bbox 209 2509 264 2574; x_wconf 83' lang='grc' dir='ltr'><em>καί</em></span> <span class='ocrx_word' id='word_1_174' title='bbox 280 2514 405 2585; x_wconf 88' lang='grc' dir='ltr'><em>κίσταις</em></span> <span class='ocrx_word' id='word_1_175' title='bbox 421 2505 541 2591; x_wconf 80' lang='grc' dir='ltr'><em>εάρῶτι</em></span> <span class='ocrx_word' id='word_1_176' title='bbox 559 2514 670 2597; x_wconf 76' lang='grc' dir='ltr'><em>πολλῷ</em></span> <span class='ocrx_word' id='word_1_177' title='bbox 685 2514 924 2632; x_wconf 80' lang='grc' dir='ltr'><em>κμτασαπηναι.</em></span> <span class='ocrx_word' id='word_1_178' title='bbox 957 2511 1010 2572; x_wconf 74' lang='lat'><em>22.</em></span> <span class='ocrx_word' id='word_1_179' title='bbox 1027 2506 1082 2571; x_wconf 79' lang='grc' dir='ltr'><em>καὶ</em></span> 
     </span>
     <span class='ocr_line' id='line_1_24' title="bbox 65 2603 1081 2730; baseline -0.001 -59"><span class='ocrx_word' id='word_1_180' title='bbox 65 2633 136 2730; x_wconf 86' lang='grc' dir='ltr'><em>μην</em></span> <span class='ocrx_word' id='word_1_181' title='bbox 158 2633 212 2672; x_wconf 90' lang='grc' dir='ltr'><em>και</em></span> <span class='ocrx_word' id='word_1_182' title='bbox 203 2608 446 2687; x_wconf 79' lang='grc' dir='ltr'><em>δειπνίζειν”</em></span> <span class='ocrx_word' id='word_1_183' title='bbox 427 2627 567 2674; x_wconf 89' lang='grc' dir='ltr'><em>εκαστον</em></span> <span class='ocrx_word' id='word_1_184' title='bbox 587 2604 661 2688; x_wconf 88' lang='grc' dir='ltr'><em>ἀρτι</em></span> <span class='ocrx_word' id='word_1_185' title='bbox 680 2633 740 2691; x_wconf 92' lang='grc' dir='ltr'><em>μεν</em></span> <span class='ocrx_word' id='word_1_186' title='bbox 760 2610 931 2690; x_wconf 85' lang='grc' dir='ltr'><em>τέτταρας,</em></span> <span class='ocrx_word' id='word_1_187' title='bbox 953 2603 1027 2687; x_wconf 86' lang='grc' dir='ltr'><em>ἀρτι</em></span> <span class='ocrx_word' id='word_1_188' title='bbox 1046 2603 1081 2670; x_wconf 88' lang='grc' dir='ltr'><em>δε</em></span> 
     </span>
     <span class='ocr_line' id='line_1_25' title="bbox 64 2701 1081 2802; baseline -0.002 -32"><span class='ocrx_word' id='word_1_189' title='bbox 64 2707 168 2772; x_wconf 83' lang='grc' dir='ltr'><em>πέντε</em></span> <span class='ocrx_word' id='word_1_190' title='bbox 184 2714 251 2772; x_wconf 76' lang='grc' dir='ltr'><em>τῶν</em></span> <span class='ocrx_word' id='word_1_191' title='bbox 265 2731 417 2802; x_wconf 83' lang='grc' dir='ltr'><em>πενητων</em></span> <span class='ocrx_word' id='word_1_192' title='bbox 432 2707 772 2797; x_wconf 66' lang='grc' dir='ltr'><em>παραλαμβάνοντας,</em></span> <span class='ocrx_word' id='word_1_193' title='bbox 789 2733 834 2792; x_wconf 92' lang='grc' dir='ltr'><em>μη</em></span> <span class='ocrx_word' id='word_1_194' title='bbox 822 2703 994 2790; x_wconf 82' lang='grc' dir='ltr'><em>μέντοι’</em></span> <span class='ocrx_word' id='word_1_195' title='bbox 978 2729 1010 2780; x_wconf 89' lang='grc' dir='ltr'><em>ες</em></span> <span class='ocrx_word' id='word_1_196' title='bbox 1021 2701 1081 2769; x_wconf 84' lang='grc' dir='ltr'><em>τὸν</em></span> 
     </span>
     <span class='ocr_line' id='line_1_26' title="bbox 65 2799 1083 2923; baseline -0.001 -54"><span class='ocrx_word' id='word_1_197' title='bbox 65 2811 136 2870; x_wconf 83' lang='grc' dir='ltr'><em>νῦν</em></span> <span class='ocrx_word' id='word_1_198' title='bbox 153 2803 280 2889; x_wconf 89' lang='grc' dir='ltr'><em>τρόπον</em></span> <span class='ocrx_word' id='word_1_199' title='bbox 292 2813 359 2872; x_wconf 73' lang='grc' dir='ltr'><em>τοῖν</em></span> <span class='ocrx_word' id='word_1_200' title='bbox 371 2811 532 2891; x_wconf 85' lang='grc' dir='ltr'><em>δείπνων,</em></span> <span class='ocrx_word' id='word_1_201' title='bbox 548 2802 652 2874; x_wconf 89' lang='grc' dir='ltr'><em>ἀλλ”</em></span> <span class='ocrx_word' id='word_1_202' title='bbox 636 2833 670 2884; x_wconf 91' lang='grc' dir='ltr'><em>ες</em></span> <span class='ocrx_word' id='word_1_203' title='bbox 684 2834 721 2873; x_wconf 91' lang='grc' dir='ltr'><em>το</em></span> <span class='ocrx_word' id='word_1_204' title='bbox 710 2803 1020 2923; x_wconf 81' lang='grc' dir='ltr'><em>βημοτικύτερον,</em></span> <span class='ocrx_word' id='word_1_205' title='bbox 1039 2799 1083 2879; x_wconf 82' lang='grc' dir='ltr'><em>ὡς</em></span> 
     </span>
     <span class='ocr_line' id='line_1_27' title="bbox 63 2901 1083 2990; baseline -0.003 -19"><span class='ocrx_word' id='word_1_206' title='bbox 63 2901 120 2971; x_wconf 79' lang='grc' dir='ltr'><em>ἐπ’</em></span> <span class='ocrx_word' id='word_1_207' title='bbox 143 2913 216 2989; x_wconf 88' lang='grc' dir='ltr'><em>ίσης</em></span> <span class='ocrx_word' id='word_1_208' title='bbox 236 2906 383 2989; x_wconf 83' lang='grc' dir='ltr'><em>μετέχειν</em></span> <span class='ocrx_word' id='word_1_209' title='bbox 400 2903 548 2982; x_wconf 81' lang='grc' dir='ltr'><em>ἅπαντας</em></span> <span class='ocrx_word' id='word_1_210' title='bbox 566 2932 620 2972; x_wconf 89' lang='grc' dir='ltr'><em>και</em></span> <span class='ocrx_word' id='word_1_211' title='bbox 641 2904 686 2990; x_wconf 80' lang='grc' dir='ltr'><em>μη</em></span> <span class='ocrx_word' id='word_1_212' title='bbox 708 2902 844 2990; x_wconf 73' lang='grc' dir='ltr'><em>τὸνμὲν</em></span> <span class='ocrx_word' id='word_1_213' title='bbox 862 2907 1083 2990; x_wconf 79' lang='grc' dir='ltr'><em>ἐμφορεῖσθαι</em></span> 
     </span>
     <span class='ocr_line' id='line_1_28' title="bbox 63 2998 1082 3091; baseline -0.002 -21"><span class='ocrx_word' id='word_1_214' title='bbox 63 3012 138 3070; x_wconf 74' lang='grc' dir='ltr'><em>τοῖν</em></span> <span class='ocrx_word' id='word_1_215' title='bbox 158 3001 254 3082; x_wconf 77' lang='grc' dir='ltr'><em>ὄνων</em></span> <span class='ocrx_word' id='word_1_216' title='bbox 275 3006 330 3071; x_wconf 80' lang='grc' dir='ltr'><em>καὶ</em></span> <span class='ocrx_word' id='word_1_217' title='bbox 350 3002 410 3080; x_wconf 82' lang='grc' dir='ltr'><em>τόν</em></span> <span class='ocrx_word' id='word_1_218' title='bbox 430 3007 561 3090; x_wconf 80' lang='grc' dir='ltr'><em>οἰκέτην</em></span> <span class='ocrx_word' id='word_1_219' title='bbox 578 3008 769 3091; x_wconf 87' lang='grc' dir='ltr'><em>περιμένειν</em></span> <span class='ocrx_word' id='word_1_220' title='bbox 786 3007 926 3087; x_wconf 81' lang='grc' dir='ltr'><em>έστύτα,</em></span> <span class='ocrx_word' id='word_1_221' title='bbox 948 2999 1016 3070; x_wconf 80' lang='grc' dir='ltr'><em>ἔστ’</em></span> <span class='ocrx_word' id='word_1_222' title='bbox 1039 2998 1082 3068; x_wconf 85' lang='grc' dir='ltr'><em>ἀν</em></span> 
     </span>
     <span class='ocr_line' id='line_1_29' title="bbox 63 3099 1082 3190; baseline -0.002 -21"><span class='ocrx_word' id='word_1_223' title='bbox 63 3099 287 3190; x_wconf 88' lang='grc' dir='ltr'><em>ἀπαγορεύση</em></span> <span class='ocrx_word' id='word_1_224' title='bbox 307 3105 449 3188; x_wconf 81' lang='grc' dir='ltr'><em>ἐσθίων,</em></span> <span class='ocrx_word' id='word_1_225' title='bbox 477 3100 530 3188; x_wconf 79' lang='grc' dir='ltr'><em>ἐφ’</em></span> <span class='ocrx_word' id='word_1_226' title='bbox 548 3101 634 3189; x_wconf 79' lang='grc' dir='ltr'><em>ἡμεῖς</em></span> <span class='ocrx_word' id='word_1_227' title='bbox 655 3106 692 3172; x_wconf 77' lang='grc' dir='ltr'><em>δὲ</em></span> <span class='ocrx_word' id='word_1_228' title='bbox 718 3105 878 3185; x_wconf 85' lang='grc' dir='ltr'><em>ἐλθόντα,</em></span> <span class='ocrx_word' id='word_1_229' title='bbox 905 3107 952 3170; x_wconf 84' lang='grc' dir='ltr'><em>ἔτι</em></span> <span class='ocrx_word' id='word_1_230' title='bbox 972 3128 1082 3181; x_wconf 88' lang='grc' dir='ltr'><em>παρα-</em></span> 
     </span>
     <span class='ocr_line' id='line_1_30' title="bbox 62 3199 1151 3289; baseline 0.003 -22"><span class='ocrx_word' id='word_1_231' title='bbox 62 3205 325 3286; x_wconf 81' lang='grc' dir='ltr'><em>σκευαζομένων</em></span> <span class='ocrx_word' id='word_1_232' title='bbox 341 3199 384 3279; x_wconf 81' lang='grc' dir='ltr'><em>ὡς</em></span> <span class='ocrx_word' id='word_1_233' title='bbox 394 3204 609 3289; x_wconf 84' lang='grc' dir='ltr'><em>έπιβάλοιμεν</em></span> <span class='ocrx_word' id='word_1_234' title='bbox 620 3201 682 3289; x_wconf 82' lang='grc' dir='ltr'><em>τὴν</em></span> <span class='ocrx_word' id='word_1_235' title='bbox 692 3218 799 3289; x_wconf 85' lang='grc' dir='ltr'><em>χεῖρα,</em></span> <span class='ocrx_word' id='word_1_236' title='bbox 815 3209 1081 3288; x_wconf 85' lang='grc' dir='ltr'><em>παραμείβεσθαι</em></span> <span class='ocrx_word' id='word_1_237' title='bbox 1099 3217 1151 3270; x_wconf 77' lang='lat'><em>40⁵</em></span> 
     </span>
     <span class='ocr_line' id='line_1_31' title="bbox 62 3298 1082 3388; baseline 0 -21"><span class='ocrx_word' id='word_1_238' title='bbox 62 3305 224 3380; x_wconf 70' lang='grc' dir='ltr'><em>δειξαντα</em></span> <span class='ocrx_word' id='word_1_239' title='bbox 241 3301 348 3386; x_wconf 91' lang='grc' dir='ltr'><em>μόνον</em></span> <span class='ocrx_word' id='word_1_240' title='bbox 363 3298 425 3386; x_wconf 81' lang='grc' dir='ltr'><em>τὴν</em></span> <span class='ocrx_word' id='word_1_241' title='bbox 442 3303 572 3369; x_wconf 85' lang='grc' dir='ltr'><em>λοπάδα</em></span> <span class='ocrx_word' id='word_1_242' title='bbox 588 3298 609 3388; x_wconf 77' lang='grc' dir='ltr'><strong><em>ἢ</em></strong></span> <span class='ocrx_word' id='word_1_243' title='bbox 624 3300 706 3368; x_wconf 84' lang='grc' dir='ltr'><em>ὅσον</em></span> <span class='ocrx_word' id='word_1_244' title='bbox 721 3305 787 3369; x_wconf 81' lang='grc' dir='ltr'><em>ἐστὶ</em></span> <span class='ocrx_word' id='word_1_245' title='bbox 802 3309 862 3369; x_wconf 81' lang='grc' dir='ltr'><em>τοῦ</em></span> <span class='ocrx_word' id='word_1_246' title='bbox 873 3309 1082 3378; x_wconf 80' lang='grc' dir='ltr'><em>πλακοῦντος</em></span> 
     </span>
     <span class='ocr_line' id='line_1_32' title="bbox 61 3398 1082 3488; baseline -0.001 -21"><span class='ocrx_word' id='word_1_247' title='bbox 61 3399 101 3467; x_wconf 84' lang='grc' dir='ltr'><em>τό</em></span> <span class='ocrx_word' id='word_1_248' title='bbox 120 3401 260 3468; x_wconf 90' lang='grc' dir='ltr'><em>λοιπόν·</em></span> <span class='ocrx_word' id='word_1_249' title='bbox 284 3399 366 3486; x_wconf 73' lang='grc' dir='ltr'><em>μηδὲ</em></span> <span class='ocrx_word' id='word_1_250' title='bbox 382 3403 638 3486; x_wconf 90' lang='grc' dir='ltr'><em>έσκομισθέντος</em></span> <span class='ocrx_word' id='word_1_251' title='bbox 653 3398 713 3477; x_wconf 84' lang='grc' dir='ltr'><em>ὑός</em></span> <span class='ocrx_word' id='word_1_252' title='bbox 735 3403 933 3486; x_wconf 86' lang='grc' dir='ltr'><em>διανέμοντα</em></span> <span class='ocrx_word' id='word_1_253' title='bbox 953 3407 998 3488; x_wconf 78' lang='grc' dir='ltr'><em>τῷ</em></span> <span class='ocrx_word' id='word_1_254' title='bbox 1020 3412 1082 3485; x_wconf 81' lang='grc' dir='ltr'><em>μὲν</em></span> 
     </span>
     <span class='ocr_line' id='line_1_33' title="bbox 61 3497 1083 3590; baseline -0.001 -24"><span class='ocrx_word' id='word_1_255' title='bbox 61 3499 216 3588; x_wconf 84' lang='grc' dir='ltr'><em>δεσπότη</em></span> <span class='ocrx_word' id='word_1_256' title='bbox 232 3504 453 3582; x_wconf 86' lang='grc' dir='ltr'><em>παρατιθέναι</em></span> <span class='ocrx_word' id='word_1_257' title='bbox 473 3499 516 3568; x_wconf 78' lang='grc' dir='ltr'><em>τό</em></span> <span class='ocrx_word' id='word_1_258' title='bbox 532 3499 695 3587; x_wconf 85' lang='grc' dir='ltr'><em>ἡμίτομον</em></span> <span class='ocrx_word' id='word_1_259' title='bbox 711 3497 792 3568; x_wconf 80' lang='grc' dir='ltr'><em>ὅλον</em></span> <span class='ocrx_word' id='word_1_260' title='bbox 810 3500 875 3567; x_wconf 87' lang='grc' dir='ltr'><em>σύν</em></span> <span class='ocrx_word' id='word_1_261' title='bbox 888 3507 928 3590; x_wconf 79' lang='grc' dir='ltr'><em>τῇ</em></span> <span class='ocrx_word' id='word_1_262' title='bbox 942 3507 1083 3586; x_wconf 74' lang='grc' dir='ltr'><em>κεφαλῇ,</em></span> 
     </span>
    </p>
   </div>
   <div class='ocr_carea' id='block_1_3' title="bbox 0 0 1318 4092">
    <p class='ocr_par' dir='ltr' id='par_1_3' title="bbox 0 0 1318 4092">
     <span class='ocr_line' id='line_1_34' title="bbox 0 0 1318 4092; baseline 0 2"><span class='ocrx_word' id='word_1_263' title='bbox 0 0 1318 4092; x_wconf 95' lang='lat' dir='ltr'><em> </em></span> 
     </span>
    </p>
   </div>
  </div>
 </body>
</html>
