2625 4092
332 297 597 358 ETAIPIKOI
615 299 875 360 ΔΙΑΛΟΓΟΙ.
1042 299 1102 362 241

184 468 290 530 MEA.
311 459 355 528 Τό
366 461 427 545 μὲν
437 457 519 527 ὅλον
530 457 608 526 οῦδὲ
621 467 725 528 εἰπεῖν
737 468 815 546 ἔχω·
831 464 948 552 πρῴην
958 465 994 529 δὲ
1005 460 1102 530 ἀνελ-

99 557 174 626 θών
195 561 230 626 έκ
248 565 413 636 Πειραιῶς
431 598 467 608 -
488 557 708 642 κατεληλύθει
722 560 803 643 γάρ,
831 558 936 643 οἶμαι,
960 562 1053 645 χρέος
1072 586 1102 625 τι

97 659 291 742 άπαιτήσων
303 666 493 742 πέμψαντος
507 664 568 724 τοῦ
579 657 704 737 πατρός
718 699 760 708 —
774 654 850 722 οὔτε
865 683 906 742 με
922 660 1101 742 προσέβλε-
1121 668 1170 725 287

97 770 162 832 ινεν
178 754 326 824 έσελθεδυ
342 755 419 824 ου”τε
441 756 629 840 προσήκατο
646 751 690 833 ὡς
707 761 786 832 ἔθος
809 759 1102 840 προσδραμοῦσαν,
1203 835 1206 841 ⁴

97 853 358 938 ἀποσεισάμενος
370 855 406 921 δὲ
419 859 660 937 περιπλακῆναι
672 856 858 938 θέλουσαν,
868 852 998 938 Ἄπιθι,
1010 859 1102 938 φησί,

97 949 182 1034 πρὸς
198 949 258 1018 τόν
269 951 458 1036 ναύκληρον
469 950 667 1037 Ἑρμότιμον
684 947 705 1037 ἦ
719 950 759 1018 τά
771 953 823 1019 ἐπὶ
836 959 904 1019 τῶν
917 957 1036 1036 τοίχων
1047 976 1103 1035 γε-

96 1054 269 1136 γραμμένα
285 1053 321 1116 έν
335 1057 382 1138 τῷ
396 1057 589 1138 Κεραμεικῷ
602 1046 793 1134 ἀνάγνωθι,
807 1047 896 1116 ὅπου
911 1055 1102 1132 κατεστηλί-

98 1173 209 1215 τευται
225 1145 320 1231 ὑμῶν
334 1145 374 1213 τά
393 1145 548 1231 ὀνόματα.
577 1154 659 1214 Τίνα
669 1145 883 1231 Ἑρμότιμον,
899 1153 989 1230 τίνα,
1005 1151 1102 1230 ἔφην,

95 1245 117 1331 ἦ
134 1253 234 1314 ποίαν
251 1247 376 1330 στήλην
391 1251 512 1331 λέγεις;
535 1245 551 1312 ὁ
571 1249 607 1314 δὲ
626 1245 727 1313 οὐδὲν
742 1244 1009 1332 ἀποκρινάμενος
1023 1244 1102 1312 οὐδὲ

96 1344 274 1428 δειπνήσας
290 1343 474 1412 ἐκάθευδεν
491 1342 722 1430 ἀποστραφείς.
746 1345 834 1411 πόσα
849 1354 911 1413 οίει
928 1347 979 1412 ἐπὶ
994 1343 1101 1432 τούτῳ

95 1448 352 1527 μεμηχανῆσθαί
370 1467 411 1527 με
428 1443 746 1530 περιλαμβάνουσαν
762 1445 1027 1525 ἐπιστρέφουσαν
1044 1467 1101 1523 φι-

94 1546 222 1606 λοῦσαν
232 1537 507 1626 ἀπεστραμμένου
515 1539 551 1608 τό
562 1541 788 1626 μετάφρενον;
802 1537 820 1606 ὁ
832 1537 862 1607 δ’
874 1537 947 1607 οὐδ’
958 1536 1103 1606 ὁπωστι-

95 1643 159 1704 οῦν
180 1635 418 1725 ύπεμαλάχθη,
451 1637 524 1707 ἀλλ’
545 1651 578 1708 εί
595 1667 667 1725 μοι,
690 1647 808 1725 φησίν,
833 1642 885 1707 ἐπὶ
908 1642 1010 1706 πλέον
1026 1641 1101 1705 ένο-

94 1734 261 1821 χλήσειας,
276 1735 390 1822 άπειμι
405 1737 485 1824 ήδη,
503 1745 532 1806 εί
546 1741 599 1806 καὶ
616 1742 712 1823 μέσαι
727 1739 843 1815 νύκτες
858 1743 952 1805 εἰσίν.

180 1870 209 1932 3.
226 1871 356 1933 ΒΑΚΧ.
374 1864 483 1951 Ὅμως
498 1866 587 1956 ᾔδεις
602 1865 885 1953 τόυἙρμότιμον’;

179 1989 287 2048 ΜΕΑ.
308 1979 405 2048 Ἀλλά
417 2008 457 2067 με
469 1986 562 2066 ίδοις,
580 1973 729 2066 ύΒακχί,
743 1979 950 2060 ἀθλιώτερον
962 1979 1102 2063 διάγου-

95 2097 159 2145 σαν
175 2074 196 2163 ή
211 2087 276 2146 νῦν
292 2085 370 2164 έχω,
387 2088 420 2146 εί
430 2106 505 2146 τινα
522 2077 584 2163 έγιδ
600 2080 790 2165 ναύκληρον
802 2078 999 2164 Ἑρμότιμον
1016 2075 1098 2143 οἶδα.

94 2180 182 2265 πλὴν
198 2176 270 2247 ἀλλ’
285 2175 303 2246 ό
319 2180 380 2264 μὲν
390 2180 499 2246 ἕωθεν
514 2178 719 2263 ἀπεληλύθει
734 2187 796 2245 τοῦ
809 2175 1030 2259 ἀλεκτρυόνος
1042 2173 1099 2242 εύ-

92 2276 161 2356 θῦς
178 2275 320 2365 ᾅσαντος
341 2275 580 2362 ἀνεγρόμενος,
604 2277 668 2361 ἐγώ
685 2279 720 2343 δὲ
740 2276 930 2362 ἐμεμνήμην
946 2273 997 2342 ότι
1016 2270 1099 2340 κατά

93 2383 207 2462 τοίχου
221 2376 311 2454 τινὸς
326 2383 416 2462 ἔλεγε
432 2376 707 2462 καταγεγράφθαι
722 2375 869 2459 τοῦνομα
883 2375 920 2440 έν
935 2380 1099 2457 Κεραμει-

94 2483 158 2564 κῷ·
180 2480 310 2560 ἔπεμψα
322 2467 386 2542 ούν
401 2473 509 2542 Ἀκίδα
527 2476 835 2559 κατασκεψομένην·
858 2469 878 2556 ἡ
894 2469 926 2536 δ’
945 2470 1026 2537 ἀλλο
1039 2468 1100 2555 μὲν

93 2573 194 2644 οῦδὲν
211 2563 305 2659 εῦρε,
318 2583 427 2667 ιτοῦτο
448 2576 483 2640 δὲ
507 2574 614 2659 μόνον
636 2572 920 2656 ἐπιγεγραμμένον
941 2567 1100 2634 ἐσιόντων

93 2678 146 2742 ἐπὶ
157 2672 196 2741 τά
210 2671 299 2754 δεξιά
312 2673 447 2764 πρδςτηῦ
458 2673 616 2760 Διπύλφ,
635 2675 781 2738 Μέλιττα
793 2675 886 2752 φιλεῖ
892 2663 1100 2750 Ἑρμότιμον,

93 2777 149 2842 καὶ
161 2772 282 2860 μικρὸν
294 2766 395 2850 αὖθις
406 2771 580 2846 ὑποκάτω,
589 2767 626 2836 ‘0
640 2767 828 2852 ναύκληρος
837 2762 1031 2849 Ἑρμότιμος
1043 2789 1100 2846 φι-

94 2882 146 2941 λεί
158 2877 336 2940 Μέλιτταν,

179 3007 310 3068 ΒΑΚΧ.
325 2996 369 3065 Ὢ
384 3007 451 3066 νῦν
463 2999 648 3083 περιέργων
659 3001 854 3061 νεανίσκων,
878 3001 1015 3077 συνίημι
1024 2993 1099 3076 γάρ.

94 3107 243 3187 λυπῆσαί
263 3127 311 3177 τις
336 3103 447 3165 θέλων
473 3095 533 3165 τόν
553 3103 703 3178 Χαρῖνον
728 3096 892 3177 ἐπέγραψε
917 3091 1101 3177 ζηλότυπον

94 3200 175 3269 ὅντα
198 3198 307 3276 είδοίς·
337 3195 354 3265 ὁ
380 3196 416 3264 δέ
437 3195 555 3263 αὐτίκα
579 3198 783 3263 ἐπίστευσεν.
810 3197 840 3258 εί
859 3195 897 3257 δε
911 3216 978 3257 που
999 3194 1101 3275 ίδοιμι

94 3298 216 3378 αύτόν,
235 3299 431 3382 διαλέξομαι.
456 3293 591 3378 ἄπειρός
607 3292 743 3359 ἐστικαὶ
757 3304 833 3366 παῖς
850 3294 905 3355 ἔτι.

180 3417 286 3480 ΜΕΛ.
311 3417 384 3477 Ποῦ
404 3406 435 3476 δ’
459 3405 501 3476 ἀν
517 3412 600 3486 ίδοις
623 3410 768 3490 έκείυον,
791 3401 828 3482 ὃς
849 3403 1102 3489 ἐγκλεισάμενος

95 3509 216 3580 ἑαυτὸν
230 3510 365 3660 σύνεγχτι
381 3515 420 3598 τῇ
432 3515 569 3596 Σιμίχης
593 3511 626 3575 οί
635 3517 744 3591 γονεῖς
759 3506 795 3570 δὲ
811 3509 857 3570 ἔτι
869 3498 1034 3652 παηὲέμοὶ
1046 3505 1101 3584 ζη-

179 3622 283 3661 LUCIAN.
345 3645 351 3658 .
