2625 4092
212 277 274 340 268
555 278 630 338 .Λ·Ο
641 277 865 335 ΤΚΙΛΝΟῙ1

297 445 429 506 MYPT.
451 434 535 506 Ἀλλ’
553 437 734 522 ἐκοιμήθης
749 439 872 514 νύκτας
886 440 947 504 δύο
1301 478 1302 521 η

143 550 195 604 320
299 541 399 604 ΔΩΡ.
423 535 490 604 Καὶ
504 531 604 601 ὁπότε
618 525 703 619 ἧκον
719 536 755 600 έκ
769 541 913 619 Συρίας,
928 532 1142 620 ἀλάβαστρον
1156 532 1217 618 μῦ-
1301 524 1302 607 λ

214 659 276 716 ρου
286 636 320 700 ἐκ
332 640 501 720 Φοινίκης,
513 631 575 700 δύο
589 636 643 700 καὶ
654 623 760 699 τοῦτο’
766 630 973 719 δραχμῶννη
985 630 1046 699 τδν
1056 636 1217 699 Ποσειδῶ.
1302 674 1303 711 3

297 737 430 798 MYPT.
452 727 530 815 Ἐγώ
550 733 588 796 δέ
599 749 653 795 σοι
670 731 841 798 ἐκπλέοντι
856 727 893 795 τὸ
908 727 1031 816 μικρὸν
1048 731 1156 795 έκεῖνο
1171 755 1222 814 χοὶ

213 828 335 896 τάνιον
349 824 386 895 τῦ
404 832 497 913 μέχρι
512 834 580 894 τῶν
597 835 732 914 μηρῶν,
758 825 800 905 ὡς
817 833 902 912 ἔχοις
917 830 1073 910 ἐρέττων,
1091 824 1219 895 Ἐπιοῦ·
1302 838 1303 843 ’

214 952 277 1006 ρον
293 932 354 992 τοῦ
373 927 530 1009 πρωρέως
551 927 781 1011 ἐκλαθομένου
801 922 882 993 αὐτὸ
905 922 984 1009 παρ’
1002 923 1098 1011 ἡμῖν,
1122 923 1218 992 ὁπότε

214 1023 378 1094 ἐκάθευδε
392 1021 471 1104 παρ’
490 1026 570 1108 ἐμοί.

298 1127 400 1190 ΔΩΡ.
421 1118 598 1207 Ἀπέλαβεν
610 1118 691 1188 αῦτό
709 1128 874 1206 γνωρίσας
889 1118 906 1187 ὁ
919 1118 1090 1207 Ἐπίουρος
1104 1122 1221 1211 πρῴην

215 1222 251 1288 έν
263 1220 368 1308 Σάμῳ
384 1216 464 1304 μετά
482 1225 605 1305 πολλῆς
620 1245 675 1304 χε,
698 1211 725 1286 ιδ
741 1227 834 1303 θεοί,
854 1226 911 1305 τῆς
927 1220 1040 1306 μάχης.
1065 1220 1220 1305 κρόμμυα
1304 1218 1306 1353 χ

215 1321 250 1384 δὲ
268 1321 304 1385 ἐκ
318 1319 462 1403 Κύπρου
483 1319 537 1384 καί
553 1321 719 1399 σαπέρδας
734 1319 832 1384 πέντε
848 1318 904 1387 καὶ
919 1321 1042 1401 πέρκας
1056 1319 1221 1400 τέτταρας,
1304 1356 1305 1361 1

215 1413 312 1484 ὁπότε
324 1417 593 1502 κατεπλεύσαμεν
604 1419 639 1483 ἐκ
649 1416 844 1497 Βοσπόρου,
862 1414 1001 1504 ἐκόμισά
1012 1436 1074 1482 σοι.
1098 1421 1132 1482 τί
1139 1407 1221 1494 οῦνς

107 1514 109 1518 ’
215 1517 269 1581 καὶ
284 1512 405 1596 άρ-τους
416 1511 501 1582 ὀπτοῦ
513 1511 693 1592 ναυτικοῦς
704 1517 741 1581 ἐν
751 1514 915 1604 γυργάθῳ
930 1513 1051 1598 ξηροῦς
1061 1515 1117 1581 καί
1128 1513 1223 1598 ίσχά·
1305 1490 1306 1579 λ

215 1616 285 1678 δων
300 1619 397 1698 βῖκον
412 1614 447 1679 έκ
462 1619 588 1695 Καρίας
602 1615 656 1680 καὶ
671 1610 813 1693 ῦστερον
829 1614 865 1679 ἐκ
876 1614 1044 1693 Πατάρων
1058 1613 1223 1678 σανδάλια

215 1719 390 1794 ἐπίχρυσα,
409 1703 435 1777 ά
448 1709 618 1796 ἀχάριστε·
630 1757 631 1760 =
641 1713 695 1778 καί
706 1710 810 1792 τυρόν
820 1736 899 1777 ποτε
911 1715 1078 1796 μέμνημαι
1090 1708 1150 1777 τὸν
1162 1712 1223 1794 με’-

216 1834 280 1892 χαν
296 1809 332 1873 ἐκ
347 1813 488 1874 Γυθίου.

170 1911 174 1917 ’
300 1911 433 1974 MYPT.
458 1909 562 1974 Πέντε
584 1916 663 1984 ίσως
685 1912 858 1992 δραχμῶν,
881 1899 1087 1990 αἷΔωρίων,
1113 1905 1226 1970 πάντα

217 2031 329 2072 ταυτα.

299 2108 329 2169 3.
346 2111 448 2172 m.
469 2097 508 2172 Ὦ
521 2106 706 2191 Μυρτάλη,
729 2103 791 2172 ὅσα
808 2106 930 2191 ναύτης
945 2102 1127 2187 ἄνθρωπος
1144 2105 1227 2170 ἐδυ-

216 2201 327 2286 νάμην
344 2209 470 2285 μισθοῦ
488 2206 661 2271 ἐπιπλέων.
686 2209 751 2270 νῦν
766 2201 829 2288 γάρ
846 2202 908 2288 ἤδη
930 2209 1041 2287 τοίχου
1057 2199 1146 2285 ἄρχω
1163 2203 1226 2267 τοῦ

216 2305 326 2379 δεξιοῦ
338 2303 392 2367 καὶ
403 2298 446 2367 σῦ
457 2299 551 2388 ἡμῶν
564 2299 742 2391 ὑπερορᾷς,
759 2303 876 2391 πρῴην
889 2300 925 2366 δὲ
936 2297 1035 2366 ὁπότε
1046 2296 1086 2365 τά
1098 2295 1227 2383 Ἀφρο-

216 2404 304 2467 δίσια
314 2392 368 2487 ἦν,
376 2398 449 2486 οῦχὶ
459 2401 608 2488 δραχμὴν
619 2409 725 2486 ἔθηκα
735 2396 818 2482 πρὸς
826 2413 897 2466 τοῖν
906 2403 1027 2466 ποδοῖν
1035 2405 1092 2485 τῆς
1105 2397 1225 2481 Ἀφρο-

215 2503 305 2584 δίτης
321 2504 383 2564 σοῦ
399 2501 513 2566 ἕνεκεν
528 2497 698 2586 άρχυράνς
719 2503 773 2568 καὶ
788 2499 890 2567 πάλιν
906 2507 944 2588 τῇ
956 2502 1059 2585 μητρὶ
1074 2503 1120 2575 είς
1136 2494 1228 2563 ῦποε

215 2599 342 2684 δηματα
363 2599 425 2664 δύο
442 2597 588 2685 δραχμάς
609 2603 663 2666 καὶ
678 2604 774 2686 Λυδῇ
792 2598 895 2686 ταύτῃ
916 2598 1076 2674 πολλάκις
1099 2602 1145 2672 είς
1163 2593 1230 2680 τὴν

214 2709 305 2781 χεῖρα
316 2701 381 2761 ’νῦν
390 2697 452 2782 μὲν
463 2698 536 2778 δυό,
548 2705 612 2765 νῦν
624 2699 659 2766 δὲ
670 2702 824 2780 τέτταρας
833 2694 982 2783 ὀβολούς.
1000 2702 1102 2763 ταῦτα
1113 2695 1228 2760 πάντα

215 2798 418 2862 συντεθέντα
436 2795 678 2864 οῦσίαναῦτου
695 2794 817 2877 ἀνδρὸς
833 2789 885 2883 ἦν.

40 2977 43 2984 ⁴
146 2914 193 2967 ὅθι
298 2899 431 2962 MYPT.
459 2893 506 2962 Τά
525 2895 680 2981 κρόμμυα
697 2898 749 2963 καὶ
771 2901 805 2963 οί
818 2898 995 2978 σαπέρδαι,
1016 2885 1228 2972 άΔωρίωνς

300 2999 401 3061 ΔΩΡ.
426 3000 509 3061 Ναί·
536 2992 577 3061 οῦ
598 2992 662 3080 γάρ
679 2993 766 3080 εἶχον
787 3001 888 3062 πλείω
908 2997 1070 3078 νομιζειν·
1099 2988 1142 3057 οῦ
1159 2987 1227 3076 γάρ

215 3088 259 3158 άν
272 3092 428 3179 ἤρεττον,
447 3103 480 3161 εί
492 3119 530 3179 γε
545 3102 700 3162 πλουτῶν
716 3093 906 3178 ἐτύγχανον,
930 3099 970 3178 τῇ
984 3094 1082 3177 μητρὶ
1098 3092 1133 3159 δὲ
1144 3088 1229 3157 οὐδὲ

212 3196 377 3276 κεφαλίδα
399 3199 479 3276 μίαν
495 3193 663 3276 σκορόδου
683 3193 818 3278 ἐκόμισα
834 3191 976 3264 ποίποτε.
1003 3187 1110 3276 ἡδέως
1130 3188 1163 3256 δ’
1182 3185 1228 3256 δν

215 3296 344 3377 ἔμαθον
357 3287 455 3356 άτινά
473 3312 525 3356 σοι
542 3289 630 3373 παρά
645 3298 707 3357 τοῦ
722 3298 877 3361 Βιθυνοῦ
891 3289 930 3357 τά
948 3294 1048 3371 δῶρα.

300 3389 432 3457 ΜῬΡΤ.
465 3393 564 3456 Τουτὶ
589 3397 729 3473 πριῦτονΙ
744 3386 878 3479 ὁρᾷςτδ
901 3390 1070 3473 χιτωνιον;
1099 3390 1229 3467 ἐκεῖνος

216 3491 367 3571 ἐπρίατο,
382 3489 436 3553 καὶ
453 3485 513 3553 τὸν
529 3485 634 3572 ὅρμον
648 3486 710 3556 τὸν
723 3489 919 3574 παχύτερον.
976 3537 978 3541 -
