2625 4092
241 287 301 348 246
588 291 894 350 AOTKIANOY

240 449 342 516 ἄλλον
352 453 481 534 χαλκέα.
505 449 585 535 μετά
598 450 633 516 δέ
645 449 706 534 τήν
719 445 875 536 τελευτήν
888 449 925 517 τό
937 452 998 536 μὲν
1012 461 1148 535 πρῶτον
1160 451 1229 521 ἇπο

241 551 363 634 δομένη
383 547 440 626 τάς
460 549 633 632 πυράγρας
653 550 706 614 καὶ
729 544 787 614 τὸν
803 546 931 633 ἄκμονα
951 552 1005 616 καὶ
1021 558 1160 634 σφῦραν
1181 552 1234 618 δύο

240 653 349 731 μνῶν,
372 643 436 711 άπὸ
459 647 587 713 τούτων
610 646 849 731 διετράφημεν·
882 645 948 712 είτα
971 654 1035 712 νύν
1057 651 1120 731 μὲν
1141 647 1235 732 ὑφαί-

240 762 363 827 νουσα,
381 750 445 810 νῦν
463 744 498 810 δὲ
513 745 639 829 κρόκην
654 745 844 828 κατάγουσα
859 739 880 829 ή
897 745 1044 828 στήμονα
1061 747 1235 812 κλώθουσα

241 839 438 925 ἐποριζόμην
454 839 493 906 τά
511 850 595 909 σιτία
614 843 723 927 μόλις·
754 847 893 929 ἔβοσκον
910 843 944 908 δὲ
963 844 1014 924 σε’,
1040 835 1235 927 ύθύγατερ,

242 935 303 1021 τήν
318 940 432 1005 ἐλπίδα
449 942 681 1023 περιμένουσα.
830 999 834 1005 ,

326 1042 354 1103 2.
379 1043 475 1103 KOP.
502 1036 571 1123 Τήν
589 1045 677 1122 μνᾶν
693 1039 813 1122 λέγεις;

325 1141 453 1202 ΚΡΩΒ.
480 1133 568 1217 Ούκ,
586 1133 669 1202 άλλά
685 1137 879 1222 ἐλογιζόμην
895 1134 939 1215 ὡς
951 1138 1131 1222 τηλικαύτη
1146 1163 1234 1224 γενο-
1295 1128 1296 1145 ³

242 1235 324 1319 μένη
339 1235 475 1314 θρέψεις
485 1234 546 1318 μὲν
557 1237 627 1318 ἐμέ,
644 1232 788 1319 σεαυτήν
801 1236 836 1302 δὲ
850 1234 1109 1320 κατακοσμήσεις
1123 1238 1237 1322 ῥᾳδίως
1296 1278 1297 1345 ρ

242 1332 296 1396 καί
318 1332 512 1416 πλουτήσεις
528 1333 580 1396 καὶ
601 1334 743 1415 ἐσθῆτας
765 1333 845 1410 ἔξεις
867 1331 1041 1417 ἁλουργεῖς
1064 1333 1118 1400 καὶ
1139 1342 1236 1413 θερα-
1296 1352 1297 1361 ’

243 1435 370 1505 παίνας.

327 1531 424 1591 ΚΟΡ.
444 1532 520 1603 Πῶς
535 1531 633 1611 ἔφης,
651 1534 768 1611 μῆτερ,
784 1521 806 1611 ή
822 1535 855 1593 τί
868 1529 989 1612 λέγεις;

329 1629 455 1690 ΚΡΩΒ.
485 1633 645 1691 Συνούσα
668 1625 729 1709 μὲν
750 1639 816 1702 τοϊς
837 1633 1023 1702 νεανίσκοις
1043 1627 1097 1692 καὶ
1121 1631 1237 1708 συμπί-

242 1741 349 1786 νουσα
364 1719 433 1805 μετ’
451 1720 561 1788 αὐτῶν
579 1725 632 1789 καί
646 1722 925 1806 συγκαθεύδουσα
939 1726 990 1791 ἐπὶ
1008 1731 1130 1812 μισθῷ.
1298 1790 1299 1793 ,

326 1827 423 1888 ΚΟΡ.
445 1822 609 1902 Καθάπερ
626 1819 646 1906 ή
663 1827 836 1905 Δαφνίδος
852 1822 1005 1907 θυγάτηρ
1023 1821 1136 1902 Δύρας

329 1924 455 1985 ΚΡΩΒ.
478 1925 554 1986 Ναί.

330 2023 424 2081 ΚΟΡ.
444 2012 531 2081 Ἀλλ’
550 2019 657 2099 ἐκείνη
674 2018 784 2097 ἑταίρα
802 2018 898 2082 ἐστίν.

327 2121 454 2181 ΚΡΩΒ.
481 2112 590 2182 Οὐδὲν
611 2122 708 2181 τούτο
725 2115 853 2181 δεινόν·
882 2115 935 2180 καὶ
957 2111 999 2180 σύ
1016 2112 1080 2198 γάρ
1097 2112 1241 2195 πλουτή-
1300 2168 1301 2171 ,

244 2234 311 2288 σεις
327 2209 370 2288 ὡς
387 2215 494 2296 ἐκείνη
512 2204 565 2279 καὶ
580 2208 725 2289 πολλούς
741 2209 877 2293 ἐραστάς
890 2213 982 2289 ἕξεις.
1003 2218 1037 2277 τί
1048 2210 1241 2292 ἐδάκρυσας,

245 2302 447 2392 ύΚόριννας
464 2309 523 2397 ούχ
533 2308 613 2399 ὁρᾷς
622 2307 740 2377 ὁπόσαι
751 2313 805 2376 καὶ
817 2307 860 2385 ὡς
870 2308 1151 2391 περισπούδαστοί
1160 2312 1243 2372 εἰσιν

243 2413 278 2475 αί
293 2410 415 2492 ἑταῖραι
437 2412 489 2476 καὶ
512 2408 573 2475 ὅσα
593 2411 742 2496 χρήματα
762 2407 986 2492 λαμβάνουσα
1008 2406 1069 2492 τήν
1086 2409 1243 2490 Δαφνίδα

243 2513 327 2591 γοῦν
344 2506 407 2593 ἐγώ
424 2507 512 2574 οἶδα.
537 2502 562 2574 ὦ
585 2517 664 2593 φίλη
683 2507 887 2589 Ἀδράστεια,
914 2505 1017 2590 ῥάκη,
1041 2506 1122 2588 πρὶν
1137 2501 1243 2588 αύτήυ

175 2619 225 2672 994
244 2601 389 2690 άκμάσαι
401 2603 462 2690 τήν
478 2605 585 2688 ίόραν,
604 2609 901 2692 περιβεβλημένην·
923 2603 1005 2671 άλλά
1021 2611 1087 2669 νῦν
1097 2601 1179 2691 ὁρᾷς
1192 2605 1244 2667 οἵα
1300 2638 1301 2665 3

244 2705 394 2787 πρόεισι,
416 2703 538 2789 χρυσός
560 2707 613 2772 καί
636 2708 772 2789 ἐσθῆτες
794 2702 948 2780 εύανθελς
965 2703 1019 2770 καὶ
1039 2703 1241 2784 θεράπαιναι
1300 2712 1301 2741 ¹

244 2805 400 2883 τέτταρες.

327 2908 355 2968 3.
375 2909 470 2971 ΚΟΡ.
494 2911 570 2980 Πῶς
587 2903 622 2970 δὲ
637 2912 738 2970 ταύτα
755 2902 911 2986 ἐκτήσατο
924 2898 945 2984 ή
959 2901 1072 2985 Δύρας

328 3009 455 3069 ΚΡΩΒ.
483 3000 526 3068 Τὸ
546 3003 606 3088 μέν
624 3008 757 3083 πρῶτον
778 3006 1031 3084 κατακοσμοῦσα
1049 2996 1173 3083 ἑαυτήν
1190 2995 1244 3064 εύ-

245 3108 376 3181 πρεπώς
397 3105 449 3167 καὶ
471 3099 627 3188 εὐσταλής
649 3093 734 3167 ούσα
757 3100 810 3166 καί
836 3097 961 3182 φαιδρὰ
981 3097 1063 3181 πρὸς
1086 3097 1245 3178 ἅπαντας,

245 3195 307 3263 ούκ
319 3196 393 3282 άχρι
405 3207 465 3264 τοῦ
476 3199 647 3285 καγχάζειν
659 3201 781 3286 ῥᾳδίως
795 3198 948 3280 καθάπερ
960 3195 1003 3263 σύ
1013 3208 1145 3274 είωθας,
1162 3193 1245 3263 ἀλλὰ

244 3298 402 3378 μειδιῶσα
417 3293 480 3380 ήδύ
500 3299 554 3364 καί
571 3298 760 3383 ἐπαγωγόν,
784 3296 849 3364 εἶτα
866 3304 1114 3382 προσομιλοῦσα
1133 3299 1245 3374 δεξιῶς

244 3394 298 3459 καὶ
318 3392 398 3477 μήτε
417 3400 652 3481 φενακίζουσα,
676 3405 708 3462 εί
724 3423 772 3475 τις
788 3402 969 3481 προσέλθοι
989 3393 1012 3482 ή
1031 3401 1244 3483 προπέμψειε,

242 3492 324 3576 μήτε
341 3488 423 3577 αὐτή
440 3495 726 3578 ἐπιλαμβανομένη
743 3503 809 3561 τῶν
824 3494 967 3577 ἀνδρῶν.
993 3490 1034 3580 ἢν
1050 3498 1089 3562 δέ
1099 3521 1180 3563 ποτε
1191 3499 1244 3562 καὶ
