2625 4092
244 287 937 358 ΔΗΜΟΣΘΕΝΟΤΣΕΓΚΩΜΙΟΝ,
1031 291 1093 357 377

84 460 121 528 δὲ
137 455 241 526 αὐτόν
256 455 476 543 ῦπερηγάμην
491 464 551 525 τοῦ
565 483 601 524 τε
617 460 832 544 φρονήματος
846 457 906 525 καί
916 462 978 542 τῆς·
991 456 1092 523 σαντ’·
1110 475 1161 527 ⁵15

83 575 182 642 σεως,
205 554 323 643 ἀκλινῆ
339 554 400 642 τὴν
425 554 537 641 ψυχὴν
550 552 604 623 ἐπ’
624 552 731 641 ὀρθῆς
753 557 789 624 ἐν
804 551 948 632 ἁπάσαις
964 554 1094 639 φυλάτ-

83 681 183 722 τοντα
199 661 385 740 τρικυμίαις
404 662 461 741 της
479 654 581 740 τύχης
597 658 651 720 καὶ
668 651 752 738 πρὸς
766 654 873 739 μηδὲν
887 662 956 720 τοῖν
972 658 1094 720 δεινῶν

84 751 268 821 ἐνδιδόντα.
301 755 356 820 καὶ
377 760 547 822 Φίλιππον
569 754 605 819 δὲ
627 748 691 838 τὴν
711 749 795 838 ἐμὴν
817 750 957 838 γνώμην
978 756 1095 836 ἐχοντα

83 853 160 935 περὶ
171 849 314 935 τάνδρός
324 849 526 937 ἠπιστάμην·
543 850 651 940 τούτῳ
661 852 772 936 μένγε
783 854 986 936 δημηγορίας
997 843 1094 935 ἐξαγ-

85 955 260 1035 γελθείσης
273 946 464 1035 Ἀθηνηθέν
481 972 561 1018 ποτε
574 949 831 1033 καθαπτομένης
846 953 907 1014 τοῦ
923 954 1093 1015 Φιλίππου

84 1048 140 1113 καὶ
155 1052 395 1133 Παρμενίωνος
410 1043 678 1133 η’γανακτηκότος
699 1052 759 1111 καί
773 1070 806 1113 τι
826 1045 881 1113 καὶ
903 1041 1093 1113 σκωπτικὸν

84 1150 132 1222 είς
152 1141 213 1212 τόν
228 1146 457 1229 Δημοσθένην
480 1142 687 1227 ἐπειπόντος,
711 1136 750 1211 Ὦ
771 1150 990 1229 Παρμενίων,
1017 1148 1092 1228 ἔφη,

84 1246 211 1319 δίκαιος
231 1239 249 1308 ὁ
266 1244 489 1327 Δημοσθένης
508 1246 694 1326 παρρησίας
712 1241 906 1326 τυγχάνειν·
934 1239 1036 1326 μόνος
1055 1241 1097 1325 γέ

82 1364 136 1407 τοι
151 1346 219 1406 τῶν
233 1341 285 1407 ἐπὶ
302 1346 359 1425 τῆς
368 1335 524 1416 Ἑλλάδος
539 1342 748 1424 δημαγωγῶν
762 1336 915 1424 οὐδαμοῦ
929 1353 998 1417 τοῖς
1009 1338 1094 1405 α’πο-

83 1445 255 1522 λογισμοῖς
276 1439 493 1523 ἐγγέγραπται
516 1444 585 1502 τῶν
606 1439 695 1523 ἐμεῦν
714 1432 959 1521 άναλωμάτων,
986 1443 1094 1504 καίτοι

82 1542 212 1620 μᾶλλον
231 1532 427 1621 ἠβουλόμην
446 1530 468 1619 ἢ
494 1542 722 1620 γραμματεῦσι
747 1538 802 1603 καὶ
825 1549 1094 1622 τριταγωνισταῖς

81 1628 230 1719 ἐμαυτόν
237 1635 500 1702 πεπιστευκέναι.
516 1640 583 1700 νῦν
594 1631 626 1701 δ’
639 1638 777 1701 ἐκείνων
788 1636 850 1719 μὲν
861 1635 998 1713 ἕκαστος
1007 1630 1093 1701 ἄπο-

80 1732 265 1817 γίγραπται
275 1737 415 1817 χρυσίον
426 1731 508 1811 ξύλα
519 1731 646 1813 πόρους
660 1734 836 1817 θρέμματα
851 1738 916 1818 γῆν
930 1729 974 1797 οῦ
984 1739 1094 1800 Βοιω-

81 1836 155 1906 τίας
169 1825 245 1895 οὐδ’
262 1833 346 1895 ἔνθα
360 1828 448 1915 τιμὴ
464 1828 544 1912 παρ’
560 1832 644 1915 ἐμοῦ
658 1830 826 1916 λαβόντες.
848 1828 942 1916 ἡμεῖς
956 1831 994 1898 δέ
1006 1837 1094 1898 θᾶτ-

80 1952 144 1994 τον
158 1924 201 1993 άν
215 1932 283 1995 νῦν
293 1934 485 2008 Βυζαντίων
499 1925 535 1995 τό
551 1942 656 2013 τεῖχος
669 1929 803 2013 ἕλοιμεν
816 1944 977 2016 μηχαναῖς
987 1925 1009 2014 ἦ
1019 1938 1093 2015 Δη-

79 2026 256 2111 μοσθένην
268 2035 402 2115 χρυσίῳ.
424 2029 476 2095 34.
494 2022 557 2112 ἐγιδ
571 2030 617 2113 δέ,
634 2020 884 2112 οῦΠαρμενίων,
900 2032 974 2114 ἔφη,
991 2031 1092 2113 εἰμέν
1112 2044 1162 2100 516

82 2148 132 2199 τις
150 2118 327 2207 Ἀθηναῖος
348 2117 397 2190 ω”ν
416 2126 454 2190 ἐν
473 2121 630 2210 Ἀθήναις
652 2127 762 2207 λέγων
781 2125 838 2210 ἐμὲ
858 2131 916 2209 τῆς
937 2128 1095 2208 πατρίδος

79 2228 245 2309 προτιμᾷ,
267 2220 397 2301 τούτοις
413 2219 577 2309 άργάριον
590 2223 652 2309 μὲν
672 2225 824 2308 προίμην
844 2221 904 2308 άν,
927 2230 1044 2309 φιλίαν
1059 2219 1091 2288 δ’

80 2317 146 2388 οῦκ
165 2319 224 2387 όν·
259 2328 289 2389 εί
304 2324 342 2390 δέ
358 2348 408 2402 τις
430 2319 515 2407 ὑπὲρ
530 2329 588 2410 τῆς
610 2325 767 2404 πατρίδος
788 2324 844 2408 ἐμὲ
865 2337 969 2409 μισεῖ,
986 2323 1094 2411 τούτῳ

79 2427 305 2505 προσπολεμιῦ
326 2424 388 2506 μὲν
411 2419 455 2499 ὡς
479 2419 660 2505 ἀκροπόλει
679 2421 733 2487 καὶ
754 2427 850 2504 τείχει
870 2424 925 2488 καί
942 2428 1094 2505 νεωρίοις

78 2522 137 2588 καὶ
151 2520 286 2610 τάφρῳ,
300 2518 462 2607 θαυμάζω
476 2522 513 2587 δὲ
527 2527 586 2606 τῆς
598 2517 716 2605 άρετης
729 2521 784 2587 καὶ
798 2526 966 2605 μακαρίζω
980 2547 1019 2607 γε
1033 2528 1095 2586 τοῦ

78 2616 245 2704 κτήματος
259 2618 320 2704 τὴν
340 2618 448 2687 πόλιν.
473 2620 527 2687 καὶ
543 2615 623 2696 τοῦς
638 2620 700 2703 μὲν
718 2624 780 2697 ἔξω
796 2624 855 2703 τῆς
869 2625 979 2703 χρείας
994 2618 1094 2703 γενό-

79 2740 183 2802 μενος
197 2714 303 2801 ἥδιστ’
326 2712 371 2784 άν
393 2720 694 2801 προσαπολέσαιμι,
717 2713 778 2782 τόν
793 2717 829 2784 δέ
849 2724 1034 2802 βουλοίμην
1049 2713 1093 2781 ἄν

78 2819 247 2885 ἐνταυθοῖ
258 2813 339 2898 παρ’
354 2814 433 2902 ἡμῖν
451 2830 562 2901 τυχεῖν
575 2817 762 2900 γενόμενον
776 2822 904 2899 μᾶλλον
919 2811 940 2900 ἢ
957 2812 1019 2899 τὴν
1032 2810 1092 2880 '12-

78 2920 210 2996 λυριῶν
223 2916 328 2982 ἵππον
342 2917 397 2984 καὶ
415 2920 611 3000 Τριβαλλῶν
626 2915 682 2981 καὶ
696 2920 764 2981 πᾶν
781 2911 816 2980 τὸ
831 2912 1092 2998 μισθοφορικόν,

79 3019 138 3097 τῆς
155 3010 270 3079 ὅπλων
281 3019 356 3100 βίας
369 3010 433 3099 τὴν
445 3019 506 3079 τοῦ
521 3014 625 3098 λόγου
645 3010 753 3079 πενθῶ
767 3013 822 3079 καὶ
836 3008 873 3077 τό
888 3017 946 3097 τῆς
959 3011 1094 3097 γνώμης

79 3112 240 3195 ἐμβριθὲς
253 3110 383 3197 οῦδαμῆ
394 3113 499 3189 τιθεὶς
515 3110 680 3192 δεύτερον.
705 3115 756 3179 35.
772 3108 855 3193 πρός
868 3115 1092 3195 Παρμενίωνα

79 3206 144 3291 μὲν
155 3214 268 3275 ταῦτα.
291 3209 464 3286 τοιούτους
476 3211 515 3275 δέ
523 3210 680 3285 τιναςκαδ
690 3207 836 3294 πρόςέμὲ
846 3207 967 3293 λόγους
977 3205 1092 3291 ἐποιη-

79 3327 177 3372 σατα
200 3313 269 3373 τῦν
284 3303 348 3394 γάρ
364 3304 446 3392 μετὰ
461 3313 669 3385 Διοπείθους
678 3304 872 3394 Ἀθήνηθεν
886 3304 1091 3392 ἀπεσταλμέ-

80 3428 162 3490 νων,
181 3403 245 3490 ἐγῦ
257 3403 320 3489 μὲν
335 3401 423 3491 είχον
438 3402 494 3471 διά
506 3409 696 3489 φροντίδος,
715 3401 732 3472 ὁ
749 3402 781 3471 δ’
800 3397 839 3472 εῦ
849 3404 937 3491 μάλα
949 3404 1092 3489 γελάσας

78 3506 158 3585 ἔφη·
190 3499 245 3569 Σῦ
260 3498 291 3569 δ’
315 3499 453 3573 άστικδν
474 3500 661 3589 στρατηγὸν
677 3497 699 3589 ἢ
714 3504 920 3587 στρατιώτην
941 3505 1092 3576 δέδοικας
