2625 4092
285 304 574 364 ΕΠΙΣΤΟΛΑΙ
593 304 848 364 ΚΡΟΝΙΚΑΙ.
1008 303 1067 368 321

66 479 130 533 των
157 465 382 552 ἀναβοώντων
408 466 463 532 καὶ
486 461 571 538 αάτά
597 461 637 550 δη
664 469 767 556 ταῦτα
794 464 852 532 τὸν
877 464 1071 550 ἀναδασμόν

64 561 246 643 ἀξιούντων
263 567 423 648 γενέσθαι
438 565 492 630 καὶ
508 565 715 646 αἰτιωμένων
730 561 792 648 τη’ν
812 589 847 630 τε
869 567 1071 650 εἱμαρμένην

65 660 109 738 όις
123 658 311 747 ἀνισοντήν
322 662 430 747 νομὴν
445 663 671 746 πεποιημένην
689 664 744 728 καὶ
760 660 847 747 ἡμᾶς
860 662 910 730 ὅτι
928 660 1071 749 μηδενὸς

63 756 174 834 αὐτοῖς
194 759 408 841 μεταδιδόναι
432 758 610 845 ἀξιοῦμεν;
641 758 714 827 ἀλλ’
739 758 829 828 οἶδεν
846 763 988 845 ἐκεῖνος,
1014 759 1072 826 ἀτε

63 852 147 934 Ζεύς
161 853 224 936 ὄν,
241 854 320 935 παρ’
337 852 477 925 οἷστισιν
487 855 507 943 ἡ
519 863 621 940 αἰτία,
637 859 693 928 καὶ
705 855 760 922 διὰ
773 865 872 924 τοῦτο
883 858 1068 939 παρακούει
1087 873 1140 929 416

63 951 174 1020 αὐτῶν
190 950 229 1017 τά
245 954 361 1020 πολλά.
389 957 441 1021 σοὶ
456 953 492 1024 δὲ
509 952 598 1038 ὅμως
614 949 913 1039 ἀπολογησόμεθα.
937 957 1070 1034 ε’πείπερ

62 1051 171 1136 ἄρχεις
185 1057 301 1135 γενῦν
315 1049 419 1138 ἡμῶν.
441 1050 535 1139 ἡμεῖς
552 1053 614 1137 μὲν
628 1048 693 1137 γάρ
709 1050 841 1118 ἅπαντα
857 1050 921 1133 πρὸ
935 1050 1070 1136 ὀφθαλ-

61 1156 136 1235 μῶν
156 1147 316 1234 λαβόντες
336 1148 357 1217 ἀ
376 1154 562 1238 γέγραφας,
592 1148 636 1228 ὡς
662 1148 767 1218 καλόν
790 1153 982 1232 ἐπικουρεῖν
1003 1146 1069 1216 ἀπὸ

62 1253 195 1326 πολλῶν
205 1260 273 1324 τοῖς
286 1253 453 1333 δεομένοις
462 1253 517 1320 καὶ
529 1248 572 1328 ὡς
583 1248 680 1336 ἥδιον
692 1265 842 1317 συνεῖναι
854 1253 907 1318 καὶ
918 1271 1070 1317 συνευω-

61 1355 190 1431 χεῖσθαι
211 1359 279 1422 τοῖς
295 1350 450 1433 πένησιν,
472 1346 523 1416 ἀεὶ
544 1352 755 1433 διετελοῦμεν
770 1347 876 1427 οὕτως
896 1355 1071 1424 ποιοῦντες

61 1446 233 1508 ἰσοδίαιτοι
244 1453 464 1525 καθεστιτες,
484 1445 528 1524 ὡς
542 1442 586 1513 ἀν
600 1450 683 1534 μηδὲ
695 1445 755 1514 τόν
770 1453 953 1533 συνδαίτην
966 1443 1070 1513 αὐτόν

61 1542 279 1608 αἰτιάσασθαί
288 1569 327 1608 τι.
343 1547 394 1612 37.
407 1549 440 1611 οί
450 1545 486 1611 δὲ
497 1543 621 1630 ὀλίγων
632 1549 669 1613 έν
679 1545 763 1633 ἀρχῇ
775 1552 907 1613 δεῖσθαι
918 1544 1069 1629 φάσκον-

60 1664 130 1721 τες,
158 1639 334 1724 ἐπειδήπερ
358 1638 444 1720 ἀπαξ
467 1640 579 1720 αὐτοῖς
600 1641 851 1730 ἀνεπετάσαμεν
869 1641 927 1722 τάς
949 1644 1069 1725 θύρας,

61 1736 125 1805 οὐκ
139 1734 277 1806 ἀνίεσαν
292 1737 375 1806 ἀλλα
392 1738 445 1808 ἐπ’
463 1740 575 1820 ἀλλοις
591 1749 776 1819 αἰτοῦντες·
805 1748 836 1809 εἰ
850 1742 885 1809 δὲ
900 1739 943 1827 μὴ
962 1742 1070 1808 πάντα

61 1836 169 1915 εὐθὺς
183 1839 265 1922 μηδὲ
286 1837 369 1922 πρδς
386 1847 463 1917 ἔπος
480 1841 702 1928 λαμβάνοιεν,
726 1840 809 1928 ὀργὴ
826 1843 880 1908 καὶ
901 1856 995 1925 μῖσος
1017 1841 1071 1908 καὶ

60 1937 233 2021 πρόχειροι
251 1941 288 2004 αί
306 1945 529 2024 βλασφημίαι·
559 1935 623 2007 κάν
640 1950 674 2009 εἰ
684 1968 714 2007 τι
731 1941 965 2020 έπιψεύδοιντο
980 1937 1070 2024 ἡμῖν,

60 2034 137 2104 ἀλλ’
155 2037 190 2102 οἵ
209 2061 246 2121 γε
271 2034 452 2115 ἀκούοντες
470 2041 643 2106 ἐπίστευον
659 2035 702 2106 ἀν
724 2036 767 2116 ὡς
785 2037 931 2124 ἀκριβῶς
947 2036 1072 2104 εἰδόσιν
1125 2048 1128 2054 “

59 2140 97 2202 ἐκ
112 2142 174 2202 τοῦ
189 2138 437 2221 συγγεγονέναι.
463 2135 546 2203 ὥστε
560 2142 656 2205 δυοῖν
668 2139 831 2221 θάτερον,
846 2132 924 2222 ἢμη
937 2133 1071 2200 διδόντα

59 2229 186 2318 ἐχθρόν
208 2231 292 2299 εἶναι
315 2234 447 2312 πάντως
468 2240 533 2302 ἔδει
554 2232 576 2322 ἢ
598 2237 707 2303 πάντα
734 2237 934 2320 προιέμενον
954 2229 1071 2298 αύτίκα

59 2334 151 2419 μάλα
162 2335 324 2398 πένεσθαι
333 2335 387 2400 καὶ
396 2339 463 2399 τῶν
473 2333 658 2401 αἰτούντων
666 2335 720 2402 καὶ
730 2333 834 2400 αὐτόν
846 2331 938 2401 εἶναι.
954 2337 1005 2398 38.
1017 2332 1071 2397 καὶ

60 2432 100 2498 τά
117 2429 181 2515 μὲν
200 2429 284 2497 ἀλλα
300 2436 432 2517 μέτρια·
461 2435 497 2499 ἐν
515 2434 551 2500 δὲ
567 2447 634 2510 τοῖς
654 2439 801 2509 δείπνοις
822 2429 934 2508 αὐτοῖς
948 2427 1071 2515 ἀμελη-

59 2553 127 2598 σαν
150 2557 182 2607 ες
209 2540 270 2597 τοῦ
295 2535 523 2617 ἐμπίπλασθαι
550 2535 603 2600 καί
629 2538 863 2616 γαστρίζεσθαι
886 2532 939 2596 καὶ
966 2529 1069 2609 αὐτοί,

58 2559 199 2698 έπειδάν
216 2637 331 2698 πλεῖον
352 2637 413 2697 τοῦ
428 2636 548 2698 ἱκανοῦ
568 2633 745 2716 ἰμιιίωσιν,
768 2626 924 2715 ἢπαιδός
945 2625 1070 2707 ὡραίου
1088 2645 1138 2701 417

57 2725 187 2814 μεταξύ
210 2726 394 2808 ἀναδόντος
411 2729 446 2796 τό
467 2735 600 2816 ἔκπωμα
616 2735 737 2809 ἔνυξαν
752 2729 813 2815 τὴν
833 2743 923 2813 χεῖρα
944 2724 964 2812 ἢ
987 2735 1072 2792 παλ-

57 2835 148 2916 λακῇ
173 2824 193 2913 ἦ
216 2835 340 2916 γαμετῇ
361 2830 495 2912 γυναικὶ
519 2833 746 2915 ἐπεχείρησανΙ
780 2826 847 2894 εἶτα
871 2828 1071 2910 κατεμέσαν-

56 2953 113 3004 τες
130 2934 192 2993 τοῦ
210 2933 398 3012 συμποσίου
420 2927 452 3004 ε’ς
474 2925 535 3012 τὴν
552 2926 728 3009 ὑστεραίαν
744 2931 976 3007 λοιδοροῦνται
993 2920 1071 3010 ἡμῖν

57 3025 301 3109 κατελθόντες,
317 3022 360 3100 ως
377 3027 536 3111 ἐδίνηοαν
547 3032 600 3094 καὶ
616 3023 659 3104 ὡς
674 3033 758 3116 λιμῷ
770 3033 922 3110 συνησαν
933 3024 1071 3109 διηγού-

57 3149 168 3212 μενοι.
193 3127 246 3190 καὶ
263 3133 296 3192 εἰ
305 3142 359 3190 σοι
370 3131 473 3189 ταῦτα
486 3126 754 3204 καταψεύδεσθαι
770 3123 882 3191 αὐτων
895 3129 1070 3208 δοκοῦμεν,

57 3221 123 3291 τόν
147 3219 309 3308 ὑμέτερον
333 3221 516 3303 παράσιτον
541 3222 773 3309 ἀναμνήσθητι
794 3220 854 3289 τόν
878 3223 1009 3306 Ἰξίονα,
1036 3220 1072 3299 ὃς

56 3321 220 3401 ἀξιωθεὶς
238 3329 351 3408 κοινῆς
372 3325 546 3407 τραπέζης,
572 3320 698 3408 ἀξίωμα
719 3333 793 3390 ἴσον
814 3330 898 3409 ἔχων
914 3321 1009 3407 ὑμῖν.
1033 3327 1072 3407 τῇ

56 3419 153 3510 Ἥρᾳ
168 3421 353 3506 μεθυσθεὶς
366 3422 522 3506 ἐπεχείρει
539 3417 556 3487 ὁ
572 3437 733 3506 γενναῖος.
756 3428 808 3490 39.
826 3420 919 3489 ταῦτ’
936 3422 1002 3488 ἐστὶ
1017 3421 1072 3486 καί

58 3518 99 3588 τά
121 3529 278 3606 τοιαῦτα,
302 3517 362 3605 ὑφ’
385 3511 434 3586 ἀν
454 3517 546 3606 ἡμεῖς
561 3521 835 3606 ἐβουλευσάμεθα
852 3519 935 3672 no&
949 3519 985 3586 τδ
1000 3527 1072 3588 λοι-

150 3631 256 3670 wem,
279 3616 322 3670 111.
971 3618 974 3623 '
