2625 4092
269 282 388 341 ΠΕΡΙ
409 282 504 343 ΤΗΣ
522 281 709 340 mm
729 281 865 341 OEOY.
1006 280 1067 342 341

64 452 101 508 ἑν
122 455 191 520 ταῖς
212 438 310 521 ὁδοῖς.
344 439 361 508 ό
384 442 498 529 μέντοι
515 437 712 525 Ἀλκιδάμας
734 438 839 508 αὐτοῦ
854 446 998 526 ἔμεινεν·
1029 455 1070 508 ου

63 538 128 625 γάρ
145 539 367 628 ἠδυνήθησαν
388 542 539 627 ἐκβαλεῖν
555 538 615 605 τόν
632 536 757 623 ἄνδρα,
779 544 847 607 ἐπεὶ
868 538 954 620 ἅπαξ
968 565 1070 607 κατα-

63 639 177 727 βαλών
189 638 309 709 ἑαυτόν
318 642 369 708 έπὶ
378 646 435 726 τῆς
445 646 558 723 κλίνης
568 646 713 724 πλαγίως
722 636 893 707 ἐκάθευδε.
907 644 957 707 48.
968 637 1069 706 τοῦτό
1087 657 1137 715 451

63 758 118 805 σοι
129 742 229 818 τέλος,
248 730 362 806 ἀκαλὲ
375 745 497 815 Φίλων,
512 740 639 821 ἐγένετο
652 743 713 804 τοῦ
727 742 926 824 συμποσίου,
944 731 1070 822 ἧάμει-

63 862 126 902 νον
144 835 179 904 τό
195 834 354 922 τραγικόν
371 839 477 904 έκεῖνο
493 838 650 917 ἐπειπεῖν,

231 967 348 1031 πολλαὶ
362 963 487 1048 μορφαὶ
504 967 572 1029 τῶν
586 966 779 1046 δαιμονίων,

231 1058 336 1143 πολλά
352 1056 383 1127 δ’
402 1058 548 1137 ἀέλπτως
561 1064 736 1141 κραίνουσι
750 1063 837 1142 θεοί,

230 1160 285 1227 καλ
300 1159 338 1227 τά
353 1151 529 1243 δοκηθέντ’
547 1154 609 1224 οὐκ
625 1157 795 1240 ἐτελέσθη·

62 1284 296 1374 ἀπροσδόκητα
315 1284 380 1370 γάρ
402 1282 445 1363 ὡς
466 1283 601 1369 ἀληθῶς
621 1281 727 1369 ἀπέβη
745 1283 799 1347 καὶ
818 1288 931 1347 ταῦτα.
963 1284 1068 1348 έκεῖνο

62 1382 242 1467 μεμάθηκα
253 1382 328 1469 ἤδη,
340 1380 383 1459 ἀς
392 1381 454 1451 οάκ
464 1380 608 1467 ἀσφαλὲς
619 1381 790 1463 ἀπρακτον
801 1378 881 1447 ὄντα
893 1386 1069 1446 συνεστιᾶ-

62 1491 146 1549 σθαι
160 1481 323 1559 τοιούτοις
339 1496 463 1565 σοφοῖς.

208 1812 346 1935 ΠΕΡΙ
378 1826 491 1935 m
522 1865 743 1951 ΣυΡιΗΣ
775 1864 931 1932 ουυυ.

152 2028 305 2095 1.-’Έστιν
317 2028 353 2093 έν
361 2034 471 2115 Συρίη
486 2027 581 2104 πόλις
593 2023 634 2093 οὐ
645 2023 772 2093 πολλόν
783 2023 848 2092 ἀπὸ
861 2032 921 2091 τοῦ
930 2023 1070 2110 Εὐφρή-

63 2153 128 2193 τεω
150 2133 317 2212 ποταμοῦ,
338 2127 487 2194 καλέεται
509 2129 545 2192 δὲ
559 2123 626 2211 Ἱρη
648 2127 703 2193 καὶ
720 2130 809 2191 ἔστιν
826 2121 880 2210 ἱρὴ
898 2130 955 2210 τῆς
969 2121 1072 2206 Ἥρης

62 2232 121 2311 της
133 2221 313 2311 Ἀσσυρίης.
343 2228 450 2290 δοκέει
470 2226 509 2291 δέ
523 2250 596 2309 μοι,
620 2224 697 2307 τόδε
718 2221 754 2290 τό
774 2222 903 2308 οὕνομα
919 2218 981 2287 οάκ
1003 2219 1070 2306 ἀμα

65 2330 103 2409 τῇ
115 2321 193 2389 πόλιΙ
205 2323 378 2409 οἰκεομένη
390 2323 535 2406 ἐγένετο,
551 2318 633 2389 ἀλλά
646 2317 682 2387 τό
695 2324 756 2406 μὲν
771 2319 908 2406 ἀρχαῖον
920 2318 1000 2386 ἀλλο
1010 2311 1070 2404 η’ν·

62 2417 147 2504 μετά
163 2423 199 2487 δὲ
215 2428 308 2503 σφίσι
327 2426 395 2485 τῶν
412 2423 495 2501 ἱρῶν
511 2419 666 2504 μεγάλων
686 2421 894 2503 γιγνομένων
909 2421 941 2495 ές
957 2418 1032 2483 τόδε
1047 2444 1067 2502 η
1089 2433 1140 2487 452

63 2522 238 2603 ἐπωνυμίη
255 2514 398 2584 ἀπίκετο.
431 2519 505 2600 περὶ
521 2517 642 2600 ταύτης
665 2507 714 2581 dv
729 2522 785 2600 της
805 2514 919 2593 πόλιος
936 2520 1071 2599 ἔρχομαι

49 2617 168 2699 ’ἐρέων
183 2612 286 2682 ὁκόσα
304 2616 340 2681 έν
356 2610 439 2701 αὕτη
454 2615 558 2682 ἐστιν·
580 2614 662 2694 ἐρέω
680 2614 715 2680 δὲ
731 2616 785 2679 καὶ
801 2612 942 2698 νόμους,
964 2626 1070 2679 τοῖσιν

64 2716 98 2791 ἐς
115 2708 154 2777 τά
169 2711 225 2795 ίρά
240 2716 410 2799 χρέονται,
433 2714 486 2779 καί
505 2710 713 2795 πανηγύριας
727 2707 785 2787 τάς
798 2708 917 2794 ἀγουσι
933 2711 985 2775 καὶ
1003 2721 1070 2780 θυ-

62 2817 138 2887 σίας
154 2808 212 2888 τάς
233 2812 465 2878 ἐπιτελέουσιν.
500 2810 581 2890 έρέω
602 2808 637 2893 δὲ
658 2804 761 2873 ὁκόσα
776 2809 831 2875 καὶ
851 2808 926 2889 περὶ
945 2814 1013 2872 των
1032 2829 1069 2871 το

62 2909 141 2989 ιρόν
157 2912 340 2994 εἱσαμένων
359 2910 623 2995 μυθολογέουσι,
645 2908 699 2972 καλ
720 2905 780 2972 τόν
795 2904 877 2991 νηόν
898 2903 983 2983 ὅκως
998 2908 1070 2991 έγέ-

63 3030 151 3071 υετο.
185 3004 306 3090 γράφω
324 3002 359 3073 δὲ
379 3003 550 3087 Ἀσσόριυς
571 3003 651 3087 έωυ,
674 3007 729 3072 καὶ
744 3011 811 3071 τῶν
826 3002 1010 3089 ἀπηγέομαι
1032 3000 1070 3072 τά

63 3104 127 3188 μὲν
142 3099 283 3189 αὐτοψίῃ
295 3108 433 3187 ἔμαθον,
452 3100 490 3167 τά
505 3104 540 3168 δὲ
553 3101 642 3181 παρά
656 3109 722 3168 τῶν
732 3103 832 3188 ἱρέων
843 3102 954 3188 ἐδάην,
968 3095 1071 3170 ὁκόσα

63 3204 164 3269 ε’όντα
180 3204 258 3285 ἐμεῦ
275 3202 481 3289 πρεσβύτερα
499 3199 561 3286 ἐγω
580 3204 727 3285 ἱστορέω.
976 3288 979 3293 ¹

151 3306 179 3367 λ.
195 3306 328 3383 Πρῶτοι
344 3304 405 3384 μὲν
421 3290 468 3366 τόν
483 3297 688 3381 ἀνθρώπων,
705 3306 773 3365 των
784 3296 876 3384 ἡμεῖς
887 3303 992 3384 ίδμεν,
1006 3286 1072 3368 'Ac-

62 3400 199 3485 γύπτιοι
215 3402 367 3484 λέγονται
389 3405 481 3465 θεοῖν
497 3424 532 3465 τε
549 3401 683 3483 ἐννοίην
705 3404 819 3483 λαβεῖν
839 3397 893 3465 καὶ
906 3392 962 3480 ἱρά
980 3396 1072 3463 εἱσα-

63 3506 148 3563 σθαι
168 3497 222 3561 καὶ
238 3497 373 3579 τεμένεα
394 3497 448 3562 καὶ
463 3494 672 3581 πανηγύριας
692 3490 857 3571 ἀποδέξαι.
891 3500 1014 3581 πρῶτοι
1036 3491 1071 3559 δέ
