2625 4092
77 313 196 369 ΠΕΡΙ
217 314 312 372 ΤΟΥ
329 315 408 370 ΜΗ
426 315 542 371 ΡΑιΔ.
566 315 693 373 ΠΙΣΤ.
715 316 975 374 ΔΙΛΒΟΛΗι.
1022 311 1080 375 16³

77 470 327 556 ὑπορυττούσης
339 472 391 537 καὶ
404 472 481 548 τούς
489 479 666 555 θεμελίους
678 469 886 557 ὑφαιρούσης
897 477 953 556 τῆς
965 477 1078 558 διαβο-

76 575 143 653 λῆς.
168 571 218 634 21.
231 571 285 634 καὶ
295 565 335 634 τά
349 571 410 652 μέν
421 569 514 646 ἐκτὸς
525 575 635 634 ταῦτα.
660 574 802 635 έυδοθεν
817 568 852 635 δέ
865 571 983 635 πολλαὶ
996 593 1080 652 προ·
1093 621 1095 628 .
1141 642 1143 646 ,

73 671 184 733 δοσίαι
196 671 475 750 συναγωνίζονται
487 662 543 741 τάς
556 680 666 749 χεῖρας
682 662 858 749 ὀρέγουσαι
870 669 924 733 καὶ
939 662 996 742 τὰς
1012 666 1078 731 πύ-

72 774 135 840 λας
143 759 352 829 ἀναπετῶσαι
362 765 415 828 καί
426 763 534 828 π’άντα
545 764 672 846 τρόπον
682 773 721 850 τη
731 762 851 830 ἁλώσει
860 770 921 831 τοῦ
932 761 1078 829 ἀκούον-

72 886 130 938 τος
147 861 501 945 συμπροθυμούμεναι.
532 869 665 942 πρῶτον
685 862 745 947 μὲν
762 859 798 928 τό
820 863 1035 947 φιλόκαινον,
1058 857 1078 926 δ

73 962 177 1044 φύσει
188 968 290 1025 πᾶσιν
301 957 495 1042 ἀνθρώποις
504 958 654 1045 ὑπάρχει,
668 963 721 1027 καὶ
733 957 770 1028 τό
782 959 954 1044 ἁψίκορον,
966 965 1077 1026 ἔπειτα

73 1061 111 1126 δὲ
127 1056 163 1125 τό
180 1055 263 1141 πρός
276 1055 316 1122 τά
331 1057 502 1138 παράδοξα
516 1065 584 1123 τῶν
598 1056 820 1142 ἀκουσμάτων
835 1056 1013 1141 ἑπόμενον·
1037 1053 1077 1122 ού

73 1155 142 1241 γάρ
165 1153 227 1222 οἷδ’
249 1153 338 1232 ὅπως
357 1152 509 1240 ἡδόμεθα
532 1156 653 1232 πάντες
675 1154 829 1235 καὶπρὸς
851 1149 909 1231 τάς
925 1150 1078 1240 λαθρηδά

72 1255 254 1338 λεγομένας
270 1256 324 1319 καὶ
340 1251 458 1337 μεστάς
474 1250 634 1330 ὑπονοίας
650 1252 767 1330 ἀκοάς·
798 1251 870 1318 οἰδα
885 1257 971 1336 γοῦν
984 1276 1077 1325 τινας
1099 1265 1150 1320 1⁶²

72 1351 182 1427 οὕτως
192 1349 296 1435 ἡδέως
308 1353 609 1435 γαργαλιζομένους
622 1350 661 1418 τά
674 1345 741 1418 εότα
756 1349 820 1417 ὑπὸ
833 1356 901 1417 τῶν
912 1354 1080 1433 διαβολῶν

74 1447 190 1530 ὥσπερ
204 1447 282 1526 τούς
297 1462 427 1530 πτεροῖς
443 1453 643 1534 κνωμένους.
667 1455 715 1517 22.
735 1446 870 1515 ἐπειδᾶν
885 1453 1001 1513 τοίνυν
1013 1443 1078 1512 ὑπὸ

73 1547 205 1612 τούτων
216 1543 375 1614 ἁπάντων
386 1549 656 1631 συμμαχούμενοι
668 1550 888 1630 προσπέσωσι,
900 1542 982 1612 κατά
995 1544 1078 1627 κρά-

71 1671 129 1722 τος
148 1650 316 1724 αἱροῦσιν,
340 1641 446 1728 οἶμαι,
470 1646 523 1711 καὶ
540 1644 618 1712 οὐδὲ
638 1643 798 1731 δυσχερὴς
820 1643 841 1730 ἡ
859 1652 933 1728 νίκη
952 1638 1075 1726 γένοιτ’

71 1739 117 1808 άν
133 1739 273 1827 μηδενός
294 1738 660 1826 ἀντιπαραταττομένου
680 1743 761 1828 μηδὲ
783 1741 997 1828 ἀμυνομένου
1018 1737 1075 1816 τάς

69 1842 277 1926 προσβολάς,
294 1838 377 1909 ἀλλά
389 1849 449 1908 τού
463 1845 524 1928 μέν
538 1841 721 1919 ἀκούοντος
736 1844 869 1917 ἑκόντος
883 1839 1004 1907 έαυτόν
1020 1843 1076 1907 ἐν·

73 1939 237 2020 διδόντος,
252 1946 312 2004 τοῦ
323 1944 584 2024 διαβαλλομένου
595 1945 631 2008 δὲ
646 1939 707 2026 τὴν
719 1940 899 2027 ἐπιβουλὴν
911 1937 1078 2023 ἀγνοοῦν-

73 2062 145 2116 τος·
175 2036 284 2119 ὥσπερ
299 2034 363 2122 γάρ
381 2041 416 2102 ἐν
433 2041 527 2104 νυκτὶ
549 2039 675 2114 πόλεως
692 2036 837 2122 ἁλούσης
853 2038 1076 2112 καθεύδοντες

72 2141 107 2203 οί
120 2137 375 2222 διαβαλλόμενοι
389 2135 601 2219 φονεύονται.
625 2142 674 2204 23.
694 2136 748 2204 καὶ
763 2132 800 2202 τό
819 2136 955 2202 πάντων
972 2143 1075 2202 οίκτι-
1095 2148 1146 2204 163

71 2255 168 2313 στου,
192 2229 209 2299 ό
230 2231 292 2317 μὲν
314 2229 375 2298 ούκ
398 2230 492 2310 είδοδς
512 2231 551 2299 τά
567 2239 770 2320 γεγενημένα
793 2235 1006 2317 προσέρχεται
1030 2237 1075 2320 τῷ

73 2341 160 2421 φίλῳ
176 2329 317 2416 φαιδρός
333 2329 391 2399 άτε
406 2333 510 2417 μηδὲν
527 2334 632 2420 ἑαυτῷ
648 2341 781 2417 φαύλου
794 2332 1076 2415 συνεπιστάμενος

72 2434 127 2498 καλ
137 2429 176 2498 τά
189 2431 322 2518 συνήθη
335 2433 422 2517 λέγει
435 2434 488 2498 καί
499 2444 596 2514 ποιεῖ,
607 2434 705 2498 παντὶ
717 2432 827 2518 τρόπῳ
840 2427 857 2496 ὁ
870 2429 988 2506 ἅθλιος
999 2433 1077 2514 ένη-

72 2534 268 2616 δρενμέυος·
298 2528 316 2597 ὁ
337 2532 373 2598 δὲ
390 2527 433 2616 ἦν
453 2530 514 2616 μέν
536 2537 592 2615 ἔχῃ
608 2556 638 2595 τι
654 2543 809 2615 γενναίου
824 2531 878 2596 καὶ
895 2527 1076 2610 ἐλεύθερον

71 2631 126 2695 καὶ
144 2628 440 2715 παρρησιαστικόν,
463 2626 568 2705 εύθὺς
585 2630 733 2713 ἐξέρρηξε
749 2626 809 2713 τὴν
827 2625 931 2712 ὀργὴν
947 2628 1000 2692 καί
1015 2623 1075 2690 τόν

67 2725 187 2810 ’θυμόν
197 2729 309 2812 ἐξέχεε,
326 2731 379 2794 καὶ
392 2731 483 2804 τέλος
494 2726 555 2813 τὴν
566 2725 750 2810 ἀπολογίαν
762 2728 977 2808 προσιέμενος
988 2729 1074 2808 έγυω
1105 2789 1107 2799 ,

72 2827 181 2910 μάτην
196 2823 278 2891 κατά
300 2834 359 2891 τού
377 2834 478 2911 φίλου
496 2828 771 2909 παρωξυμμένος·
800 2829 850 2890 24.
867 2821 909 2908 ἢν
925 2823 961 2888 δέ
975 2821 1075 2908 ἀγεν-

71 2928 225 3005 νέστερος
238 2927 292 2990 καὶ
306 2926 552 3009 ταπεινότερος,
576 2930 745 3003 προσίεται
761 2922 823 3005 μέν
842 2924 897 2990 καὶ
914 2944 1075 3006 προσμει-

71 3026 127 3108 διᾷ
140 3035 208 3098 τοῖς
218 3028 359 3104 χείλεσιν
371 3021 494 3106 ἀκροις,
511 3037 601 3107 μισεῖ
608 3024 644 3087 δὲ
659 3024 712 3087 καὶ
725 3021 835 3107 λάθρᾳ
847 3018 925 3098 τούς
936 3016 1075 3097 όδόντας

71 3124 216 3205 διαπρίει
232 3130 302 3201 καί,
324 3119 366 3198 ὥς
382 3120 400 3188 ὁ
416 3124 550 3207 ποιητής
567 3141 664 3206 φησι,
682 3122 922 3206 βυσσοδομεύει
938 3119 1000 3206 τὴν
1015 3117 1074 3203 όρ-
1096 3141 1142 3196 154

69 3218 142 3304 χήν.
167 3208 209 3283 οὑ
223 3216 263 3302 δὴ
280 3217 343 3302 ἐγω
358 3218 458 3287 οὐδὲν
474 3218 563 3304 οἶμαι
580 3219 782 3300 ἀδικώτερον
796 3218 874 3287 οὐδὲ
888 3224 1073 3300 δουλοπρε-

69 3319 247 3398 πέστερον,
262 3319 444 3385 ἐνδακόντα
457 3318 493 3385 τὸ
505 3328 610 3403 χεῖλος
622 3316 824 3400 ὑποτρέφειν
834 3315 895 3402 τὴν
905 3315 1008 3402 χολὴν
1020 3320 1073 3385 καὶ

69 3414 106 3481 τὸ
116 3429 211 3499 μίσος
220 3419 255 3480 έν
264 3415 354 3506 αὑτῷ
364 3416 598 3486 κατάκλειστον
608 3414 722 3494 αύξειν
730 3417 823 3497 ἕτερα
834 3415 894 3500 μὲν
904 3418 1074 3482 κεύθοντα

69 3514 119 3579 ε’νί
141 3521 278 3596 φρεσίν,
299 3509 381 3578 ἀλλα
401 3514 438 3577 δέ
455 3518 593 3594 λέγοντα
610 3517 664 3582 καὶ
682 3512 949 3662 ὑποκρινόμΙεχογ
970 3518 1072 3604 ἱλαρῷ
