2625 4092
202 304 314 362 ΔΗΜ
325 301 596 362 ΟΣΘΕΝΟΤΣ
614 301 897 363 ΕΓΚΩΜΙΟΝ.
988 299 1048 365 381

58 478 121 550 ιμῑν
135 462 300 548 κολάκων,
315 466 346 529 εί
355 460 507 547 ἐδεόμην,
523 457 670 538 άποστάς
684 457 794 529 ἁπλοῦ
807 487 898 539 τινος
912 464 945 540 ἐξ
956 463 1051 530 ἑλεν-

58 564 145 643 ιίρας
162 558 296 645 γνεόμης
313 556 455 626 ἀκοῦσαι
476 559 580 643 λόγου
599 561 653 626 καί
671 557 882 645 φιλαλήθους
898 566 1051 645 συμβου-

57 666 100 743 ,ης
110 665 313 744 μεταλαβεῖν.
328 662 387 723 καί
394 683 424 723 τι
436 658 490 724 καὶ
501 662 705 743 νουθετῆσαι
716 658 858 741 δίκαιον,
870 654 956 739 ὑπὲρ
968 659 1050 722 οἴων

57 757 151 823 ἷντων
171 762 238 822 των
258 754 447 841 Ἀθηναίων
464 752 526 838 τὴν
548 752 742 839 ἀχαριστίαν
763 754 873 821 πάντα
894 755 1050 841 παραβά-

56 879 132 921 ,οιτο
143 852 202 921 τὸν
213 850 318 921 αὑτοῦ
330 860 415 940 βίον,
429 850 504 931 ἐξόν
514 848 836 939 εὐγνωμονεστέρας
846 853 902 919 καί
913 858 1049 938 βεβαιο·

59 954 148 1034 έροις
163 960 345 1037 κεχρῆσθαι
362 958 480 1038 φίλοις.

126 1056 223 1117 ΑΡΧ.
242 1042 281 1115 Ὠ
295 1054 450 1135 βασιλεῦ,
474 1054 542 1114 των
559 1049 621 1134 μὲν
636 1046 748 1117 άλλων
764 1059 844 1129 λαως
861 1045 906 1117 άν
926 1054 1047 1135 ἔτυχες,

57 1151 133 1215 αντὶ
143 1148 179 1215 δὲ
188 1148 297 1232 μάτην
305 1144 349 1213 άν
356 1152 478 1231 ἔλεγες·
491 1143 597 1224 οὕτως
604 1156 753 1231 μανικοῖς
763 1149 987 1235 φιλαθήναιος
995 1140 1047 1235 ἦν.

125 1252 229 1313 ΑΝΤ.
249 1238 309 1312 Ἦν
320 1252 434 1328 ταῦτα,
452 1236 616 1329 όἏρχία·
638 1252 672 1311 τί
680 1245 746 1330 γὰρ
757 1243 866 1314 άνκαὶ
878 1249 1048 1332 λέγοιμενς

54 1341 124 1413 ῑλλά
142 1350 211 1421 πῶς
224 1342 413 1423 ἀπέθανενς

124 1448 175 1512 43.
195 1451 291 1512 APX.
313 1442 444 1521 Ἔοικας
460 1448 507 1511 ότι
521 1449 669 1529 μᾶλλον,
693 1436 890 1529 ιόβασιλεῦ,
911 1445 1048 1530 θαυμά-

53 1563 130 1609 ιειν·
152 1544 205 1609 καλ
221 1539 285 1627 γάρ
299 1539 392 1626 ἡμεῖς
403 1543 438 1608 οί
448 1544 644 1626 τεθεαμένοι
656 1543 861 1626 διαφέρομεν
876 1540 978 1609 οὐθὲν
992 1544 1047 1609 ἐκ·

52 1640 154 1726 ιλήξει
170 1667 205 1707 τε
221 1641 277 1707 καὶ
288 1638 421 1728 ἀπιστία
435 1646 503 1705 τάν
517 1638 685 1723 ὁρώντων.
708 1645 795 1707 ἔοικε
811 1636 875 1723 γάρ
889 1638 929 1725 θη
944 1640 1047 1708 πάλαι

52 1732 106 1805 ἷόε
127 1742 380 1828 βεβουλευμένην
401 1739 475 1819 περὶ
494 1744 550 1823 τῆς
567 1736 710 1823 ὑστάτης
729 1736 868 1823 ἡμέρας·
898 1742 995 1824 θηλοῑ
1011 1740 1047 1807 δὲ
1065 1750 1117 1806 622

51 1838 55 1905 ι
75 1838 279 1923 παρασκευή.
305 1844 454 1923 καθῆστο
465 1838 527 1921 μὲν
541 1836 605 1921 γάρ
621 1842 721 1904 ἔνθου
733 1841 771 1905 ἐν
784 1844 830 1927 τῷ
841 1845 924 1926 νεῷ,
938 1836 1049 1924 μάτην

51 1938 74 2002 ῑὲ
94 1943 161 2002 τῶν
175 1934 326 2019 πρόσθεν
341 1932 474 2020 ἡμερῶν
491 1935 611 2021 λόγους
625 1928 710 2022 ἦμεν
724 1936 1003 2016 καταναλωκότες.

124 2042 227 2101 ΑΝΤ.
256 2040 349 2112 Τίνες
362 2032 428 2118 γάρ
442 2027 529 2118 ἦσαν
545 2038 578 2101 οί
589 2032 670 2119 παρ’
688 2031 785 2120 ὑμῶν
801 2034 911 2121 λόγοις

125 2140 220 2200 ΑΡΧ.
242 2130 356 2201 Πολλά
372 2132 427 2199 καὶ
444 2132 670 2217 φιλάνθρωπα
686 2131 935 2220 προότεινόμην
952 2134 1047 2203 ἔλεόν

50 2256 114 2299 ινα
125 2227 214 2314 παρά
226 2236 290 2296 σοῦ
302 2231 653 2317 καθυπισχνούμενος,
671 2228 714 2299 οὐ
727 2233 816 2316 μάλα
827 2234 889 2318 μὲν
900 2238 1048 2315 προσθο-

50 2335 110 2395 εῶν
122 2370 165 2383 -
181 2324 301 2413 οὐγὰρ
316 2325 520 2413 ἠπιστάμην,
540 2326 623 2397 ἀλλὰ
635 2328 672 2397 σὲ
682 2327 778 2418 ᾤμην
790 2328 832 2397 δι’
847 2327 947 2417 ὀργῆς
961 2337 1047 2417 ἔχειν

50 2427 100 2495 ’ὃν
113 2425 299 2509 ἄνθρωπον
313 2468 355 2478 —-
372 2427 533 2512 χρήσιμον
549 2425 579 2495 θ’
596 2420 661 2495 οὖν
681 2426 765 2513 πρός
783 2426 821 2495 τό
838 2437 971 2496 πείθειν
986 2456 1048 2498 νο-

50 2532 150 2607 ιίζων.

125 2631 228 2693 ΑΝΤ.
245 2622 282 2692 ‘0
297 2624 332 2692 θλ
348 2632 417 2703 πως
432 2634 585 2707 προσίετο
601 2623 681 2701 τοὺς
694 2624 834 2710 λόγονς;
855 2630 915 2691 καί
926 2650 966 2709 με
982 2650 1046 2710 μη-

50 2723 97 2789 λεν
110 2720 306 2811 άποκρόφη’
328 2725 470 2810 μάλιστα
480 2724 541 2809 μὲν
551 2721 614 2809 γάρ
627 2720 792 2809 αὐτήκοος
804 2718 848 2789 άν
860 2722 1048 2810 ἐβουλόμην

50 2817 157 2903 τυρόν
174 2818 257 2887 εἶναι
275 2828 348 2889 νῦν.
378 2820 462 2890 άλλά
478 2823 521 2889 σύ
538 2849 574 2907 γε
594 2818 638 2908 μὴ
657 2828 846 2910 παραλίπῃς
862 2824 983 2908 μηδέν·
1005 2819 1047 2887 οὐ

50 2920 103 3001 ιάρ
115 2946 166 2986 τοι
177 2916 320 3005 σμικρόν
332 2924 447 3007 ἔργον,
460 2914 546 3007 ἦθος
557 2918 682 3001 ἀνδρὸς
693 2927 852 3006 γενναίου
863 2917 946 3002 πρός
958 2918 1048 3007 αὐτῷ

50 3025 84 3107 ’ςό
102 3022 187 3087 τέλει
207 3025 267 3084 τοῦ
284 3025 361 3105 βίον
376 3029 597 3104 καταμαθεῖν,
618 3017 762 3102 πότερον
777 3016 897 3096 άτονος
910 3019 965 3086 καὶ
979 3044 1048 3084 νω-

50 3112 125 3199 θρὸς
137 3108 210 3201 ἦνῆ
223 3117 435 3186 παντάπασιν
445 3114 576 3195 άκλινὲς
586 3115 622 3183 τό
639 3126 697 3203 τῆς
707 3124 815 3204 ψυχῆς
829 3116 950 3202 όρθιον
961 3120 1047 3204 ἐφό-

50 3239 166 3281 ,αττεν

123 3316 174 3379 44.
196 3319 292 3379 APX.
318 3310 429 3380 Οὐθὲν
443 3311 642 3382 ὑπέστελλεν
658 3315 783 3393 ἐκεῖνός
802 3338 849 3401 γε.
878 3320 949 3393 πῶς
964 3315 1044 3399 γάρ;

50 3413 76 3490 λς
90 3408 156 3499 ἡθό
173 3413 316 3498 γελάσας
327 3410 410 3497 κάμὲ
423 3409 464 3499 δὴ
475 3414 638 3481 σκάπτων
653 3421 700 3493 είς
711 3412 772 3482 τόν
783 3414 950 3500 πρότερον
959 3421 1045 3502 βίον,

50 3506 212 3577 ἷπίθανον
227 3516 290 3596 ἔφη
305 3535 346 3596 με
362 3508 545 3598 ὑποκριτὴν
560 3512 644 3581 εἶναι
665 3522 732 3582 τῶν
748 3524 818 3582 οων
833 3517 1045 3600 ψευσμάτων.
