2625 4092
352 311 472 370 ΠΕΡΙ
491 311 791 370 ΠΑΡΑΣΙΤΟΤ.
1027 296 1069 362 3Ί

67 469 105 539 δὲ
127 472 181 538 καί
201 469 261 555 τὴν
278 475 481 556 φιλοσοφίαν
501 467 543 535 ού
566 467 649 535 κατὰ
673 465 713 534 τά
734 466 818 536 αύτά
840 465 1075 550 καὶτόσαύτως

67 573 229 654 ἔχουσαν,
251 568 367 650 ἑτέρως
380 565 442 652 μὲν
455 564 520 650 γάρ
534 563 718 655 Ἐπικούρῳ
733 569 827 633 δοκεῖ
842 563 884 633 τά
897 566 1074 653 πράγματα

66 670 173 750 ἔχειν,
191 665 307 747 ἑτέρως
323 662 359 730 δὲ
371 677 439 741 τοῖς
454 661 519 730 ἀπό
534 671 591 749 τῆς
604 670 730 747 Στοᾶς,
746 663 864 746 ἑτέρως
878 663 915 732 δὲ
928 678 996 742 τοῖς
1006 663 1071 731 ἀπὸ
1090 684 1140 741 857

66 767 126 846 της
140 757 353 846 Ἀκαδημίας,
371 762 488 844 ἑτέρως
502 761 538 828 δὲ
553 775 621 836 τοῖς
637 757 703 826 ἀπό
720 767 782 826 τοῦ
794 760 1003 846 Περιπάτου,
1018 764 1074 829 καὶ

67 855 183 935 ἀτελῶς
194 857 293 937 ἀλλος
302 857 408 943 ἀλλην
416 855 505 937 ἀξιοῖ
511 856 574 943 τὴν
583 864 787 942 φιλοσοφίαν
798 855 899 925 εἶναι·
914 857 1074 943 καὶμέχρι

66 983 106 1042 γε
129 963 194 1023 νῦν
214 956 292 1024 οὔτε
314 961 347 1024 οἱ
360 953 454 1024 αὐτοὶ
469 957 606 1042 γνώμης
622 963 804 1039 κρατοῦσιν
823 953 901 1023 οὔτε
920 953 1032 1024 αὐτῶν
1051 953 1073 1040 ἡ

68 1055 165 1139 τέχνη
180 1060 239 1139 μία
259 1060 420 1140 φαίνεται.
451 1054 484 1132 ἐξ
502 1044 551 1120 άν
564 1059 667 1139 δῆλον
681 1051 701 1121 ό
714 1080 746 1121 τι
762 1059 998 1140 τεκμαίρεσθαι
1012 1080 1074 1121 κα-

67 1157 266 1220 ταλείπεται.
295 1148 401 1237 ἀρχὴν
420 1150 485 1236 γάρ
507 1176 591 1236 φημι
608 1155 692 1236 μηδὲ
713 1150 798 1220 εἶναι
815 1157 933 1237 τέχνην
953 1143 992 1238 ἧς
1010 1147 1074 1219 ούκ

68 1255 160 1318 ἔστιν
181 1246 372 1327 ὑπόστασις.
405 1250 475 1317 ἐπεὶ
488 1255 522 1316 τί
537 1249 578 1334 δή
593 1275 688 1331 ποτε;
715 1247 918 1337 ἀριθμητικὴ
932 1249 994 1334 μὲν
1016 1256 1073 1334 μίιι

68 1347 137 1414 ἐστὶ
149 1347 204 1414 καὶ
218 1343 239 1432 ἡ
253 1343 336 1432 αὐτὴ
353 1348 407 1414 καὶ
422 1347 471 1424 δὶς
485 1347 548 1414 δύο
566 1348 655 1432 παρά
671 1374 706 1415 τε
721 1347 800 1434 ἡμῖν
814 1351 869 1415 καὶ
883 1347 973 1430 παρά
984 1349 1074 1431 Πέρ-

67 1463 143 1522 σαις
158 1445 296 1528 τέτταρά
310 1448 378 1514 ἐστι
389 1447 443 1513 καὶ
460 1461 638 1532 συμφωνεῖ
652 1455 755 1514 ταῦτα
771 1449 826 1516 καὶ
840 1443 930 1531 παρά
939 1444 1074 1531 Ἕλλησι

66 1544 123 1612 καὶ
146 1544 346 1631 βαρβάροις,
374 1550 574 1630 φιλοσοφίας
600 1544 635 1613 δὲ
661 1542 785 1622 πολλάς
810 1546 864 1612 καὶ
889 1542 1075 1630 διαφόρους

68 1635 202 1727 δρῶμεν
213 1643 267 1710 καὶ
278 1639 356 1710 ούτε
366 1639 424 1720 τάς
433 1639 536 1728 ἀρχάς
546 1641 623 1709 ούτε
632 1641 673 1710 τά
683 1646 760 1728 τίλη
770 1642 937 1728 σύμφωνα
946 1646 1072 1710 πασῶν.

157 1743 253 1806 m
273 1735 394 1824 Ἀληθῆ
409 1741 530 1824 λέγεις·
549 1744 629 1823 μίαν
642 1737 705 1824 μλν
717 1738 783 1824 γάρ
797 1738 859 1824 τὴν
870 1744 1074 1824 φιλοσοφίαν

68 1833 154 1903 εἶναι
169 1839 343 1920 λέγουσιν,
359 1833 453 1903 αύτοὶ
471 1837 507 1903 δὲ
521 1833 629 1921 αὐτὴν
645 1843 779 1904 ποιοῦσι
794 1836 926 1914 πολλάς.

153 1939 206 2003 28.
220 1940 318 2003 ΠΛΡ.
341 1937 408 2002 Καὶ
422 1932 489 2021 μὴν
503 1937 558 2003 καὶ
572 1933 631 2013 τάς
644 1937 707 2020 μὲν
717 1933 818 2013 ἀλλος
828 1938 960 2021 τέχνας,
975 1942 1006 2004 εί
1017 1940 1077 2003 καί
1090 1947 1144 2004 868

67 2057 98 2099 τι
114 2029 200 2102 κατά
220 2032 342 2110 ταύτας
356 2030 564 2119 ἀσύμφωνον
581 2042 648 2119 είη,
670 2028 736 2100 κάν
749 2035 913 2115 παρέλθοι
927 2058 976 2110 τις
990 2052 1075 2118 συγ-

68 2127 205 2215 γνάμης
225 2127 383 2215 ἀξιώσας,
406 2131 474 2198 ἐπεὶ
489 2134 584 2217 μέσαι
601 2156 637 2198 τε
658 2135 796 2199 δοκοῦσι
809 2133 865 2198 καὶ
882 2135 918 2198 αί
931 2130 1076 2216 καταλή-

68 2240 143 2305 ψεις
154 2225 267 2294 αὐτῶν
279 2225 341 2296 ούιι
356 2231 440 2298 εἰσὶν
449 2228 687 2315 ἀμετάπτωτοι.
710 2235 915 2315 φιλοσοφίαν
926 2229 962 2296 δὲ
971 2234 1020 2306 τίς
1030 2223 1075 2294 ἀν

68 2327 124 2392 καὶ
139 2322 317 2412 ἀνάσχοιτο
337 2326 382 2414 μὴ
397 2335 477 2414 μίαν
493 2327 576 2396 εἶναι
592 2331 647 2396 καὶ
664 2331 747 2413 μηδὲ
765 2325 952 2412 σύμφωνον
968 2323 1075 2412 αὐτὴν

69 2425 173 2512 ἑαυτῇ
189 2431 316 2509 μᾶλλον
336 2433 404 2494 τῶν
420 2424 590 2512 ὁργάνωυ;
618 2433 676 2512 μία
691 2426 754 2512 μὲν
767 2419 833 2494 οὖν
852 2425 915 2494 ούκ
929 2432 998 2496 ἔστι
1015 2452 1075 2511 φι-

69 2527 230 2606 λοσοφία,
252 2524 363 2610 ἐπειδὴ
384 2521 452 2608 ὁρῶ
468 2527 523 2592 καί
541 2523 682 2609 ἀπειρον
695 2517 818 2592 οὖσαν·
847 2527 966 2594 πολλοὶ
979 2523 1016 2592 δὲ
1032 2522 1074 2591 ού

70 2621 234 2687 δύνανται
251 2619 351 2705 είναι,
369 2624 544 2710 ἐπειδήπερ
559 2619 580 2709 ἡ
595 2628 778 2708 φιλοσοφία
793 2629 859 2707 μία.
883 2629 934 2693 29.
952 2620 1076 2708 ὁμοίως

70 2719 106 2786 δὲ
124 2721 180 2786 καὶ
198 2723 274 2803 περὶ
293 2727 350 2805 τῆς
366 2717 580 2800 ὑποστάσεως
600 2727 658 2808 τῆς
674 2723 851 2807 ῥητορικῆς
867 2719 970 2788 ταύτά
991 2728 1074 2806 φαίη

68 2843 119 2896 τις
133 2813 193 2883 ἀν·
224 2815 260 2884 τό
276 2815 430 2904 γάρπερὶ
450 2817 525 2898 ἑνός
540 2821 763 2904 προκειμένου
782 2816 885 2886 ταύτὰ
900 2818 945 2906 μὴ
964 2822 1075 2904 λέγειν

69 2913 237 2996 ἅπαντας,
255 2913 340 2983 ἀλλά
354 2917 464 3004 μάχην
478 2916 562 2986 είυαι
578 2925 686 3004 φορᾶς
700 2917 892 3002 ἀντιδόξου,
910 2917 1076 2998 ἀπόδειξις

70 3021 207 3101 μεγίστη
221 3021 281 3081 τοῦ
294 3017 377 3101 μηδὲ
393 3015 454 3102 τὴν
468 3015 574 3104 ἀρχὴν
587 3017 671 3087 εἶναι
688 3025 786 3087 τοῦτο
801 3009 844 3084 οὗ
858 3025 916 3104 μία
930 3017 1075 3103 κατάλη-
1176 3101 1180 3110 ¹

71 3127 128 3194 ψις
141 3111 205 3184 ούκ
219 3118 303 3208 ἔστι·
325 3113 362 3183 τό
380 3115 445 3202 γάρ
457 3123 563 3203 ζητεῖν
573 3117 622 3201 τό,
640 3125 674 3186 τί
684 3125 814 3203 μᾶλλον
828 3115 910 3185 αύτό
926 3119 1005 3202 ἐστι,
1020 3118 1076 3187 καί

72 3211 108 3280 τό
124 3215 287 3299 μηδέποτε
304 3211 479 3301 ὁμολογεῖν
495 3222 575 3301 μίαν
590 3214 693 3300 εἶναι,
708 3223 808 3284 τοῦτο
823 3213 930 3302 αὐτὴν
945 3213 1078 3298 ἀναιρεῖ
1091 3225 1147 3280 859

73 3319 133 3379 τοῦ
143 3313 347 3398 ζητουμένου
357 3309 418 3398 τὴν
431 3311 556 3382 οὐσίαν.
580 3319 630 3383 30.
645 3311 665 3398 ἡ
678 3317 792 3399 μέντοι
804 3311 1003 3401 παρασιτικὴ
1014 3311 1076 3399 ούχ

74 3407 180 3488 οὕτως
194 3415 277 3494 ἔχει,
295 3407 378 3478 ἀλλά
400 3415 454 3479 καὶ
468 3414 505 3478 ἐν
515 3409 648 3499 Ἕλλησι
665 3416 720 3481 καὶ
734 3413 916 3502 βαρβάροις
932 3418 991 3498 μία
1006 3412 1076 3480 ἐστὶ

75 3507 225 3576 καὶκατὰ
243 3506 346 3576 ταύτὰ
361 3512 416 3576 καὶ
433 3507 606 3592 ὡσαύτως,
630 3512 685 3578 καὶ
701 3509 764 3578 ούκ
784 3507 829 3587 ἀν
844 3520 930 3578 εἴποι
945 3537 995 3588 τις
1016 3509 1077 3579 ἀλ-
