2625 4092
244 294 307 357 250
606 297 893 356 AOYKIANOT

325 465 467 526 ΜΟῬΣ.
491 457 562 525 Οὐκ
580 462 661 542 ἔχει,
683 449 920 540 άμαννάριον.

328 562 439 623 ΜΗΤ.
464 555 581 632 Μόνος
594 547 692 630 οὗτος
703 549 744 619 οὐ
758 554 876 637 τέχνην
894 550 1036 639 εὕρηκεν
1049 555 1100 621 ἐπὶ
1114 550 1175 619 τὸν
1185 577 1240 617 πα-

242 657 336 737 τέρα,
360 651 421 719 οὐκ
435 655 566 738 οἰκέτην
582 659 734 737 καθῆκεν
751 650 1012 736 ἐξαπατήσοντα,
1036 651 1100 719 οὐκ
1115 649 1180 717 άπὸ
1195 657 1243 733 της

243 747 365 835 μητρὸς
379 749 500 838 ᾔτησεν
510 748 690 835 άπειλήσας
706 745 991 816 ἀποπλευσεῖσθαι
1007 747 1244 832 στρατευσόμε-

242 874 309 932 νος,
326 853 356 915 εί
365 845 409 933 μὴ
422 848 530 934 λάβοι,
549 845 632 916 ἀλλὰ
645 847 790 932 κάθηται
804 845 889 933 ἡμᾶς
900 851 1079 934 ἐπιτρίβων
1093 849 1178 934 μήτε
1188 845 1244 912 αά-

243 942 298 1022 τὸς
314 942 427 1022 διδοὺς
442 945 523 1030 μήτε
538 943 627 1030 παρά
644 952 712 1012 τῶν
727 945 891 1013 διδόντων
907 949 970 1013 ἐῶν
986 947 1188 1034 λαμβάνειν;
1208 939 1244 1010 σι)

244 1047 279 1112 δὲ
295 1054 374 1112 οίει.
396 1037 656 1163 οἷΜουσάριον,
680 1043 903 1112 ὀκτωκαίδεκα
927 1048 1010 1112 ἐτων
1026 1044 1076 1112 άελ
1099 1052 1246 1121 ἔσεσδαα

242 1139 263 1262 ή
278 1141 318 1211 τά
335 1138 420 1209 αάτά
436 1144 619 1259 φρονήσειν
634 1141 842 1227 Χαιρέαν,
822 1170 904 1210 οταν
918 1152 1045 1232 πλουτῇ
1061 1146 1124 1228 μὲν
1140 1140 1245 1223 αὐτός,

243 1271 262 1328 η
251 1240 374 1310 ξ’δέ
330 1268 437 1327 μητηρ
451 1243 562 1328 γάμου
576 1241 828 1309 πολυτάλαντον
839 1239 1011 1328 έξεάρη’
969 1249 1075 1331 αυτῷ;
1094 1240 1242 1327 μνησθή-

243 1361 334 1406 σεται
351 1346 397 1406 ἐτι
405 1350 515 1425 ,ολει,
540 1341 613 1407 τότε
634 1347 702 1405 τῶν
721 1335 920 1420 δακρύων”
898 1367 919 1424 η
936 1347 1003 1406 τῶν
1018 1309 1245 1424 φιλημάτωνῆ

244 1445 312 1505 τῶν
327 1463 439 1518 ορκων
455 1442 552 1504 πέντε
568 1447 647 1515 λσως
661 1437 806 1504 τάλαντα
822 1435 960 1520 προικὸς
974 1440 1124 1524 βλέπων,

327 1541 467 1602 Mora
490 1535 735 1621 Μνησθήσεται
750 1537 888 1612 ἐκεῖνος·
912 1540 1026 1621 δεῖγμα
1042 1532 1135 1618 δέ,
1113 1561 1159 1612 ως
1173 1531 1245 1600 οὐδε

243 1639 307 1698 νῦν
322 1635 526 1721 γεγάμηκεν,
544 1631 627 1702 άλλα
645 1634 974 1718 καταναγκαζόμενος
988 1636 1042 1702 καὶ
1057 1633 1246 1720 βιαζόμενος

241 1726 418 1815 ἠρνήσατο.

326 1837 438 1899 ΜΗΤ.
460 1835 596 1899 Γένοιτο
611 1827 655 1916 μή
674 1832 869 1906 ψεύδεσθαι.
892 1829 1074 1919 ἀναμνήσω
1093 1837 1131 1900 δέ
1146 1855 1200 1915 σε,
1223 1824 1245 1897 ά

242 1929 461 2012 Μουσάριον,
478 1929 560 1996 τότε.
1303 1926 1304 1937 ’

726 2122 758 2185 8.

173 2227 224 2283 299
462 2229 691 2283 ΑΜΠΕΛΙΣ
722 2234 807 2286 ΚΑΙ
834 2232 1029 2285 mmm.

327 2337 354 2400 1.
373 2339 486 2400 ΑΜΠ.
502 2331 611 2412 Ὅστις
627 2340 679 2417 δέ,
702 2330 865 2421 άΧρυσί,
882 2335 963 2422 μήτε
980 2341 1158 2422 ζηλοτυπεῖ
1169 2336 1245 2420 μήτε

242 2429 403 2518 ὀργίζεται
418 2433 499 2516 μήτε
520 2432 681 2516 ἐρράπισέ
693 2460 771 2502 ποτε
785 2431 807 2520 ή
825 2437 1029 2518 περιέκειρεν
1044 2430 1065 2519 ἢ
1080 2432 1120 2501 τά
1137 2434 1246 2519 ἱμάτια

240 2533 462 2615 περιέσχισεν,
480 2535 527 2597 ἐτι
544 2531 681 2616 ἐραστής
697 2533 821 2612 ἐκεῖνός
838 2535 944 2613 ἐστιν,

325 2635 451 2696 ΧΡΓΣ.
482 2627 619 2697 Οὐκοῦν
642 2639 746 2698 ταῦτα
766 2632 854 2716 μόνα
874 2633 1033 2714 ἐρῶντος,
1056 2624 1083 2697 ὦ
1103 2627 1244 2716 Ἀμπελί,

242 2733 415 2815 δείγματος
1301 2810 1302 2817 ,

326 2836 436 2896 ΑΜΠ.
460 2835 543 2913 Ναί,
560 2828 654 2896 ταῦτ’
673 2829 796 2915 άνδρός
811 2839 959 2917 θερμοῦ·
979 2832 1049 2898 ἐπεὶ
1060 2823 1174 2911 τᾶλλα,
1190 2855 1242 2912 φιτ
1301 2850 1302 2857 ’

240 2928 367 3013 λήματα
386 2930 440 2995 καὶ
455 2929 583 3010 δάκρυα
596 2932 650 2997 καὶ
665 2927 760 3013 ὅρκοι
776 2936 832 2999 καλ
846 2930 882 2999 τό
899 2931 1058 3008 πολλάκις
1073 2929 1170 3016 ήκειν
1184 2927 1243 3010 άρ-

239 3029 383 3112 χομένου
404 3030 524 3109 ἔρωτος
543 3043 680 3112 σημείου
698 3030 752 3096 καὶ
775 3033 949 3116 φυομένου
969 3035 1033 3098 ἐτι·
1067 3028 1104 3096 τδ
1122 3031 1159 3097 δέ
1178 3034 1242 3106 πῦρ

239 3122 321 3191 ὅλον
336 3127 371 3190 ἐκ
386 3131 443 3209 της
458 3130 652 3209 ζηλοτυπίας
668 3130 765 3194 ἐστίν.
788 3126 871 3195 ὥστε
886 3133 917 3194 εί
929 3131 983 3194 καλ
998 3131 1050 3212 σέ,
1067 3126 1112 3207 ὡς
1126 3127 1207 3213 φής,
1225 3122 1241 3189 ὁ

238 3229 381 3307 Γοργίας
398 3225 523 3308 ῥαπίζει
539 3226 593 3292 καλ
611 3231 800 3311 ζηλοτυπεῖ,
816 3224 940 3312 χρηστά
954 3231 1061 3308 ἔλπιζε
1077 3229 1130 3294 καὶ
1146 3225 1241 3310 εὔχου
1300 3248 1301 3251 ’

239 3319 289 3389 άεί
306 3319 345 3388 τά
364 3319 448 3388 αὐτά
465 3337 581 3390 ποιεῖν.
1300 3336 1301 3357 ³

324 3428 449 3489 ΧΡΓΣ.
477 3418 524 3487 Τά
541 3422 643 3504 αὐτάς
665 3430 698 3491 τί
711 3429 830 3509 λέγεις;
852 3423 903 3492 άεὶ
920 3428 1068 3509 ῥαπίζειν
1084 3450 1139 3509 με;

323 3527 436 3586 ΑΜΠ.
462 3519 561 3606 Οὐχί,
577 3520 651 3589 άλλ’
669 3521 846 3608 ἀνιᾶσθαι,
864 3531 893 3592 εί
906 3525 950 3610 μή
967 3523 1050 3607 πρὸς
1064 3525 1170 3609 μόνον
1180 3519 1235 3586 αδ
