2625 4092
239 294 300 358 162
592 297 896 354 AOYKIANOY

232 453 470 539 Ἡφαιστίωνος
485 455 673 538 θειότητος,
690 457 929 538 διαβληθέντας
946 453 988 532 ὡς
1000 453 1040 520 οὐ
1052 463 1171 540 τιμῶσι
1181 454 1232 521 τδν

236 552 353 618 κοινδν
366 550 524 617 ἁπάντων
533 552 634 629 θεόν,
653 553 708 616 καλ
718 550 772 616 διὰ
784 558 881 616 τοῦτο
894 554 1107 630 ἐξελαθέντας
1119 554 1234 635 καὶτῆς

235 657 295 716 τοῦ
308 655 468 736 βασιλέως
486 646 616 724 εὐνοίας
633 648 848 728 ἐκπεσόνταςς
873 655 920 716 18.
939 651 1011 715 τότε
1027 653 1078 715 καί
1096 649 1234 734 Ἀγαθο-

235 745 344 832 κλῆςδ
365 747 492 830 Σάμιος
508 750 691 830 ταξιαρχῶν
709 743 787 826 παρ’
806 743 1008 835 Ἀλεξάνδρῳ
1023 751 1076 813 καὶ
1093 750 1234 832 τιμώμε-

235 870 293 922 νος
313 843 392 926 παρ’
411 843 516 910 αὐτοῦ
530 853 652 930 μικροῦ
675 849 744 910 δεῖν
762 854 1013 931 συγκαθείρχθη
1034 851 1142 914 λέοντι
1166 853 1233 913 δια·

235 944 371 1028 βληθεὶς
388 939 437 1007 ὅτι
455 943 628 1022 δακρύσειε
644 938 775 1023 παριών
792 940 852 1007 τόν
864 940 1101 1025 Ἡφαιστίωνος
1118 946 1232 1027 τάφον.

234 1041 306 1110 ἀλλ’
325 1047 439 1130 ἐκείνῳ
461 1043 521 1124 μὲν
537 1049 704 1127 βοηθῆσαι
726 1043 852 1126 λέγεται
866 1047 1050 1125 Περδίκκας
1072 1041 1234 1127 ἐπομοσά-

167 1163 216 1215 150
235 1167 333 1226 μενος
345 1138 426 1207 κατά
442 1143 578 1205 πάντων
589 1145 682 1205 θεῶν
698 1141 751 1206 καλ
769 1139 850 1206 κατά
862 1139 1118 1224 Ἡφαιστίωνος,
1134 1138 1186 1206 ὅτι
1197 1137 1233 1224 δη

234 1245 475 1322 κυνηγετοῦντί
483 1243 517 1304 οί
529 1241 678 1320 φανέντα
690 1241 810 1322 ἐναργῆ
827 1235 885 1303 τὸν
899 1237 984 1305 θεὸν
999 1241 1176 1324 ἐπισκῆψαι
1192 1243 1234 1304 εί-

235 1350 308 1402 πείν
330 1333 533 1423 Ἀλεξάνδρῳ
555 1343 736 1419 φείσασθαι
760 1331 1015 1420 Ἀγαθοκλέους·
1050 1333 1090 1402 οὐ
1111 1331 1175 1419 γάρ
1195 1331 1235 1410 ὡς

232 1433 436 1500 ἀπιστοῦντα
449 1432 526 1499 οὐδὲ
539 1431 582 1510 ὡς
594 1434 646 1500 ἐπὶ
658 1441 765 1522 νεκρῷ
778 1438 957 1518 δακρῦσαι,
972 1430 1055 1502 ἀλλά
1067 1440 1124 1518 τῆς
1135 1434 1234 1498 πάλαι

233 1539 415 1616 συνηθείας
435 1532 722 1616 μνημονεύσαντα.
759 1539 805 1598 19.
825 1528 845 1616 ἡ
867 1539 952 1618 γοῦν
968 1537 1124 1600 κολακεία
1145 1527 1233 1614 καὶὴ

233 1625 371 1715 διαβολὴ
388 1628 460 1693 τότε
475 1628 617 1712 μάλιστα
638 1629 750 1714 χάραν
772 1635 843 1714 ἐσχε
863 1626 946 1712 πρὸς
960 1626 996 1696 τδ
1018 1625 1234 1710 Ἀλεξάνδρου

232 1727 342 1802 πάθος
358 1728 598 1811 συντιθεμένη·
620 1727 774 1808 καθάπερ
788 1725 852 1811 γάρ
868 1731 905 1794 ἐν
919 1733 1093 1814 πολιορκίᾳ
1108 1721 1172 1790 οὐκ
1187 1725 1235 1790 ἐπὶ

232 1823 271 1890 τά
284 1821 395 1908 ῦψηλά
407 1824 461 1892 καὶ
472 1822 671 1908 ἀπόκρημνα
683 1827 736 1891 καὶ
746 1822 878 1910 ἀσφαλῆ
890 1832 950 1892 τοῦ
961 1831 1087 1909 τείχους
1096 1828 1234 1906 προσία-

232 1944 285 1988 σιν
300 1927 333 1988 οί
344 1924 509 2007 πολέμιοι,
526 1919 599 1988 ἀλλ’
615 1914 691 2009 ᾖάν
706 1919 901 2004 ἀφύλακτόν
913 1949 944 1988 τι
958 1925 1057 2007 μέρος
1070 1916 1091 2007 ἢ
1104 1917 1235 2003 σαθρὸν

233 2031 416 2087 αἴσθωνται
433 2016 454 2104 ἢ
470 2019 644 2099 ταπεινόν,
663 2021 713 2086 ἐπὶ
731 2029 828 2086 τοῦτο
844 2021 933 2108 πάση
950 2021 1091 2105 δυνάμει
1107 2027 1234 2104 χωροῦ-

231 2138 285 2182 σιν
298 2113 341 2193 ὡς
355 2118 458 2202 ῥᾷστα
470 2119 687 2197 παρεισδῦναι
698 2118 752 2184 καὶ
765 2118 850 2184 ἐλείν
864 2119 1062 2203 δυνάμενοι,
1082 2113 1170 2182 οὕτω
1183 2117 1234 2182 καί

232 2218 263 2279 οί
275 2213 507 2298 διαβάλλοντες
519 2212 538 2277 δ’
549 2241 579 2280 τι
591 2209 633 2279 ἀν
645 2212 787 2291 ἀσθενὲς
797 2219 891 2282 ίδωσι
901 2223 957 2300 τῆς
968 2224 1072 2301 ψυχῆς
1083 2217 1137 2281 καὶ
1150 2211 1234 2279 ὑπό-

231 2321 362 2392 σαθρον
378 2312 431 2378 καὶ
445 2309 656 2398 εὐεπίβατον,
681 2315 787 2402 τούτῳ
801 2315 1050 2400 προσβάλλουσι
1065 2315 1119 2380 καὶ
1134 2337 1235 2394 προς-

231 2412 349 2495 άγουσι
375 2409 431 2489 τάς
451 2414 614 2497 μηχανάς,
636 2413 689 2478 καὶ
710 2414 801 2490 τέλος
820 2417 1072 2499 ἐκπολιορκοῦσι
1093 2409 1236 2497 μηδενὸς

231 2509 506 2595 ἀντιταττομένου
521 2513 602 2596 μηδὲ
618 2511 678 2596 την
690 2516 815 2594 ἔφοδον
831 2513 1045 2597 αἰσθομένου.
1070 2507 1127 2577 εἶτ’
1145 2513 1235 2576 ἐπει-

231 2606 294 2674 δάν
306 2611 398 2687 ἐντὸς
409 2608 494 2688 άπαξ
506 2617 573 2675 τῶν
585 2616 701 2693 τειχῶν
714 2613 885 2693 γένωνται,
904 2615 1114 2690 πυρπολοῦσι
1125 2607 1235 2674 πάντα

165 2726 208 2778 151
232 2707 284 2774 καὶ
303 2716 432 2773 καίουσι
450 2709 502 2774 καὶ
521 2708 700 2790 σφάττουσι
723 2711 776 2774 καὶ
797 2709 1049 2792 ἐξελαύνουσιν,
1073 2701 1127 2773 οἷα
1149 2704 1237 2782 είκδς

231 2803 450 2889 ἁλισκομένης
472 2814 577 2889 ψυχῆς
599 2808 651 2871 καί
676 2808 1016 2891 ἐξηνδραποδισμένης
1039 2811 1119 2890 ἔργα
1142 2805 1235 2871 εἶναι.
1299 2808 1300 2869 3

230 2909 280 2968 20.
294 2906 510 2987 μηχανήματα
523 2904 558 2969 δὲ
569 2902 680 2979 αὐτοῖς
693 2904 774 2969 κατὰ
787 2913 846 2969 τοῦ
857 2902 1069 2990 ἀκοῦοντοςῆ
1080 2929 1115 2970 τε
1128 2900 1237 2986 ἀπάτη

230 3004 283 3068 καλ
295 3000 331 3067 τδ
344 3007 467 3080 ψεῦδος
478 3003 531 3069 καλ
542 3001 562 3088 ἡ
575 3007 723 3084 ἐπιορκία
736 3006 787 3069 καί
800 3005 1060 3087 προσλιπάρησις
1071 3004 1125 3070 καλ
1138 3001 1232 3068 ἀναι-

231 3107 366 3184 σχυντία
379 3101 433 3168 καὶ
448 3099 530 3165 ἀλλα
542 3111 643 3182 μυρία
654 3103 940 3186 ῥᾳδιουργήματα·
963 3099 983 3185 ἡ
1000 3102 1034 3166 δὲ
1048 3099 1087 3185 δὴ
1100 3109 1238 3184 μεγίστη

231 3196 378 3282 πασῶνὴ
394 3203 548 3265 κολακεία
561 3201 630 3264 ἐστί
634 3250 642 3279 ‚
661 3199 841 3282 συγγενής,
858 3205 985 3283 μάλλον
1000 3200 1035 3264 δὲ
1047 3195 1177 3282 ἀδελφή
1190 3223 1238 3271 τις

230 3288 315 3360 οὖσα
328 3301 384 3379 τῆς
400 3300 564 3381 διαβολῆς.
589 3294 698 3372 οὐδεὶς
714 3303 798 3379 γοῦν
816 3295 903 3362 οὕτω
919 3298 1083 3380 γεννάδας
1099 3299 1167 3362 ἐστὶ
1183 3297 1236 3362 καὶ

230 3390 457 3474 ἀδαμάντινον
478 3407 580 3476 τεῖχος
603 3401 659 3476 τῆς
677 3403 782 3478 ψυχῆς
805 3399 1088 3480 προβεβλημένος,
1113 3393 1149 3472 δς
1174 3391 1237 3460 οὐκ

230 3485 273 3554 άν
290 3492 401 3574 ἐνδοίη
417 3489 500 3572 πρὸς
511 3489 568 3566 τάς
585 3499 641 3570 τῆς
657 3499 827 3566 κολακείας
842 3493 1046 3572 προσβολάς,
1063 3494 1237 3561 καὶταῦτα
