2625 4092
231 278 293 342 136
589 275 888 336 ΛΟΤΚΙΛΝΟΤ

229 441 430 526 προνομεύει
449 466 483 504 τε
500 439 555 506 καὶ
568 437 824 523 ἐπιλαμβάνεται
844 438 899 504 καί
916 444 1097 520 προσφῦσα
1112 439 1244 524 κατέχει

229 538 428 624 κοτυληδόνι
447 534 530 604 κατὰ
546 532 583 602 τό
605 533 712 616 ἀκρον
726 535 883 600 ἐοικυῖαν.
914 537 950 602 ἐκ
965 535 1001 602 δὲ
1017 534 1119 623 αὐτῆς
1138 534 1244 615 ὁδούς

228 637 429 720 προκύπτει,
445 626 471 724 ᾦ
483 641 645 700 κεντοῦσα
656 639 817 707 πίνειτοῦ
828 634 980 716 αἵματος·
1000 641 1089 701 πίνει
1099 633 1161 720 μὲν
1172 632 1241 720 γάρ

228 735 283 801 καλ
297 733 474 818 γάλακτος,
493 728 559 817 ἡδύ
570 731 607 797 δὲ
619 727 703 814 αύτῖγ
716 730 770 797 καλ
784 726 820 795 τό
835 725 931 816 αἷμα,
948 730 990 797 ού
999 731 1080 817 μετά
1092 735 1241 818 μεγάλης

228 833 352 918 ὀδύνης
366 839 434 898 τῶν
444 831 691 913 κεντουμένων.
716 827 857 906 ἑξάπους
868 828 903 894 δὲ
915 822 999 896 ούσα
1010 845 1078 908 τοῖς
1091 833 1152 917 μὲν
1164 835 1241 898 τέτ-

228 950 323 1013 ταρσι
341 932 465 1015 βαδίζει
484 927 616 1014 μόνοις,
644 942 713 1004 τοῖς
730 928 766 993 δὲ
785 935 963 1009 προσθίοις
981 933 1078 997 δυσὶν
1099 929 1161 997 ὅσα
1183 933 1240 997 καί

227 1033 318 1116 χερσὶ
338 1037 465 1116 χρῆται.
499 1033 583 1106 λδοις
603 1025 647 1094 ἀν
666 1021 730 1095 οὖν
750 1025 856 1114 αύτην
876 1031 927 1097 ε’πλ
948 1029 1114 1112 τεττάρων
1133 1037 1241 1117 βεβη-

227 1142 326 1196 κυῖαν
341 1127 486 1213 έχουσάν
498 1153 529 1192 τι
543 1129 580 1192 ἐν
594 1140 668 1192 ταῖν
683 1140 794 1210 χεροῖν
809 1130 976 1212 μετέωρον
991 1129 1155 1214 ἐδώδιμον
1173 1126 1240 1194 ἀν-

227 1233 407 1310 θρωπίνως
421 1225 511 1291 πάνυ
525 1225 581 1291 καὶ
597 1221 677 1290 καθ’
696 1221 788 1309 ἡμᾶς.
812 1231 841 1291 4.
853 1231 978 1310 γίνεται
994 1230 1029 1292 δὲ
1049 1222 1110 1292 ούκ
1129 1222 1241 1303 εύθύς

226 1325 379 1410 τοιαύτη,
403 1321 486 1390 ἀλλά
507 1323 637 1408 σκώληξ
655 1319 692 1388 τό
716 1331 849 1405 πρῶτον
864 1322 936 1408 ἤτοι
956 1329 988 1402 ἐξ
1004 1323 1201 1407 ἀνθρώπων
1218 1320 1239 1409 ἢ

226 1420 339 1491 ἀλλων
349 1422 442 1511 ζώων
452 1419 715 1488 ἀποθανόντων·
732 1419 799 1487 εἶτα
811 1419 883 1488 κατ’
895 1419 1009 1507 ὀλίγον
1019 1423 1124 1500 πόδας
1135 1447 1171 1488 τε
1181 1425 1239 1488 ἐκ-

227 1523 322 1607 φέρει
336 1523 391 1587 καὶ
407 1519 486 1604 φύει
501 1517 541 1586 τά
562 1517 665 1603 πτερά
681 1520 736 1587 καλ
752 1522 784 1600 ἐξ
806 1521 944 1602 ἑρπετοῦ
961 1519 1081 1605 ὄρνεον
1096 1528 1238 1606 γίνεται,

227 1623 281 1688 καὶ
295 1633 461 1705 κυοφορεῖ
469 1619 504 1687 δὲ
516 1620 570 1686 καλ
582 1617 749 1686 ἀποτίκτει
760 1622 915 1706 σκώληκα
927 1619 1049 1705 μικρὸν
1058 1619 1119 1706 τὴν
1132 1635 1239 1706 μυῖαν

175 1739 210 1795 94
227 1716 378 1801 ὕστερον.
403 1715 593 1802 σύντροφος
609 1719 644 1784 δὲ
661 1715 856 1802 ἀνθρώποις
871 1717 1066 1804 ὑπάρχουσα
1085 1721 1139 1788 καὶ
1150 1718 1238 1806 ὁμο·-

226 1823 350 1895 δίαιτος
364 1819 419 1884 καί
435 1813 655 1903 ὁμοτράπεζος
672 1814 830 1885 ἁπάντων
847 1821 979 1905 γεύεται
1000 1816 1088 1904 πλὴν
1103 1823 1237 1886 ἐλαίου·

225 1917 374 1993 θάνατος
391 1913 456 2000 γάρ
478 1913 562 2002 αὐτῇ
583 1923 681 1982 τοῦτο
709 1933 806 1984 πιεῖν.
839 1919 893 1985 καὶ
917 1921 1030 2002 μέντοι
1058 1915 1238 2003 ὠκύμορος

225 2006 310 2082 οὖσα
328 2056 369 2064 -
386 2015 478 2081 πάνυ
494 2011 558 2100 γάρ
576 2017 607 2091 ἐς
627 2012 747 2082 στενόν
764 2013 781 2081 ὁ
798 2024 870 2102 βίος
885 2014 986 2102 αύτης
1001 2017 1236 2101 συμμεμέτρη-

224 2138 278 2180 ται
297 2153 334 2163 -
350 2119 396 2201 τῷ
414 2113 499 2198 φωτὶ
518 2119 623 2197 χαίρει
639 2113 779 2196 μάλιστα
801 2113 865 2180 κάν
883 2115 991 2202 τούτῳ
1007 2113 1235 2181 πολιτεύεται·

224 2210 345 2289 νυκτός
360 2212 396 2278 δὲ
411 2212 548 2296 εἰρήνην
563 2209 635 2295 ἀγει
652 2212 707 2278 καλ
723 2209 800 2278 οὔτε
814 2215 943 2278 πέτεται
959 2210 1036 2279 οὔτε
1051 2209 1140 2301 ᾄδει,
1154 2207 1233 2277 ἀλλ’

224 2309 388 2395 ὑπέπτηχε
399 2313 454 2377 καὶ
470 2309 609 2395 ἀτρεμεῖ.
634 2315 664 2376 5.
682 2311 819 2378 σύνεσιν
833 2314 868 2378 δὲ
884 2309 925 2379 ού
935 2310 1060 2398 μικράν
1070 2309 1172 2396 αὐτῆς
1185 2317 1236 2378 εί-

223 2423 298 2476 πεῖν
313 2415 393 2494 ἔχω,
416 2405 543 2476 ὁπόταν
557 2406 617 2475 τόν
633 2411 813 2496 ἐπίβουλον
827 2413 882 2478 καὶ
896 2414 1054 2497 πολέμιον
1071 2407 1155 2496 αὐτῇ
1170 2407 1234 2476 τόν

223 2507 375 2594 ἀράχνην
388 2510 621 2597 διαδιδράσκῃ·
643 2511 793 2594 λοχῶντά
808 2537 843 2576 τε
860 2508 924 2596 γάρ
938 2513 1086 2595 ἐπιτηρεῖ
1096 2511 1150 2576 καὶ
1167 2507 1234 2574 ἀν-

222 2615 294 2677 τίον
308 2606 399 2699 αύτῷ
418 2606 482 2698 όρρλΙ
497 2613 694 2677 ἐκκλίνουσα
714 2609 775 2695 τὴν
789 2606 914 2695 ὁρμήν,
939 2607 983 2686 ῶς
997 2607 1042 2695 μη
1060 2606 1233 2676 ἁλίσκοιτο

222 2719 469 2796 σαγηνευθεῖσα
483 2713 537 2779 καὶ
552 2715 778 2793 περιπεσοῦσα
789 2723 859 2786 ταῖς
874 2715 935 2775 τοῦ
946 2715 1071 2794 θηρίου
1086 2709 1232 2774 πλεκτά-

221 2834 304 2885 ναις.
335 2804 397 2894 τὴν
416 2809 479 2894 μὲν
498 2807 563 2895 γάρ
585 2807 744 2894 ἀνδρείαν
764 2809 820 2876 καλ
835 2805 896 2893 τὴν
917 2803 1023 2893 ἀλκὴν
1045 2803 1147 2892 αύτης
1167 2804 1233 2890 ούχ

221 2906 306 2991 ἡμᾶς
322 2905 383 2995 χρὴ
399 2910 525 2994 λέγειν,
550 2905 624 2975 ἀλλ’
637 2906 655 2974 ό
671 2905 988 2994 μεγαλοφωνότατος
1001 2912 1069 2973 τῶν
1081 2915 1232 2991 ποιητῶν

221 3003 366 3091 Ὄμηρος
388 3004 448 3074 τόν
470 3007 608 3091 ἄριστον
631 3015 699 3074 τῶν
720 3005 841 3093 ἡρώων
866 3009 1035 3072 ἐπαινέσαι
1059 3011 1163 3091 ζητῶν
1187 3003 1232 3072 ού

165 3123 203 3179 95
219 3108 327 3172 λέοντι
341 3100 535 3189 ἢπορδάλει
545 3101 567 3192 ἢ
579 3104 617 3174 ὑῒ
624 3104 686 3191 την
698 3105 804 3192 ἀλκὴν
814 3103 918 3171 αύτοῦ
935 3106 1067 3188 είκάζει,
1085 3101 1170 3172 ἀλλά
1182 3112 1231 3194 τῷ

217 3204 338 3286 θάρσει
356 3212 413 3290 της
428 3211 526 3289 μυίας
542 3208 595 3274 καὶ
610 3213 655 3296 τῷ
668 3203 812 3295 ἀτρέστφ
828 3207 881 3272 καὶ
896 3214 1030 3284 λιπαρεῖ
1037 3213 1094 3290 τῆς
1106 3209 1231 3290 ἐπιχει-

217 3303 359 3388 ρήσεως·
375 3298 526 3388 ούδδγάρ
537 3305 666 3388 θράσος
679 3300 762 3371 ἀλλά
773 3304 901 3388 θάρσος
913 3307 1016 3389 φησὶν
1026 3302 1111 3392 αὐτῇ
1124 3329 1231 3388 προς-

218 3417 313 3470 εῖυαι.
337 3397 470 3487 καὶγὰρ
492 3406 683 3488 εἰργομένη,
706 3411 825 3489 φησίν,
847 3401 936 3488 ὅμως
953 3400 1016 3470 ούκ
1036 3400 1229 3488 ἀφίσταται,

217 3498 290 3567 ἀλλ’
310 3501 435 3580 ἐφίεται
456 3509 517 3566 τοῦ
538 3505 712 3585 δήγματος.
747 3501 835 3570 οὕτω
857 3503 893 3570 δὲ
913 3503 1004 3570 πάνυ
1020 3505 1150 3570 ἐπαινεῖ
1170 3504 1227 3569 καὶ
