2625 4092
414 285 726 346 ΧΑΡΙΔΗΜΟΣ.
1010 283 1071 346 4λὸ

152 447 201 508 29.
219 448 298 510 ΚΡΙ
300 450 335 508 Τ.
359 440 454 510 Τοῦτ’
466 445 584 527 ἐκεῖνο,
603 440 647 520 ὡς
663 440 713 511 άεὶ
724 439 759 510 τὸ
770 453 867 512 θείον
882 441 943 511 οὐκ
960 440 1075 528 άμελετ

69 544 135 604 τίαν
146 534 302 623 άγαθολν,
316 536 388 607 ἀλλ’
403 539 495 620 αὔξει
505 539 590 624 άγον
599 541 653 607 ἐπὶ
666 539 706 608 τά
717 548 896 626 κρείττονα.
921 539 1014 627 ἡμεῖς
1024 543 1071 624 δέ,

68 626 273 719 άΤριεφολν,
291 634 331 703 τά
349 636 507 705 κάλλιστα
518 634 696 722 εὑρηκότες
707 639 812 722 ἐσμέν.
836 641 1072 722 ἐδυσχέραινον

67 730 132 817 γάρ
152 736 188 800 ἐν
203 741 242 822 τῇ
263 731 443 820 άποβιύσει
458 740 492 801 τί
504 748 572 812 τοῖς
585 736 713 813 τέκνοις
730 744 921 804 καταλιπεῖν
934 735 985 802 ἐπὶ
1001 747 1071 810 ταῖς

66 831 260 916 διαθήκαις·
271 829 362 910 σίδας
370 829 435 918 γάρ
444 830 504 918 τὴν
513 829 596 917 ἐμὴν
606 838 725 901 πενίαν
735 830 779 910 ὡς
788 830 851 918 ἐγεὸ
860 829 900 899 τά
910 833 961 899 σά.
973 838 1070 899 τοῦτο

67 926 164 1011 άρκεί
173 944 242 1008 τοῖς
256 937 386 1015 παισίν,
402 935 439 998 πί
447 929 564 1016 ἡμέραν
574 939 634 998 τοῦ
645 929 905 1016 αὐτοκράτορος
929 936 1071 1008 πλοῦτος

67 1025 133 1111 γάρ
148 1025 231 1113 ἡμᾶς
249 1025 311 1095 ούκ
327 1032 467 1107 ἐκλείψει
482 1031 537 1096 καὶ
552 1033 653 1106 ἐθνος
666 1026 752 1114 ἡμᾶς
763 1027 804 1095 οὐ
822 1027 1048 1115 καταπτοήσει.

157 1132 297 1194 ΤΡΙΕΦ.
326 1123 443 1210 Κάγά,
465 1119 492 1192 ά
515 1132 648 1209 Κριτία,
675 1132 777 1192 ταῦτα
801 1131 985 1194 καταλείπω
1004 1138 1071 1202 τοῖς

67 1225 212 1306 τέκνοις,
228 1221 272 1303 ύς
284 1229 378 1292 ἴδωσι
390 1231 577 1311 Βαβυλῶνα
590 1222 793 1310 ὀλλυμένην,
805 1233 978 1311 Αἴγυπτον
990 1227 1070 1289 δου-

67 1322 252 1406 λουμένην,
269 1320 308 1389 τά
322 1330 389 1389 τῶν
400 1331 542 1408 Περσων
555 1329 652 1391 τέκνα
665 1321 818 1390 δούλειον
832 1314 921 1409 ἦμαρ
935 1319 1070 1407 άγοντα,

67 1418 126 1498 τάς
136 1418 296 1506 ἐκδρομὰς
305 1429 373 1489 των
383 1429 535 1490 Σκυθῶν
546 1424 751 1506 παυομένας,
769 1417 835 1487 είθ’
848 1413 974 1488 οὖνκαὶ
992 1417 1069 1485 άνα-

65 1522 278 1602 κοπτομένας.
289 1517 382 1605 ἡμεῖς
391 1522 426 1586 δὲ
436 1517 495 1586 τὸν
504 1523 541 1587 ἐν
548 1515 901 1605 Ἀθήναις”Αγνωστον
911 1514 1069 1601 ἐφευρόν-

64 1643 119 1694 τες
138 1620 190 1685 καὶ
205 1618 496 1703 προσκυνήσαντες
513 1632 622 1704 χεῖρας
640 1623 686 1694 είς
702 1612 850 1697 οὐρανὸν
866 1617 1068 1691 ἐκτείναντες
1087 1629 1138 1686 618

66 1714 172 1804 τούτῳ
187 1713 465 1800 εύχαριστήσομεν
479 1713 524 1794 ὡς
541 1715 798 1796 καταξιωθέντες
812 1712 968 1781 τοιούτου
985 1711 1069 1795 κρά-

67 1838 147 1891 τους
157 1811 298 1899 ὑπήκοοι
307 1818 481 1899 γενέσθαι,
503 1813 581 1893 τούς
592 1813 628 1881 δὲ
644 1809 782 1890 λοιπούς
792 1819 905 1896 ληρεῖν
920 1810 1069 1894 ἐάσωμεν

66 1908 287 1995 ἀρκεσθέντες
296 1908 380 1993 ὑπὲρ
389 1910 501 1979 αὐτῶν
510 1919 614 1980 εἰπεῖν
622 1910 660 1979 τὸ
670 1907 712 1978 ού
720 1906 1069 1996 φροντλςἹπποκλείδη

65 2006 149 2076 κατά
168 2008 230 2096 τὴν
245 2017 433 2095 παροιμίαν.

470 2140 599 2150 ——-

147 2270 483 2339 ΧΑΡΙΔΗΜΟΣ
506 2279 541 2334 H
566 2269 703 2338 ΠΕΡΙ
724 2269 984 2339 ΚΑΛΛΟΥΣ.

153 2410 180 2471 l.
197 2411 446 2472 ΕΡΜΙΠΠΟΣ.
466 2404 675 2485 Περιπάτους
691 2411 807 2490 ἔτυχον
821 2407 909 2490 χθές,
929 2395 954 2470 ά
964 2411 1069 2485 Χαρί-

64 2508 166 2588 δημε,
182 2503 383 2589 ποιούμενος
394 2506 430 2571 ἐν
441 2510 487 2592 τῷ
497 2508 682 2593 προαστείῳ
697 2503 764 2590 άμα
775 2503 836 2590 μὲν
847 2504 901 2572 καὶ
912 2509 969 2590 τῆς
979 2499 1068 2586 παρά

62 2610 133 2670 τῶν
152 2599 265 2688 άγραλν
285 2602 383 2687 χάριν
399 2602 587 2692 ῥᾳστώνης,
610 2599 678 2687 άμα
700 2601 735 2670 δὲ
760 2643 796 2652 -
819 2609 936 2686 ἔτυχον
956 2600 1019 2684 γάρ
1040 2628 1069 2666 τι

62 2709 212 2787 μελετῶν
229 2741 265 2752 -
282 2705 337 2770 καὶ
358 2701 513 2787 δεόμενος
533 2698 679 2786 ἡσυχίας.
711 2702 899 2786 ἐντυγχάνω
921 2698 961 2785 δὴ
978 2707 1068 2781 Προ-

63 2801 147 2889 ξένῳ
158 2808 204 2887 τῷ
215 2796 444 2883 Ἐπικράτους·
459 2796 650 2882 προσειπών
661 2800 696 2866 δὲ
706 2798 817 2882 ὥσπερ
826 2800 971 2882 είάθειν,
981 2797 1070 2885 ἡρώ-

62 2925 132 2964 των
149 2897 234 2966 ὅθεν
246 2925 281 2966 τε
295 2895 472 2984 πορεύοιτο
488 2901 542 2966 καὶ
557 2895 634 2965 ὅποι
651 2903 784 2983 βαδιζοι.
816 2896 832 2964 ὁ
852 2898 887 2966 δὲ
901 2897 994 2983 ἥκειν
1009 2897 1070 2982 μὲν

61 3002 129 3080 ἔφη
145 2998 199 3063 καὶ
211 2991 311 3074 αύτδς
327 2997 397 3064 ἐκεί
403 3002 618 3081 παραμυθίας
631 2997 746 3080 χάριν,
761 2993 845 3082 ἥπερ
861 3003 973 3064 είοθει
988 2995 1070 3079 πρὸς

59 3090 125 3179 τὴν
146 3090 227 3172 ὄψιν
241 3098 397 3176 γίνεσθαι
417 3100 484 3159 τῶν
499 3090 628 3177 άγραίν,
656 3091 859 3161 ἀπολαύσων
879 3095 914 3160 δὲ
935 3094 989 3161 καὶ
1012 3099 1070 3179 τῆς

60 3189 204 3266 τούτους
219 3189 440 3276 ἐπιπνεούσης
457 3187 621 3271 εὐκράτου
641 3193 695 3258 καὶ
715 3191 846 3277 κούφης
861 3189 982 3274 αὔρας,
1004 3186 1068 3256 άπό

60 3291 253 3370 συμποσίου
274 3287 385 3371 μέντοι
407 3294 583 3353 καλλίστου
605 3287 782 3373 γεγονότος
807 3289 843 3354 ἐν
864 3294 1014 3369 Πειραιεῖ
1034 3291 1070 3353 ἐν

56 3379 296 3468 Ἀνδροκλέους
311 3391 373 3450 τοῦ
387 3382 579 3469 Ἐπιχάρους
593 3386 633 3451 τά
648 3388 790 3454 ἐπινίκια
805 3380 1070 3465 τεθνκότοςἙρ-

58 3490 128 3569 μῇ,
161 3480 213 3549 ὅτι
242 3482 282 3567 δὴ
313 3487 445 3568 βιβλίον
473 3480 639 3568 άναγνούς
667 3485 820 3568 ἐνίκησεν
846 3485 883 3550 ἐν
909 3487 1075 3558 Διασίοις,
