2625 4092
270 290 577 351 ΣΤΜΠΟΣΙΟΝ
595 294 622 346 Η
641 289 874 348 ΛΑΠΙΘΑΙ.
1015 288 1079 349 333

68 451 140 520 ἀντὶ
160 457 221 520 τοῦ
238 456 377 519 δείπνου
397 447 559 537 ἀπολογία
575 451 723 535 γένοιτο,
745 446 790 536 μῆ
806 457 938 536 λαβεῖν,
963 449 1077 536 μήκαὶ
1096 466 1149 522 488

67 551 217 635 δόξωμεν
234 551 286 618 ἐπὶ
299 548 407 638 τούτῳ
422 554 642 632 πεπομφέναι.

152 654 202 718 28.
229 648 385 715 Τούτων.
411 638 437 713 ῶ
459 648 583 731 ἑταῖρε,
610 644 936 731 ἀναγινωσκομένων
956 651 1078 732 μεταξύ

66 746 167 831 ἱδρώς
180 753 218 814 τέ
232 771 288 832 μοι
303 758 483 830 περιεχεῖτο
498 742 557 812 ὑπ’
578 750 711 829 αἰδοῦς,
730 747 898 812 καὶτοῦτο
913 744 953 831 δή
968 744 1079 812 τὸτοῦ

66 846 187 931 λόγου,
209 859 321 930 χανεῖν
341 868 397 929 μοι
419 841 482 929 τῆν
497 851 563 930 γῆν
577 839 728 930 ηὐχόμην
745 840 837 928 ὁρῶν
854 841 933 922 τούς
950 842 1078 925 παρόν-

66 970 125 1022 τας
145 950 312 1029 γελῶντας
329 940 384 1026 ἐφ’
402 942 528 1032 ἑκάστῳ
548 943 603 1009 καλ
619 942 760 1026 μάλιστα
778 939 851 1009 ὅσοι
875 940 999 1028 ᾔδεσαν
1018 937 1078 1007 τόν

60 1039 282 1127 Ἑτοιμοκλέα,
300 1037 420 1109 πολιόν
430 1038 617 1122 ἀνθρωπον
628 1042 684 1109 καὶ
698 1037 825 1161 σεμνδγ
836 1039 921 1109 εἶναι
933 1044 1077 1107 δοκοῦν-

65 1168 114 1207 τα.
146 1140 336 1225 ἐθαύμαζον
352 1131 415 1206 οῦν
437 1134 554 1217 οἷος
528 1163 577 1205 ων
594 1139 751 1206 διαλάθοι
770 1135 895 1217 αύτούς
911 1140 1078 1218 ἐξαπατω-

66 1243 233 1324 μένους
203 1244 249 1304 τῶ
265 1239 401 1322 πώγωνι
417 1238 471 1304 καὶ
486 1245 526 1325 τῆ
540 1244 601 1305 τοῦ
617 1239 800 1322 προσώπου
818 1235 994 1305 ἐντάσει.
982 1264 999 1304 ο
1013 1262 1078 1323 γαρ

62 1335 301 1419 Ἀρισταίνετος
323 1338 431 1404 ἐδόκει
455 1363 510 1422 μοι
529 1333 592 1404 ούκ
614 1334 750 1425 ἀμελεία
771 1341 935 1419 περιιδεῖν
962 1334 1077 1415 αύτόν,

65 1432 140 1503 ἀλλ’
159 1433 277 1502 οὔποτ’
291 1431 334 1501 ἀν
350 1437 484 1514 ἐλπίσας
498 1437 666 1519 κληθέντα
683 1436 855 1501 ἐπινεῦσαι
870 1429 983 1501 οὐδ’
961 1461 1005 1500 αν
1020 1437 1079 1550 έμ·

66 1549 249 1620 παρασχεῖν
271 1532 392 1601 εἀυτδν
407 1535 548 1624 τοιούτῳ
568 1539 648 1600 τινί·
683 1531 767 1601 ώστε
792 1532 924 1600 οὐδὲ
889 1560 951 1618 την
973 1531 1078 1617 ἀρχὴν

66 1639 248 1712 πειρᾶσθαι
260 1631 364 1717 ήξίου.
397 1637 446 1700 29.
464 1633 531 1701 ἐπεὶ
547 1631 578 1710 δ’
596 1624 660 1699 οὖν
675 1631 843 1700 ἐπαύσατό
857 1658 937 1699 ποτε
954 1630 973 1699 ὁ
990 1634 1079 1698 οἰκέ-

65 1757 126 1816 της
150 1729 409 1817 ἀναγινώσκων,
440 1729 476 1798 τό
506 1735 568 1816 μὲν
593 1733 784 1816 συμπόσιον
812 1729 904 1797 άπαν
932 1736 977 1809 είς
1001 1727 1080 1806 τούς

65 1828 153 1915 ἀμφὶ
170 1828 230 1896 τόν
246 1832 389 1916 Ζήνωνα
406 1831 460 1896 καὶ
475 1836 623 1914 Δίφιλον
638 1828 802 1916 ἀπέβλεπε
817 1828 1008 1907 δεδοικότας
1023 1829 1078 1894 καὶ

67 1928 256 2015 ῶχριῶντας
271 1931 324 1996 καὶ
335 1937 376 2016 τῆ
390 1925 512 2016 ἀπορία
524 1935 591 1994 τῶν
605 1930 797 2010 προσώπων
808 1927 1079 2014 ἐπαληθεύοντας

66 2026 109 2096 τά
127 2027 193 2094 ὑπὸ
210 2035 270 2094 τοῦ
287 2026 536 2113 Ἑτοιμοκλέους
556 2031 845 2114 κατηγορηθέντα·
876 2025 893 2094 ὁ
918 2026 1078 2110 Ἀρισταί-

66 2153 164 2206 νετος
180 2127 215 2194 δὲ
230 2128 425 2208 ἐτετάρακτο
442 2129 497 2195 καλ
514 2127 670 2214 θορύβου
687 2125 805 2212 μεστός
817 2120 880 2214 ῆν,
897 2129 1027 2196 ἐκέλευε
1045 2121 1078 2191 δ’

65 2226 160 2314 ὅμως
176 2233 286 2294 πίνειν
303 2222 388 2311 ῆμάς
409 2228 463 2294 καὶ
479 2232 630 2309 ἐπειρᾶτο
648 2221 687 2294 εύ
702 2231 915 2295 διατίθεσθαι
927 2225 964 2292 τδ
980 2251 1077 2312 γεγο-

65 2325 129 2405 νὸς
148 2322 354 2412 ὑπομειδιῶν
370 2324 437 2411 ἀμα
457 2329 511 2393 καὶ
532 2324 592 2392 τόν
614 2331 745 2413 οίκέτην
766 2324 960 2411 ἀπέπεμψεν
976 2321 1079 2392 είπῶν

65 2425 120 2492 ὅτι
139 2424 366 2509 ἐπιμελήσεται
388 2425 526 2493 τούτων.
560 2424 632 2509 μετ’
650 2422 765 2510 ὀλίγον
789 2426 824 2492 δὲ
848 2423 938 2494 καὶὸ
958 2425 1078 2511 Ζήνων
1098 2434 1149 2490 439

65 2523 273 2608 ὑπεξανέστη
288 2521 442 2609 ἀφανῶς,
465 2532 525 2593 τοῦ
542 2529 759 2612 παιδαγωγοῦ
775 2526 956 2603 νεύσαντος
971 2521 1079 2591 ἀπαλ-

65 2623 248 2691 λάττεσθαι
262 2623 306 2702 ῶς
317 2624 537 2703 κελεύσαντος
551 2632 611 2691 τοῦ
627 2624 759 2709 πατρός.
783 2630 836 2692 30.
853 2622 870 2690 ὁ
890 2624 1080 2709 Κλεόδημος

66 2724 106 2790 δέ
124 2725 177 2789 καὶ
195 2723 296 2789 πάλαι
319 2721 410 2802 τινὸς
430 2721 585 2809 ἀφορμῆς
607 2724 821 2809 δεόμενος-
836 2724 990 2810 ἐβούλετο
1013 2719 1078 2808 γάρ

66 2829 305 2909 συμπλακῆναι
325 2837 393 2901 τοῖς
413 2831 574 2902 Στωϊκοῖς
592 2826 646 2892 καὶ
669 2822 888 2910 διερρήγνυτο
911 2819 973 2889 ούκ
995 2827 1079 2907 ἔχων

66 2920 177 3008 άρχῆν
197 2921 338 3008 εύλογον
351 2963 394 2974 -—
409 2923 483 2990 τότε
503 2916 568 2990 οῦν
584 2920 619 2990 τδ
645 2924 825 3007 ἐνδόσιμον
845 2921 1080 3007 παρασχούσης

66 3030 127 3108 τῆς
138 3022 319 3107 ἐπιστολῆς,
333 3029 487 3107 Τοιαῦτα,
499 3023 785 3110 ἔφηέξεργάζεται
796 3019 813 3089 ὁ
826 3019 1079 3104 καλόςΧρύσιπ-

67 3148 133 3200 πος
158 3122 213 3189 καλ
234 3123 355 3208 Ζήνων
376 3119 393 3187 ὁ
419 3119 613 3207 θαυμαστός
639 3122 694 3189 καὶ
715 3121 910 3206 Κλεάνθης,
939 3120 1080 3206 ῥημάτια

67 3222 219 3306 δύστηνα
240 3222 294 3288 καί
315 3220 489 3308 ἐρωτήσεις
504 3220 611 3306 μόνον
628 3221 682 3286 καὶ
702 3219 850 3306 σχήματα
871 3220 1080 3304 φιλοσόφων,

67 3319 110 3387 τά
132 3318 163 3385 δ’
188 3316 271 3388 ἀλλα
293 3317 513 3405 Ἑτοιμοκλεῖς
536 3325 570 3388 οί
589 3328 751 3387 πλεῖστοι·
785 3319 839 3386 καὶ
862 3323 897 3385 αί
915 3319 1082 3385 ἐπιστολαί

68 3419 170 3502 ὁρᾶτε
187 3415 277 3498 ὃπως
293 3426 525 3507 πρεσβυτικαί,
548 3420 601 3488 καὶ
623 3417 659 3486 τό
676 3427 867 3486 τελευταῖον
885 3415 1006 3496 Οἰνεύς
1019 3419 1082 3502 μέν

63 3509 322 3602 Ἀρισταίνετος,
350 3516 557 3606 Ἑτοιμοκλῆς
573 3518 608 3587 δέ
621 3518 781 3604 ’Ἄρτεμις
810 3515 1002 3599 Ἡράκλεις,
1025 3514 1082 3584 εύ-
