2625 4092
232 304 622 373 ΔΗΜΟΣΘΕΝΟΤΣ
642 306 923 367 ΕΓΚΩΜΙΟΝ.
1018 306 1079 370 371

80 493 160 554 γαρα
177 466 237 553 τὴν
256 473 421 557 Βοιωτίαν
438 472 521 535 Χίον
538 462 653 533 Ῥόδον
676 463 736 533 τόν
749 463 993 553 Ἑλλήσποντον
1013 476 1082 537 flv-

77 566 222 651 ζάντιον,
239 564 302 635 οὐκ
318 570 400 653 ἔχεις
411 563 489 633 ὅποι
504 562 566 651 την
576 564 717 652 γνῶμην
727 564 1081 654 ἀποκλίνηςσνμπερι-

77 664 257 749 φερόμενος
278 676 346 742 τοῖς
365 662 658 750 πλεονεκτήμασιν.
692 669 743 731 19.
761 662 871 748 ὥσπερ
886 656 950 732 οὖν
963 662 981 731 ὁ
996 672 1080 734 Πίν-

77 766 173 844 δαρος
184 762 236 831 έπὶ
247 760 354 830 πολλὰ
364 769 411 852 τῷ
423 768 471 847 νῷ
482 761 692 847 τραπόμενος
703 760 810 841 οὕτως
820 786 891 840 πως
900 759 1081 849 ἠπόρηκεν,

174 907 361 997 Ίσμηνόνῆ
377 910 631 997 χρυσαλάκατον
648 918 792 995 Μελίαν,
907 974 909 977 ⁴
979 981 981 986 ,

177 1004 198 1094 ἦ
213 1009 369 1094 Κάδμον,
387 1006 409 1095 ἢ
426 1017 583 1091 σπαρτῶν
598 1008 691 1090 ἱερόν
705 1015 802 1095 γένος
816 1008 961 1094 ἀνδρῶν,

176 1104 273 1193 ἢτάν
284 1110 508 1195 κυανάμπυκα
525 1111 654 1195 Θήβαν,

139 1249 141 1253 -
176 1201 198 1294 ἢ
215 1205 252 1274 τό
268 1208 460 1292 πάντολμον
474 1212 597 1285 σθένος
612 1205 822 1293 Ἡρακλέους,

175 1300 197 1393 ἢ
214 1304 276 1373 τάν
290 1306 474 1373 Διωνύσου
491 1309 687 1391 πολυγαθέα
702 1308 811 1393 τιμάν,

175 1400 320 1489 ἢγάμον
332 1408 542 1473 λευκωλένου
551 1402 727 1490 Ἀρμονίας
742 1404 952 1491 ὑμνήσομεν;
981 1480 984 1482 Α

71 1549 193 1621 οὑτωσὶ
208 1554 243 1619 δὲ
258 1554 313 1620 καὶ
327 1550 371 1622 σύ
385 1550 508 1619 ταύτόν
523 1558 631 1632 ἔοικας
646 1552 800 1637 άπορεῖν,
815 1554 919 1640 λόγον
932 1550 954 1641 ἢ
967 1561 1043 1642 βίον
1056 1550 1079 1643 ἢ

69 1645 286 1740 ρητορικὴνῆ
310 1656 512 1735 φιλοσοφίαν
532 1646 553 1737 ἢ
574 1656 788 1737 δημαγωγίαν
808 1645 830 1738 ἢ
849 1651 909 1718 τόν
926 1654 1078 1720 θάνατον
1158 1689 1160 1694 ·

69 1748 211 1836 τάνδρὸς
232 1748 406 1838 δμνητέον.
445 1756 494 1818 20.
518 1756 585 1817 ἔστι
606 1749 640 1817 δ’
663 1748 763 1817 οὐδὲν
788 1756 888 1835 ἔργον
907 1752 1077 1836 ἐκφυγεῖν,

69 1854 154 1935 ἔφη,
175 1846 237 1934 τὴν
258 1849 406 1935 πλάνην,
437 1843 511 1915 ἄλλ’
532 1847 605 1925 ἑνός
627 1846 709 1917 ὅταν
729 1849 769 1935 δὴ
786 1847 969 1936 λαβόμενος
986 1843 1007 1933 ἢ
1023 1857 1078 1935 τῆς

68 1949 242 2032 ῥητορείας
252 1945 331 2015 καθ’
344 1943 450 2032 αὐτὴν
463 1952 509 2024 είς
519 1947 645 2035 ταύτην
656 1947 810 2015 κατάθου
818 1953 939 2014 τοῦτον
949 1943 1009 2013 τόν
1021 1950 1079 2015 λό-

68 2070 143 2131 γον.
166 2044 264 2133 ίκανή
277 2043 309 2132 γ’
327 2043 370 2112 (iv
386 2066 439 2112 σοι
454 2041 530 2112 οὐδ’
545 2040 797 2132 ἡΠερικλέους·
822 2049 951 2114 ἐκείνου
966 2046 1077 2130 μένγε
1096 2058 1148 2115 506

68 2140 129 2221 τάς
144 2141 312 2226 ἀστραπάς
331 2147 385 2211 καὶ
402 2141 545 2231 βροντάς
565 2146 618 2212 καὶ
639 2152 780 2221 πειθοῦς
793 2171 824 2211 τι
841 2144 982 2227 κέντρον
999 2143 1077 2231 δόξη

68 2240 334 2327 παραλαβόντες,
361 2238 434 2309 ἀλλ’
461 2239 565 2327 αὐτήν
587 2269 625 2329 γε
650 2240 710 2329 οὐχ
730 2239 878 2328 ὁρῶμεν,
907 2247 1010 2328 δῆλον
1034 2240 1078 2319 ῶς

67 2337 155 2422 ὑπὲρ
175 2338 238 2425 τήν
259 2348 446 2425 φαντασίαν
467 2338 567 2409 οὐδὲν
584 2348 731 2427 ἔμμονον
751 2346 892 2427 ἔχουσαν
912 2336 987 2407 οὐδ’
1005 2334 1078 2407 οἷον

66 2442 240 2519 ἐξαρκέσαι
256 2438 338 2523 πρὸς
359 2438 420 2527 τὴν
434 2448 495 2509 τοῦ
511 2443 637 2529 χρόνου
651 2444 803 2529 βάσανον
818 2441 872 2508 καί
884 2446 1009 2523 κρίσιν·
1038 2436 1078 2506 τά

66 2537 105 2604 δὲ
117 2545 178 2604 τοῦ
188 2542 433 2625 Δημοσθένους
449 2595 455 2608 .
471 2594 477 2607 .
491 2596 497 2609 .
512 2595 519 2608 .
537 2539 619 2609 άλλίι
633 2544 684 2609 σοὶ
696 2547 947 2623 καταλελείφθῶ
958 2540 1077 2623 λέγειν,

66 2643 98 2703 εί
111 2636 215 2725 ταύτῃ
229 2640 378 2722 τράποιο.
401 2644 452 2707 21.
470 2639 552 2722 πρός
567 2667 605 2725 γε
620 2638 689 2726 μην
702 2636 761 2717 τάς
771 2646 829 2725 τῆς
840 2646 946 2724 φυχῆς
960 2636 1078 2720 άρετίις

64 2732 89 2822 ἦ
105 2734 163 2815 τάς
181 2744 345 2816 πολιτείας
362 2735 467 2806 αὐτοῦ
484 2742 682 2828 τραπομένῳ
702 2735 807 2805 καλόν
822 2744 901 2823 μίαν
917 2734 1079 2824 ἡντινοῦν

64 2832 294 2921 άποτεμέσθαι
311 2837 372 2922 τὴν
388 2840 578 2925 διατριβήν,
595 2843 625 2905 εί
638 2838 673 2904 δὲ
690 2837 828 2923 βούλοιο
845 2837 1077 2928 δαψιλές,,δόο

63 2938 122 3003 καὶ
140 2935 293 3017 σύντρεις
315 2935 474 3023 ἑλόμενον
496 2944 581 3022 ἔχειν
604 2936 804 3021 ἀποχρῶσαν
822 2937 933 3022 λόγων
949 2933 1077 3024 ὑποβο-

63 3035 147 3119 λήν·
181 3032 285 3119 πολλὴ
307 3032 370 3120 γάρ
389 3038 425 3102 έν
445 3034 569 3103 άπασιυ
589 3036 609 3123 ἡ
632 3037 831 3123 λαμπρότης.
865 3043 895 3104 εί
909 3036 940 3103 δ’
957 3033 1020 3103 οὐκ
1041 3039 1077 3103 ἐκ

62 3140 127 3200 τοῦ
147 3134 290 3217 παντός,
313 3130 387 3202 ἀλλ’
408 3137 444 3201 ἐκ
460 3136 582 3220 μέρους
601 3134 865 3221 ἐπαινεσόμεθα,
893 3136 996 3222 νόμος
1016 3135 1077 3220 μὲν

63 3230 253 3316 Ομηρικός,
274 3230 395 3318 ἡρώων
410 3238 566 3314 ἐπαίνους
580 3240 617 3302 ἐκ
632 3243 743 3320 μερῶν
762 3240 988 3314 διατίθεσθαι,
1013 3261 1075 3301 πο-

61 3334 136 3397 δῶν
154 3324 176 3416 ἢ
191 3338 337 3417 κεφαλῆς
351 3326 372 3418 ἢ
388 3330 509 3417 κόμης,
531 3333 596 3419 ἤδη
611 3333 646 3399 δὲ
668 3331 731 3401 κάκ
753 3342 820 3401 τῶν
835 3327 1077 3422 φορημάτωνῆ

59 3426 234 3515 άσπίδων,
252 3428 401 3515 μεμπτόν
415 3428 446 3497 δ’
463 3430 541 3499 οὐδὲ
556 3447 625 3509 τοῖς
639 3443 731 3510 θεοῖς
749 3437 878 3519 ἐγένετο
897 3432 1075 3518 ὑμνεῖσθαι

58 3525 150 3611 πρός
166 3535 233 3596 τῶν
257 3537 403 3617 ποιητῶν
420 3533 452 3611 ἐξ
473 3528 638 3620 ἠλακάτης
653 3528 676 3617 ἦ
697 3532 801 3612 τόξων
826 3528 1075 3682 ἢτῖηιςφίγίδος,
