2625 4092
467 323 734 381 ΔΡΑΠΕΤΑΙ.
1041 326 1104 389 293

96 511 183 561 τινες
197 486 251 550 καί
266 476 351 569 ἦσαν
366 493 446 561 ίσως
460 487 494 550 οί
507 483 721 560 πιστεύοντες
732 485 831 573 αύτῷ.
856 489 905 552 14.
922 484 962 552 τὰ
979 484 1010 553 δ’
1022 484 1101 573 ήμέ-

95 608 173 665 τερα
189 583 279 650 πάνν
294 584 415 671 ῥᾷστα,
435 578 478 660 ὡς
495 579 612 664 οἶσθα,
628 583 684 649 καὶ
697 586 730 660 ἐς
745 590 883 668 μίμησιν
894 583 1052 668 πρόχειρα
1065 627 1104 639 -

95 680 135 747 τά
154 688 312 765 προφανῆ
326 682 412 765 λέγω
423 721 465 732 -
476 681 530 747 καὶ
544 676 586 746 ού
600 687 724 766 πολλῆς
740 688 798 766 τῆς
814 689 1037 766 πραγματείας
1054 688 1107 750 δεῖ

94 777 275 866 τριβώνιον
286 781 524 865 περιβαλέσθαι
536 781 589 844 καὶ
601 778 713 864 πήραν
724 779 967 865 ἐξαρτήσασθαι
979 784 1032 847 καὶ
1044 782 1103 861 ξύ-

94 887 156 944 λον
172 880 209 944 έν
224 884 263 964 τῇ
279 878 362 963 χειρὶ
384 882 471 961 ἔχειν
492 879 546 943 καὶ
569 881 672 962 βοᾶν,
699 884 828 961 μᾶλλον
847 877 883 944 δὲ
899 875 1065 963 ὀγκᾶσθαι
1081 876 1103 965 ή

93 973 251 1043 ὑλακτεῖν
274 977 327 1042 καλ
348 979 576 1058 λοιδορεῖσθαι
598 972 716 1040 ἅπασι·
748 972 810 1060 τήν
831 972 1018 1060 ἀσφάλειαν
1037 973 1102 1061 γάρ

92 1074 206 1152 αὐτοῖς
221 1082 281 1141 τοῦ
295 1075 400 1159 μηδὲν
415 1074 466 1140 έπλ
482 1071 588 1160 τούτῳ
605 1082 727 1139 παθεῖν
740 1100 761 1158 η
777 1069 861 1157 πρός
874 1071 911 1140 τό
927 1080 1035 1158 σχήμα
1048 1079 1104 1141 αί-

93 1169 160 1250 δῶς
177 1175 331 1257 παρεξειν
345 1177 489 1256 ἔμελλεν.
512 1167 532 1256 ἡ
548 1173 724 1253 ἐλευθερία
740 1174 776 1238 δὲ
788 1170 979 1256 πρόχειρος,
996 1169 1101 1237 ἀκον-
1118 1187 1168 1244 37³

93 1295 149 1348 τος
159 1278 218 1337 τοῦ
231 1271 411 1352 δεσπότου,
427 1265 492 1336 κάν
504 1274 535 1336 εί
546 1268 702 1355 βούλοιτο
714 1266 871 1353 ἀπάγειν,
886 1279 1102 1354 παταχθησο-

93 1371 198 1453 μένου
214 1377 259 1457 τιβ
270 1368 366 1458 ξύλῳ.
388 1369 443 1435 καὶ
460 1366 499 1434 τὰ
515 1364 638 1452 ἄλφιτα
651 1363 762 1434 οὐκέτ’
780 1364 874 1452 ὀλίγα
889 1364 968 1434 οὐδὲ
981 1364 1025 1443 ῶς
1036 1365 1100 1449 πρδ

93 1474 154 1533 τοῦ
171 1471 254 1551 μᾶζα
278 1467 374 1553 ψιλή,
397 1463 434 1534 τό
452 1465 489 1533 δὲ
508 1463 594 1544 ὄψον
610 1462 651 1532 ού
674 1465 807 1551 τάριχος
822 1461 844 1550 ή
862 1465 994 1550 θύμον,
1017 1462 1101 1532 ἀλλά

92 1569 174 1650 κρέα
189 1562 384 1633 παντοδαπὰ
395 1566 450 1633 καλ
461 1563 552 1642 οἶνος
562 1558 631 1642 οἷος
640 1562 789 1649 ἥδιστος,
803 1566 857 1630 καὶ
869 1569 1008 1648 χρυσίον
1019 1561 1099 1645 παρ’

92 1659 174 1728 ὅτου
186 1657 230 1728 ἀν
241 1665 398 1730 έθέλωσι·
423 1667 668 1749 δασμολογοῦσι
683 1661 747 1748 γάρ
759 1665 995 1748 ἐπιφοιτῶντες
1008 1659 1040 1747 ή,
1057 1659 1102 1739 ῶς

92 1756 191 1826 αύτοί
200 1781 320 1844 φασιν,
336 1759 551 1847 ἀποκείρουσι
562 1757 602 1826 τά
614 1760 765 1848 πρόβατα
777 1759 898 1827 δύσειν
909 1785 944 1826 τε
956 1755 1102 1836 πολλούς

92 1851 166 1923 οἷόν
182 1882 218 1922 τε
232 1852 255 1942 ή
272 1863 361 1924 αἰδοῖ
372 1865 433 1925 τοῦ
448 1857 613 1944 σχήματος
627 1855 648 1943 ή
665 1861 732 1924 δέει
745 1864 806 1925 τοῦ
821 1855 865 1942 μή
882 1854 1024 1923 ἀκοῦσαι
1039 1881 1101 1922 κα-

92 1960 167 2032 κῶς.
203 1960 251 2022 15.
271 1960 325 2022 καὶ
342 1957 406 2042 γὰρ
421 1950 465 2023 αύ
482 1955 617 2024 κάκεῖνο
634 1956 765 2041 ἑώρων,
789 1953 893 2040 οἶμαι,
916 1951 959 2031 ῶς
974 1957 1008 2034 ἐξ
1023 1963 1100 2021 λ’σου

92 2054 354 2140 καταστήσονται
371 2069 438 2133 τοῖς
452 2052 566 2137 ὀρθῶς
581 2060 838 2140 φιλοσοφοῦσιν.
861 2051 944 2120 ούδέ
952 2079 1000 2131 τις
1013 2049 1031 2119 δ
1048 2056 1100 2119 δι-

90 2151 206 2220 κάσων
217 2154 271 2220 καὶ
282 2157 464 2236 διακρινῶν
475 2151 515 2220 τά
529 2160 667 2219 τοιαῦτα
679 2159 787 2236 ἔσται,
804 2149 848 2238 ήυ
862 2151 970 2237 μόνον
984 2148 1023 2216 τοὶ
1039 2156 1100 2230 ἔξω

9 2287 10 2318 ;
89 2255 112 2338 ή
131 2248 244 2335 ὅμοια·
267 2248 373 2336 ἀρχήν
388 2252 451 2337 γάρ
467 2249 546 2318 οὐδὲ
561 2249 621 2317 τὸν
633 2257 768 2337 ἔλεγχον
784 2252 951 2336 δέχονται,
966 2246 1010 2336 ήν
1022 2256 1100 2334 ἔρη-

90 2356 148 2414 ταί
155 2375 203 2426 τις
214 2347 336 2416 οὑτωσὶ
348 2357 491 2436 κοσμίως
500 2354 555 2418 καὶ
565 2349 646 2417 κατὰ
659 2350 777 2437 βραχύ,
790 2347 865 2417 ἀλλ’
879 2348 985 2427 εὐθύς
996 2356 1101 2436 βοῶσι

90 2448 147 2514 καὶ
161 2449 212 2513 ἐπὶ
226 2445 289 2533 τήν
300 2446 484 2530 ἀκρόπολιν
498 2449 559 2535 τήν
571 2453 699 2516 ἑαυτῶν
711 2447 942 2535 ἀναφεύγουσι
956 2448 1018 2533 τήν
1029 2458 1100 2517 λοι-

92 2550 211 2626 δορίαν
227 2549 281 2614 καὶ
295 2546 472 2634 πρόχειρον
487 2547 523 2615 τὸ
544 2549 653 2627 ξύλον.
683 2548 738 2614 καὶ
752 2542 796 2632 ήυ
816 2546 877 2632 μὲν
892 2543 932 2612 τά
949 2551 1029 2630 ἔργα
1044 2551 1100 2631 ζη-

91 2651 167 2731 τῇς,
182 2649 216 2712 οἱ
229 2646 322 2731 λόγοι
337 2655 470 2732 πολλοί,
486 2645 530 2733 ήν
544 2647 580 2714 δὲ
595 2644 660 2714 ἀπὸ
676 2654 744 2714 τῶν
757 2646 869 2731 λόγων
884 2654 1011 2727 κρίνειν
1022 2647 1100 2712 ἐθέ-

91 2752 167 2830 λης,
185 2741 246 2810 τόν
260 2752 336 2832 βιόν
352 2744 482 2826 ἀξιοῦσι
493 2761 643 2814 σκοπεῖν.
669 2752 718 2814 16.
736 2751 917 2830 τοιγαροῦν
931 2746 1099 2830 ἐμπέπλη-

91 2862 166 2908 σται
177 2849 265 2909 πᾶσα
277 2842 297 2930 ή
310 2845 405 2922 πόλις
416 2853 474 2932 τής
484 2844 637 2931 τοιαύτης
648 2848 880 2934 ῥᾳδιουργίας,
892 2846 948 2910 καὶ
958 2842 1100 2928 μάλιστα

90 2949 160 3008 τῶν
175 2944 343 3029 Διογένην
360 2946 415 3011 καὶ
434 2941 650 3030 Ἀντισθένην
668 2948 722 3012 καὶ
736 2944 893 3030 Κράτητα
914 2946 1100 3029 ἐπιγραφο-

89 3044 204 3127 μένων
217 3045 272 3109 nal
287 3040 353 3109 ὑπὸ
369 3050 414 3133 τῷ
430 3048 506 3110 κυνὶ
520 3046 747 3130 ταττομένων,
762 3050 798 3110 οἳ
808 3041 845 3110 τό
860 3044 922 3129 μὲν
936 3043 1099 3129 χρήσιμον

89 3139 218 3210 ὁπόσου
233 3147 340 3209 ἔνεστι
355 3150 395 3230 τή
407 3142 505 3228 φύσει
521 3152 589 3210 τῶν
603 3152 733 3228 κυνῶν,
750 3139 824 3211 οἷον
837 3141 875 3210 τό
891 3140 1100 3227 φυλακτικόν

88 3237 320 3326 ήοίκουρικδν
341 3235 362 3325 ή
384 3245 626 3326 φιλοδέσποτον
650 3239 672 3329 ή
692 3241 918 3330 μνημονικόν,
946 3239 1100 3329 οὐδαμῶς

90 3341 307 3425 ἐζηλώκασιν,
337 3339 465 3428 ὑλακήν
489 3342 526 3410 δὲ
546 3345 601 3411 καὶ
621 3348 769 3429 λιχνείαν
788 3345 843 3409 καὶ
865 3338 1022 3428 ἁρπαγήν
1045 3347 1099 3410 καὶ

89 3438 272 3526 ἀφροδίσια
292 3439 397 3527 συχνά
419 3443 473 3510 καὶ
494 3449 673 3511 κολακείαν
688 3445 742 3510 καὶ
757 3439 794 3509 τό
815 3448 943 3509 σαίνειν
963 3440 1023 3509 τόν
1047 3447 1099 3509 δι-
1116 3460 1173 3516 374

89 3538 193 3606 δόντα
209 3543 264 3606 καὶ
287 3542 361 3624 περὶ
378 3545 536 3625 τραπέζας
552 3548 654 3629 ἔχειν,
677 3548 781 3609 ταῦτα
795 3538 940 3630 ἀκριβῶς
956 3545 1099 3609 ἐκπεπο-
