2625 4092
408 273 736 348 ΦΙΛΟΠΑΤΡῙΣ.
1010 271 1074 335 423

62 456 165 538 σίρην
176 455 206 517 εἰ
214 450 409 534 κατάξουσι,
425 448 543 536 λοιμόν
554 451 608 516 καὶ
621 444 720 536 λιμόν
730 453 761 519 εί
769 452 1028 538 ἐπιπέμψουσεν,
1047 453 1077 520 εί

61 547 101 615 τὸ
114 550 363 636 κεραυνοβόλου
373 545 508 634 ἀγγεῖον
519 546 726 634 ἀπεγεμίσθη
738 547 792 616 καὶ
802 546 839 615 τό
852 545 1075 635 βροντοποιόν

61 653 195 733 δοχεῖον
205 645 436 734 ἀνεμεστώθης
458 651 508 714 25.
521 648 556 714 οί
563 648 599 714 δὲ
612 642 654 723 ὡς
667 644 797 713 ἅπαντα
815 645 1075 732 κατωρθωκότες

62 746 323 831 κατεφλυάρουν
345 745 384 812 τά
408 741 520 812 αὑτων
541 745 696 829 ε’ράσμια,
724 740 768 824 ὥς
787 751 1013 830 μεταλλαγοῦσι
1034 741 1073 811 τά

61 846 257 932 πράγματα,
275 844 402 924 ἀταξίαι
413 844 448 912 δὲ
460 847 514 912 καλ
525 846 663 929 ταραχαί
674 842 736 929 την
753 842 852 909 πόλιν
863 841 1074 928 καταλήψον-

61 970 134 1026 ται,
165 941 205 1011 τά
228 944 431 1026 στρατόπεδα
452 940 574 1028 ἥττονα
594 946 664 1007 τῶν
687 943 847 1008 ἐναντίων
868 940 1072 1028 γενήσονται.

59 1048 164 1110 τοῦτο
185 1042 397 1126 ἐκταραχθεὶς
413 1041 467 1110 κοιλ
487 1039 599 1124 ὥσπερ
616 1053 733 1125 πρῖνος
749 1039 910 1125 καόμενος
928 1042 1076 1126 οίδηθελς

61 1139 222 1224 διάτορον
243 1136 426 1226 ἀνεβόησα,
458 1129 498 1205 Ὠ
522 1135 683 1225 δαιμόνιοι
707 1136 857 1222 ἀνδρῶν,
883 1137 927 1224 μὴ
948 1137 1075 1224 μεγάλα

60 1244 141 1304 λίαν
157 1241 265 1323 λέγετε
282 1236 469 1323 ,θήγοντες
484 1234 621 1315 ὀδόντας
640 1235 714 1304 κατ’
732 1234 867 1322 ἀνδροῖν
885 1237 1075 1323 θυμολεόν-

60 1361 133 1401 των
143 1331 330 1402 πνειόντων
348 1333 431 1416 δόρυ
448 1334 505 1402 ’καλ
517 1333 636 1420 λόγχας
648 1337 703 1402 καὶ
716 1335 943 1421 λευκολόφους
954 1361 1074 1420 τριφα-
1092 1344 1144 1401 614

60 1441 188 1512 λείας.“
219 1430 303 1500 ἀλλὰ
320 1428 420 1499 ταῦθ’
439 1429 520 1519 ὑμῖν
539 1435 592 1502 ἐπὶ
608 1431 759 1520 κεφαλὴν
777 1436 1011 1522 καταβήσεται,
1032 1429 1076 1512 ὥς

61 1528 128 1617 τὴν
139 1535 279 1614 πατρίδα
290 1527 386 1615 ὑμῶν
395 1531 632 1618 κατατρύχετε·
648 1529 690 1599 οὐ
700 1530 765 1618 γάρ
777 1539 1075 1620 αίθεροβατοῦντες

62 1637 170 1696 ταῦτα
199 1627 378 1716 ἠκηκόητε,
416 1627 457 1696 οά
484 1628 546 1717 τὴν
578 1631 810 1718 πολυάσχολον
841 1631 1076 1718 μαθηματικὴν

63 1728 320 1811 κατωρθώκατε.
342 1733 372 1795 εί
381 1729 420 1795 δέ
435 1751 473 1813 γε
484 1744 633 1815 μαντεῖαι
649 1731 705 1798 καλ
715 1742 861 1816 γοητεῖαι
877 1726 960 1814 ὑμᾶς
972 1731 1076 1812 παρί-

62 1848 196 1914 πεισαν,
209 1831 350 1896 διπλοῦν
361 1825 398 1894 τὸ
408 1835 467 1914 τῆς
478 1826 640 1915 ἀμαθίας·
654 1839 827 1916 γυναικοῖν
837 1830 902 1917 γάρ
912 1825 1076 1916 εὖρέματα

61 1932 169 1993 ταῦτα
180 1930 340 2011 γραιδίων
356 1929 411 1994 καὶ
422 1933 574 2012 παίγνια·
598 1930 650 1996 ἐπὶ
665 1927 753 1996 πολὺ
763 1927 828 2015 γάρ
841 1927 881 1997 τά
894 1937 1030 1997 τοιαῦτα
1042 1931 1079 1996 αλ

63 2030 134 2092 τῶν
144 2033 315 2112 γυναικῶν
326 2028 467 2093 ε’πίνοιαι
477 2028 698 2112 μετέρχονται.

151 2129 200 2191 26.
222 2129 363 2192 ΤΡΙΕΦ.
389 2129 432 2191 Τί
439 2125 476 2191 δὲ
487 2122 570 2209 πρὸς
580 2133 684 2193 ταῦτα
696 2129 842 2213 ἔφησαν,
861 2117 977 2194 ἀκαλὲ
990 2131 1075 2206 Κρι-

64 2227 135 2303 τία,
148 2224 182 2289 οἱ
190 2225 387 2307 κεκαρμένοι
398 2220 459 2308 τὴν
469 2224 607 2310 γνιόμην
618 2226 673 2291 καὶ
684 2221 745 2310 τὴν
757 2223 923 2305 διάνοιαν;

151 2325 231 2389 KPI
232 2327 266 2387 Τ.
281 2318 430 2387 ’Ἁπαυτα
446 2330 550 2388 ταῦτα
567 2327 781 2410 παρέδραμον
799 2328 844 2400 είς
861 2325 1009 2389 ἐπίνοιαν
1022 2347 1075 2388 τε·

65 2422 288 2504 τεχνασμένην
300 2421 602 2506 καταπεφευγότες·
626 2426 741 2506 ἔλεγον
751 2421 834 2507 γάρ,
855 2418 1076 2500 Ἡλίουςδέκα

66 2514 172 2582 ἀσιτοι
184 2521 406 2603 διαμενούμεν
418 2520 472 2586 καὶ
483 2521 535 2585 ἐπὶ
546 2520 739 2603 παννύχους
751 2517 919 2609 ὑμυφδίοις
929 2520 1076 2603 ἐπαγρυ-

66 2622 229 2694 πνοῦντες
240 2612 481 2703 ὀνειρώττομεν
492 2614 532 2683 τά
543 2626 688 2685 τοιαῦτα.

154 2718 295 2781 mm.
321 2713 376 2782 Σὺ
393 2715 429 2783 δὲ
449 2722 482 2782 τί
496 2714 580 2798 πρὸς
597 2713 720 2792 αὐτοὺς
743 2725 891 2801 είρηκαςς
913 2717 996 2800 μέγα
1011 2713 1075 2800 γάρ

65 2814 195 2895 ἔφησαν
206 2815 261 2877 καὶ
272 2815 525 2900 διηπορημένον.

152 2916 266 2979 ΚΡΙΤ.
291 2911 431 2996 Θάρσει,
450 2908 512 2979 οὐκ
524 2911 674 2997 ἀγεννές·
698 2907 853 2978 ἀντεῖπον
866 2908 980 2995 γάρτά
992 2911 1073 2978 κάλ-
1093 2913 1143 2970 61⁶

65 3013 170 3074 λιστα.
199 3007 239 3073 τά
261 3008 325 3094 γὰρ
345 3009 435 3093 παρὰ
457 3015 525 3076 τῶν
541 3007 686 3076 ἀστικῶν
703 3007 957 3094 θρυλλοάμενα,
980 3011 1075 3094 ἔφην,

65 3107 141 3190 περὶ
152 3102 264 3190 ὑμῶν,
284 3104 410 3173 ὁπόταν
427 3104 685 3190 όνειροπολεττε,
705 3103 745 3171 τοὶ
757 3105 893 3173 τοιαῦτά
911 3129 979 3172 που
989 3131 1074 3187 παρ·

66 3205 263 3289 εισάγονται.
305 3209 339 3272 οί
364 3207 401 3272 δὲ
431 3204 572 3291 σεσηρὸς
597 3201 874 3287 ὑπομειδιῶντες,
896 3201 980 3283 'Etru
1009 3229 1076 3271 που

64 3310 286 3387 παρέρχονται
307 3308 368 3368 τοῦ
389 3306 561 3369 κλινιδίου.
596 3293 639 3386 ἦν
662 3299 693 3367 δ’
717 3301 798 3385 ἐγώ,
821 3307 865 3369 El
879 3298 990 3387 ἀληθῆ
1013 3307 1074 3368 είσι

64 3407 188 3485 ταῦτα,
211 3390 238 3468 ἀ
260 3403 418 3483 αἰθέριοι,
441 3397 503 3468 οάκ
524 3397 568 3465 ἀν
584 3422 664 3466 ποτε
682 3396 838 3485 ἀσφαλῶς
854 3396 893 3466 τά
913 3402 1075 3486 μέλλοντα

64 3498 289 3584 ἐξιχνεύσητε,
312 3496 395 3566 ἀλλά
413 3499 692 3578 καταπεισθέντες
705 3495 765 3565 ὑπ’
786 3496 898 3565 αὐτοῖν
916 3498 1075 3584 ληρήσετε
