2625 4092
467 318 501 375 Η
507 318 713 375 ΡΑΚΛΗΣ
1034 318 1094 381 131

81 475 246 563 Ἡρακλῆς
262 474 279 542 ὁ
294 475 393 561 λόγος
408 478 511 561 ἕλκει,
527 475 610 561 μηδὲ
622 483 721 543 τοῦτο
732 482 912 568 θαυμάσῃς
925 479 1020 559 είδώς
1031 479 1095 566 τῆν

87 571 183 641 εότων
199 578 253 642 καὶ
268 574 412 659 γλεόττης
427 575 641 658 συγγένειαν·
665 574 740 642 οὐδ’
757 576 855 664 ύβρις
871 584 916 656 είς
930 577 1052 663 αὐτόν,
1066 584 1097 644 εί

86 673 190 759 ταύτη
208 673 421 757 τετρύπηται·
451 674 619 759 μέμνημαι
638 682 742 760 γοῦν,
763 681 844 762 ἐφη,
866 678 921 744 καὶ
935 681 1093 761 κωμικόν
1107 692 1142 747 85

84 796 188 836 τινων
204 776 362 855 ἰαμβείων
376 768 456 853 παρ’
472 769 570 856 ὑμῶν
584 772 717 857 μαθων,

379 881 447 945 τοῖς
461 864 527 953 γάρ
543 869 696 939 λάλοισιυ
712 874 746 952 ἐξ
759 871 867 957 άκρου

252 963 272 1050 ἡ
289 971 416 1050 γλῶττα
431 972 533 1034 πᾶσίν
548 968 616 1035 ἐστι
630 976 869 1057 τετρυπημένη.

82 1072 114 1130 6.
128 1058 164 1129 τό
177 1059 208 1127 δ’
220 1060 301 1128 ὅλου
312 1063 367 1129 καὶ
377 1060 482 1129 αὐτόν
489 1063 582 1150 ἡμεῖς
591 1063 651 1132 τόν
660 1064 823 1150 Ἡρακλέα
834 1070 921 1160 λόγῳ
933 1068 972 1135 τά
983 1069 1093 1137 πάντα

82 1158 262 1246 ἡγούμεθα
277 1161 518 1245 ἐξεργάσασθαι
532 1161 642 1247 σοφόν
654 1168 839 1251 γευόμενον
853 1168 908 1233 καὶ
922 1176 1039 1234 πειθοῖ
1050 1162 1092 1232 τά

82 1269 221 1326 πλεῖστα
236 1258 428 1346 βιάσασθαι.
452 1263 506 1328 καὶ
520 1260 560 1327 τά
574 1286 613 1347 γε
628 1267 707 1348 βέλη
723 1262 828 1330 αὐτοῦ
844 1269 878 1330 οί
888 1265 981 1350 λόγοι
996 1268 1091 1346 είσίυ,

82 1356 194 1441 οἶμαι,
211 1354 294 1436 ὀξεῖς
309 1360 364 1425 καὶ
380 1356 529 1443 εὔστοχοι
539 1360 593 1425 καὶ
605 1374 711 1445 ταχεῖς
722 1365 775 1427 καὶ
786 1357 845 1439 τάς
856 1360 963 1447 ψυχάς
974 1360 1093 1441 τιτρεό-

83 1481 238 1534 σκοντες·
267 1456 448 1540 πτερόεντα
467 1464 554 1543 γοῦν
572 1454 612 1524 τά
631 1463 693 1543 ἔπη
711 1460 764 1525 καὶ
785 1456 878 1544 ὑμεῖς
899 1484 982 1543 φατε
997 1455 1089 1524 εἶναι.

16 1612 20 1619 .
82 1561 113 1625 7.
130 1562 275 1622 τοσαῦτα
290 1556 352 1639 μὲν
367 1553 384 1619 ὁ
399 1555 533 1631 Κελτός.
562 1556 633 1639 ἐμοὶ
655 1557 691 1621 δὲ
707 1554 806 1640 ἡνίκα
827 1560 902 1640 περὶ
918 1566 974 1641 τῆς
990 1560 1091 1637 δεῦρο
1199 1634 1201 1639 Β

81 1652 238 1736 παρόδου
252 1652 373 1737 ταύτης
393 1654 606 1739 ἐσκοπούμην
621 1653 704 1736 πρὸς
721 1657 883 1741 ἐμαυτόν,
909 1665 942 1722 εί
957 1680 1013 1739 μοι
1029 1680 1092 1720 κα-

80 1756 151 1828 λῶς
171 1755 234 1834 ἔχει
256 1753 416 1839 τηλικῷδε
438 1749 510 1818 όντι
534 1756 588 1817 καὶ
611 1752 713 1819 πάλαι
730 1759 798 1818 τῶν
824 1754 1012 1832 ἐπιδείξεων
1031 1776 1092 1818 πε-

82 1856 245 1937 παυμένῳ
261 1842 362 1927 αὖθις
379 1847 464 1934 ὑπὲρ
482 1854 627 1935 ἐμαυτοῦ
641 1859 759 1937 ψῆφον
775 1853 905 1917 διδόναι
919 1852 1092 1929 τοσούτοις

81 1952 269 2027 δικασταῖς,
294 1946 377 2015 κατά
392 1948 513 2031 καιρόν
528 1952 676 2035 ἐπῆλθεν
696 1948 954 2036 ἀναμνησθῆναι
972 1957 1029 2035 τῆς
1044 1954 1092 2015 εί-

81 2045 202 2123 κόνος·
225 2047 305 2123 τέως
319 2046 380 2130 μέν
395 2045 459 2133 γάρ
475 2050 628 2132 ἐδεδίειν,
646 2049 692 2134 μή
704 2075 769 2115 τινι
780 2046 877 2133 ὑμῶν
891 2047 1021 2131 δόξαιμι
1031 2072 1092 2115 κο-

79 2145 165 2229 μιδῆ
176 2143 376 2229 μειρακιώδη
387 2152 491 2212 ταῦτα
500 2160 609 2213 ποιεῖν
620 2145 674 2211 καὶ
687 2144 767 2227 παρ’
777 2143 910 2232 ἡλικίαν
921 2143 1092 2210 νεανιεύε-

81 2251 184 2325 σθαι,
205 2233 288 2329 κᾷτά
303 2268 351 2319 τις
359 2240 534 2328 Ὁμηρικὸς
549 2251 723 2323 νεανίσκος
737 2244 905 2330 ἐπιπλήξει
919 2268 976 2327 μοι
988 2237 1092 2308 είπάιν

79 2342 119 2407 τό
127 2391 137 2424 ,
161 2338 230 2425 ,,σὴ
253 2340 288 2407 δὲ
311 2348 365 2428 βίη
388 2347 565 2427 λέλυται,“
585 2344 639 2409 καὶ
660 2339 833 2427 ,χαλεπὸν
853 2347 958 2427 γῆρας
981 2346 1090 2406 κατεί-

80 2442 171 2525 ληφέ
187 2447 263 2523 σε,“

123 2536 291 2624 ῆπεδανός
308 2541 347 2605 δέ
359 2540 402 2605 νύ
417 2564 467 2608 τοι
480 2538 661 2624 θεράπων,
676 2541 813 2626 βραδέες
824 2540 863 2604 δέ
876 2563 926 2603 τοι
941 2539 1047 2619 ἵπποι,

81 2665 115 2717 ες
130 2636 210 2715 τούς
230 2638 336 2717 πόδας
354 2648 452 2707 τούτο
473 2636 714 2706 άποσκοόπτων.
748 2632 823 2702 ἄλλ’
840 2633 922 2701 ὅταν
939 2630 1091 2719 άναμνη-

81 2742 160 2804 σθω
186 2743 247 2803 τοῦ
269 2738 425 2824 μέροπας
448 2741 579 2807 ἐκείνου
597 2733 817 2820 Ἡρακλέους,
847 2732 956 2800 πάντα
982 2746 1091 2799 ποιεῖν

81 2835 274 2920 προάγομαι
293 2838 346 2902 καὶ
362 2832 424 2902 οὐκ
440 2840 597 2919 αἰδοῦμαι
611 2840 747 2901 τοιαῦτα
767 2840 900 2918 τολμωυ
915 2830 1092 2919 ἡλικιιότης

81 2929 132 2999 ιόν
150 2940 206 3017 τῆς
222 2933 358 3011 εἰκόνος.
386 2939 414 3002 8.
433 2931 516 2999 ὥστε
530 2935 622 3017 ἰσχύς
639 2936 701 3019 μέυ
718 2935 772 2999 καὶ
788 2933 886 3017 τάχος
900 2932 954 2999 καὶ
969 2931 1090 3009 κάλλος
1103 2947 1140 3003 86

81 3033 138 3098 καὶ
156 3029 218 3098 ὅσα
233 3031 383 3117 σωματος
398 3031 511 3117 άγαθά
526 3036 681 3117 χαιρέτω,
698 3035 753 3099 καὶ
769 3028 931 3114 δ”Ερωςὸ
949 3028 1007 3108 σός
1021 3033 1091 3098 έσι-

81 3131 156 3197 δοίν
170 3155 228 3214 με,
244 3122 272 3197 ό
290 3131 367 3215 Τὴῖε
382 3130 518 3216 ποιητά,
535 3129 721 3200 ὑποπόλιον
735 3134 867 3216 γένειον
877 3132 1091 3215 χρυσοφαέν-

82 3255 156 3295 νων
172 3234 203 3297 εί
221 3229 375 3316 βούλεται
395 3228 571 3314 πτερύγων
586 3228 702 3317 άὴταις
717 3232 975 3315 παραπετέσθω,
1000 3214 1089 3297 καλό

79 3326 304 3413 Ἱπποκλείδης
324 3325 365 3393 οὐ
387 3341 545 3412 φροντιεῖ.
581 3328 734 3419 τῷλόγῳ
755 3328 791 3395 δέ
808 3334 874 3395 νῦν
891 3324 935 3393 άν
949 3326 1091 3413 μάλιστα

82 3424 217 3514 άυηβάυ
231 3430 285 3493 καὶ
299 3424 419 3494 άυθεῖυ
439 3428 495 3494 καὶ
514 3424 673 3513 άκμάζειν
685 3424 768 3495 καθ’
791 3426 882 3508 ὥραν
898 3437 949 3512 εέη
964 3431 1018 3494 καὶ
1036 3428 1092 3494 ἐλ-

83 3552 157 3591 κειν
169 3533 237 3592 τῶν
250 3523 344 3592 ὤτων
355 3524 456 3604 ὅσους
468 3521 511 3591 άυ
522 3533 697 3604 πλείστους
710 3524 861 3611 δύνηται,
877 3526 931 3593 καὶ
941 3525 1091 3604 τοξεύειν

908 3616 928 3673 9
940 3619 954 3653 ss
