<?xml version="1.0" encoding="UTF-8"?>
<!DOCTYPE html PUBLIC "-//W3C//DTD XHTML 1.0 Transitional//EN"
    "http://www.w3.org/TR/xhtml1/DTD/xhtml1-transitional.dtd">
<html xmlns="http://www.w3.org/1999/xhtml" xml:lang="en" lang="en">
 <head>
  <title>
</title>
<meta http-equiv="Content-Type" content="text/html;charset=utf-8" />
  <meta name='ocr-system' content='tesseract 3.04.00' />
  <meta name='ocr-capabilities' content='ocr_page ocr_carea ocr_par ocr_line ocrx_word'/>
</head>
<body>
  <div class='ocr_page' id='page_1' title='image "./lucianisamosate04jacogoog/lucianisamosate04jacogoog_0131.png"; bbox 0 0 2625 4092; ppageno 0'>
   <div class='ocr_carea' id='block_1_1' title="bbox 427 298 1083 365">
    <p class='ocr_par' dir='ltr' id='par_1_1' title="bbox 427 298 1083 365">
     <span class='ocr_line' id='line_1_1' title="bbox 427 298 1083 365; baseline 0.006 -6"><span class='ocrx_word' id='word_1_1' title='bbox 427 304 727 362; x_wconf 80' lang='grc' dir='ltr'><em>ΑΝΑΧΑΡΣΙΣ</em></span> <span class='ocrx_word' id='word_1_2' title='bbox 1042 298 1083 365; x_wconf 81' lang='grc'><strong><em>75</em></strong></span> 
     </span>
    </p>
   </div>
   <div class='ocr_carea' id='block_1_2' title="bbox 70 461 1154 2224">
    <p class='ocr_par' dir='ltr' id='par_1_2' title="bbox 70 461 1154 2224">
     <span class='ocr_line' id='line_1_2' title="bbox 70 461 1085 553; baseline -0.002 -21"><span class='ocrx_word' id='word_1_3' title='bbox 70 487 187 553; x_wconf 81' lang='grc' dir='ltr'><strong><em>χαρσι,</em></strong></span> <span class='ocrx_word' id='word_1_4' title='bbox 203 466 256 531; x_wconf 78' lang='grc' dir='ltr'><strong><em>καὶ</em></strong></span> <span class='ocrx_word' id='word_1_5' title='bbox 267 463 329 550; x_wconf 79' lang='grc' dir='ltr'><strong><em>τὴν</em></strong></span> <span class='ocrx_word' id='word_1_6' title='bbox 340 463 447 548; x_wconf 86' lang='grc' dir='ltr'><strong><em>άλλην</em></strong></span> <span class='ocrx_word' id='word_1_7' title='bbox 457 461 598 531; x_wconf 68' lang='grc' dir='ltr'><strong><em>Ἐλλάδα</em></strong></span> <span class='ocrx_word' id='word_1_8' title='bbox 610 464 866 551; x_wconf 76' lang='grc' dir='ltr'><strong><em>ἐπελεύσεσθαι,</em></strong></span> <span class='ocrx_word' id='word_1_9' title='bbox 881 472 1029 550; x_wconf 79' lang='grc' dir='ltr'><strong><em>μέμνησο</em></strong></span> <span class='ocrx_word' id='word_1_10' title='bbox 1040 463 1085 549; x_wconf 83' lang='grc' dir='ltr'><strong><em>ἥν</em></strong></span> 
     </span>
     <span class='ocr_line' id='line_1_3' title="bbox 71 560 1083 650; baseline -0.001 -20"><span class='ocrx_word' id='word_1_11' title='bbox 71 588 150 631; x_wconf 89' lang='grc' dir='ltr'><strong><em>ποτε</em></strong></span> <span class='ocrx_word' id='word_1_12' title='bbox 175 564 230 629; x_wconf 83' lang='grc' dir='ltr'><strong><em>καὶ</em></strong></span> <span class='ocrx_word' id='word_1_13' title='bbox 250 564 283 640; x_wconf 81' lang='grc' dir='ltr'><strong><em>ἐς</em></strong></span> <span class='ocrx_word' id='word_1_14' title='bbox 299 565 532 645; x_wconf 85' lang='grc' dir='ltr'><strong><em>Λακεδαίμονα</em></strong></span> <span class='ocrx_word' id='word_1_15' title='bbox 549 567 667 648; x_wconf 78' lang='grc' dir='ltr'><strong><em>ἔλθῃς,</em></strong></span> <span class='ocrx_word' id='word_1_16' title='bbox 692 560 736 647; x_wconf 79' lang='grc' dir='ltr'><strong><em>μὴ</em></strong></span> <span class='ocrx_word' id='word_1_17' title='bbox 759 564 979 649; x_wconf 77' lang='grc' dir='ltr'><em>καταγελάσαι</em></span> <span class='ocrx_word' id='word_1_18' title='bbox 1001 564 1083 650; x_wconf 78' lang='grc' dir='ltr'><strong><em>μηδὲ</em></strong></span> 
     </span>
     <span class='ocr_line' id='line_1_4' title="bbox 70 655 1084 747; baseline -0.002 -17"><span class='ocrx_word' id='word_1_19' title='bbox 70 665 211 731; x_wconf 76' lang='grc' dir='ltr'><strong><em>ἐκείνων</em></strong></span> <span class='ocrx_word' id='word_1_20' title='bbox 232 660 314 745; x_wconf 72' lang='grc' dir='ltr'><strong><em>μηδὲ</em></strong></span> <span class='ocrx_word' id='word_1_21' title='bbox 338 668 470 727; x_wconf 88' lang='grc' dir='ltr'><strong><em>οἰεσθαι</em></strong></span> <span class='ocrx_word' id='word_1_22' title='bbox 489 660 598 746; x_wconf 92' lang='grc' dir='ltr'><strong><em>μάτην</em></strong></span> <span class='ocrx_word' id='word_1_23' title='bbox 619 675 737 728; x_wconf 78' lang='grc' dir='ltr'><strong><em>πονεῖν</em></strong></span> <span class='ocrx_word' id='word_1_24' title='bbox 758 660 898 744; x_wconf 82' lang='grc' dir='ltr'><strong><em>αὐτούς,</em></strong></span> <span class='ocrx_word' id='word_1_25' title='bbox 921 655 1084 747; x_wconf 82' lang='grc' dir='ltr'><strong><em>ὁπότανῆ</em></strong></span> 
     </span>
     <span class='ocr_line' id='line_1_5' title="bbox 71 759 1154 847; baseline 0 -20"><span class='ocrx_word' id='word_1_26' title='bbox 71 768 217 845; x_wconf 79' lang='grc' dir='ltr'><em>σφαίρας</em></span> <span class='ocrx_word' id='word_1_27' title='bbox 232 762 306 840; x_wconf 87' lang='grc' dir='ltr'><strong><em>πέρι</em></strong></span> <span class='ocrx_word' id='word_1_28' title='bbox 320 762 356 825; x_wconf 89' lang='grc' dir='ltr'><strong><em>ἐν</em></strong></span> <span class='ocrx_word' id='word_1_29' title='bbox 370 764 417 846; x_wconf 77' lang='grc' dir='ltr'><strong><em>τῷ</em></strong></span> <span class='ocrx_word' id='word_1_30' title='bbox 432 760 566 847; x_wconf 77' lang='grc' dir='ltr'><em>θεάτρῳ</em></span> <span class='ocrx_word' id='word_1_31' title='bbox 581 761 808 844; x_wconf 82' lang='grc' dir='ltr'><strong><em>συμπεσόντες</em></strong></span> <span class='ocrx_word' id='word_1_32' title='bbox 822 768 964 828; x_wconf 87' lang='grc' dir='ltr'><strong><em>παίωσιν</em></strong></span> <span class='ocrx_word' id='word_1_33' title='bbox 980 759 1084 845; x_wconf 85' lang='grc' dir='ltr'><strong><em>άλλή-</em></strong></span> <span class='ocrx_word' id='word_1_34' title='bbox 1102 771 1154 827; x_wconf 82' lang='lat'><strong><em>919</em></strong></span> 
     </span>
     <span class='ocr_line' id='line_1_6' title="bbox 70 852 1086 944; baseline -0.001 -19"><span class='ocrx_word' id='word_1_35' title='bbox 70 852 189 942; x_wconf 80' lang='grc' dir='ltr'><strong><em>λουςῆ</em></strong></span> <span class='ocrx_word' id='word_1_36' title='bbox 212 859 245 934; x_wconf 86' lang='grc' dir='ltr'><strong><em>ές</em></strong></span> <span class='ocrx_word' id='word_1_37' title='bbox 260 862 384 941; x_wconf 83' lang='grc' dir='ltr'><strong><em>χωρίον</em></strong></span> <span class='ocrx_word' id='word_1_38' title='bbox 399 855 595 934; x_wconf 84' lang='grc' dir='ltr'><strong><em>ἐσελθόντες</em></strong></span> <span class='ocrx_word' id='word_1_39' title='bbox 615 856 713 923; x_wconf 87' lang='grc' dir='ltr'><strong><em>ῦδατι</em></strong></span> <span class='ocrx_word' id='word_1_40' title='bbox 730 863 1038 944; x_wconf 79' lang='grc' dir='ltr'><strong><em>περιγεγραμμένον</em></strong></span> <span class='ocrx_word' id='word_1_41' title='bbox 1052 860 1086 935; x_wconf 90' lang='grc' dir='ltr'><strong><em>ές</em></strong></span> 
     </span>
     <span class='ocr_line' id='line_1_7' title="bbox 72 952 1085 1042; baseline -0.001 -20"><span class='ocrx_word' id='word_1_42' title='bbox 72 957 230 1042; x_wconf 76' lang='grc' dir='ltr'><em>φάλαγγα</em></span> <span class='ocrx_word' id='word_1_43' title='bbox 251 955 445 1032; x_wconf 78' lang='grc' dir='ltr'><strong><em>διαστάντες</em></strong></span> <span class='ocrx_word' id='word_1_44' title='bbox 457 952 498 1021; x_wconf 85' lang='grc' dir='ltr'><strong><em>τά</em></strong></span> <span class='ocrx_word' id='word_1_45' title='bbox 520 963 689 1039; x_wconf 86' lang='grc' dir='ltr'><strong><em>πολεμίων</em></strong></span> <span class='ocrx_word' id='word_1_46' title='bbox 703 953 868 1042; x_wconf 77' lang='grc' dir='ltr'><strong><em>ἀλλήλους</em></strong></span> <span class='ocrx_word' id='word_1_47' title='bbox 885 955 1085 1040; x_wconf 75' lang='grc' dir='ltr'><strong><em>ἐργάζωνται</em></strong></span> 
     </span>
     <span class='ocr_line' id='line_1_8' title="bbox 70 1047 1085 1141; baseline -0.003 -20"><span class='ocrx_word' id='word_1_48' title='bbox 70 1054 195 1141; x_wconf 88' lang='grc' dir='ltr'><strong><em>γυμνοὶ</em></strong></span> <span class='ocrx_word' id='word_1_49' title='bbox 210 1055 264 1120; x_wconf 83' lang='grc' dir='ltr'><strong><em>καί</em></strong></span> <span class='ocrx_word' id='word_1_50' title='bbox 279 1050 390 1137; x_wconf 82' lang='grc' dir='ltr'><strong><em>αὐτοί,</em></strong></span> <span class='ocrx_word' id='word_1_51' title='bbox 406 1050 481 1137; x_wconf 84' lang='grc' dir='ltr'><strong><em>άχρι</em></strong></span> <span class='ocrx_word' id='word_1_52' title='bbox 499 1047 543 1119; x_wconf 83' lang='grc' dir='ltr'><strong><em>άν</em></strong></span> <span class='ocrx_word' id='word_1_53' title='bbox 559 1054 724 1139; x_wconf 80' lang='grc' dir='ltr'><strong><em>ἐκβάλωσι</em></strong></span> <span class='ocrx_word' id='word_1_54' title='bbox 742 1062 802 1121; x_wconf 92' lang='grc' dir='ltr'><strong><em>τοῦ</em></strong></span> <span class='ocrx_word' id='word_1_55' title='bbox 817 1055 1085 1140; x_wconf 84' lang='grc' dir='ltr'><strong><em>περιγράμματος</em></strong></span> 
     </span>
     <span class='ocr_line' id='line_1_9' title="bbox 70 1150 1087 1237; baseline -0.001 -17"><span class='ocrx_word' id='word_1_56' title='bbox 70 1150 107 1220; x_wconf 85' lang='grc' dir='ltr'><strong><em>τῦ</em></strong></span> <span class='ocrx_word' id='word_1_57' title='bbox 124 1153 242 1233; x_wconf 80' lang='grc' dir='ltr'><strong><em>ἕτερον</em></strong></span> <span class='ocrx_word' id='word_1_58' title='bbox 258 1150 432 1237; x_wconf 81' lang='grc' dir='ltr'><strong><em>σύνταγμα</em></strong></span> <span class='ocrx_word' id='word_1_59' title='bbox 450 1156 483 1219; x_wconf 90' lang='grc' dir='ltr'><strong><em>οἰ</em></strong></span> <span class='ocrx_word' id='word_1_60' title='bbox 496 1154 618 1236; x_wconf 76' lang='grc' dir='ltr'><strong><em>ἕτεροι,</em></strong></span> <span class='ocrx_word' id='word_1_61' title='bbox 642 1150 722 1231; x_wconf 92' lang='grc' dir='ltr'><strong><em>τοῦς</em></strong></span> <span class='ocrx_word' id='word_1_62' title='bbox 738 1152 821 1219; x_wconf 82' lang='grc' dir='ltr'><strong><em>κατὰ</em></strong></span> <span class='ocrx_word' id='word_1_63' title='bbox 836 1158 1037 1237; x_wconf 89' lang='grc' dir='ltr'><strong><em>Λυκοῦργον</em></strong></span> <span class='ocrx_word' id='word_1_64' title='bbox 1053 1156 1087 1219; x_wconf 83' lang='grc' dir='ltr'><strong><em>οἰ</em></strong></span> 
     </span>
     <span class='ocr_line' id='line_1_10' title="bbox 71 1245 1083 1336; baseline -0.001 -19"><span class='ocrx_word' id='word_1_65' title='bbox 71 1249 151 1318; x_wconf 85' lang='grc' dir='ltr'><strong><em>καθ’</em></strong></span> <span class='ocrx_word' id='word_1_66' title='bbox 165 1248 330 1331; x_wconf 78' lang='grc' dir='ltr'><strong><em>Ἡρακλέα</em></strong></span> <span class='ocrx_word' id='word_1_67' title='bbox 346 1245 368 1336; x_wconf 79' lang='grc' dir='ltr'><strong><em>ἦ</em></strong></span> <span class='ocrx_word' id='word_1_68' title='bbox 383 1256 542 1335; x_wconf 80' lang='grc' dir='ltr'><strong><em>ἔμπαλιν,</em></strong></span> <span class='ocrx_word' id='word_1_69' title='bbox 561 1260 800 1331; x_wconf 81' lang='grc' dir='ltr'><strong><em>συνωθοῦντες</em></strong></span> <span class='ocrx_word' id='word_1_70' title='bbox 813 1257 846 1331; x_wconf 97' lang='grc' dir='ltr'><strong><em>ἐς</em></strong></span> <span class='ocrx_word' id='word_1_71' title='bbox 861 1250 898 1319; x_wconf 86' lang='grc' dir='ltr'><strong><em>τῦ</em></strong></span> <span class='ocrx_word' id='word_1_72' title='bbox 916 1250 1025 1334; x_wconf 79' lang='grc' dir='ltr'><strong><em>ὕδωρ·</em></strong></span> <span class='ocrx_word' id='word_1_73' title='bbox 1046 1249 1083 1317; x_wconf 84' lang='grc' dir='ltr'><strong><em>τῦ</em></strong></span> 
     </span>
     <span class='ocr_line' id='line_1_11' title="bbox 71 1346 1084 1435; baseline 0.001 -21"><span class='ocrx_word' id='word_1_74' title='bbox 71 1346 135 1434; x_wconf 82' lang='grc' dir='ltr'><strong><em>γάρ</em></strong></span> <span class='ocrx_word' id='word_1_75' title='bbox 150 1346 218 1415; x_wconf 86' lang='grc' dir='ltr'><strong><em>άπὸ</em></strong></span> <span class='ocrx_word' id='word_1_76' title='bbox 233 1349 357 1416; x_wconf 85' lang='grc' dir='ltr'><strong><em>τοῦτον</em></strong></span> <span class='ocrx_word' id='word_1_77' title='bbox 371 1350 487 1435; x_wconf 80' lang='grc' dir='ltr'><strong><em>εἰρήνη</em></strong></span> <span class='ocrx_word' id='word_1_78' title='bbox 498 1348 618 1418; x_wconf 86' lang='grc' dir='ltr'><strong><em>λοιπδν</em></strong></span> <span class='ocrx_word' id='word_1_79' title='bbox 633 1351 688 1417; x_wconf 84' lang='grc' dir='ltr'><strong><em>καὶ</em></strong></span> <span class='ocrx_word' id='word_1_80' title='bbox 699 1348 810 1429; x_wconf 79' lang='grc' dir='ltr'><strong><em>οὐδεὶς</em></strong></span> <span class='ocrx_word' id='word_1_81' title='bbox 822 1347 865 1417; x_wconf 85' lang='grc' dir='ltr'><strong><em>άν</em></strong></span> <span class='ocrx_word' id='word_1_82' title='bbox 879 1356 925 1417; x_wconf 79' lang='grc' dir='ltr'><strong><em>ἔτι</em></strong></span> <span class='ocrx_word' id='word_1_83' title='bbox 939 1357 1084 1418; x_wconf 89' lang='grc' dir='ltr'><strong><em>παίσειε·</em></strong></span> 
     </span>
     <span class='ocr_line' id='line_1_12' title="bbox 71 1443 1084 1539; baseline 0.001 -25"><span class='ocrx_word' id='word_1_84' title='bbox 71 1451 217 1533; x_wconf 89' lang='grc' dir='ltr'><strong><em>μάλιστα</em></strong></span> <span class='ocrx_word' id='word_1_85' title='bbox 229 1449 265 1515; x_wconf 75' lang='grc' dir='ltr'><strong><em>δὲ</em></strong></span> <span class='ocrx_word' id='word_1_86' title='bbox 280 1443 324 1536; x_wconf 77' lang='grc' dir='ltr'><strong><em>ἢν</em></strong></span> <span class='ocrx_word' id='word_1_87' title='bbox 335 1445 415 1537; x_wconf 81' lang='grc' dir='ltr'><strong><em>ὁρᾷς</em></strong></span> <span class='ocrx_word' id='word_1_88' title='bbox 426 1452 713 1535; x_wconf 82' lang='grc' dir='ltr'><strong><em>μαστιγουμένους</em></strong></span> <span class='ocrx_word' id='word_1_89' title='bbox 727 1446 851 1527; x_wconf 89' lang='grc' dir='ltr'><strong><em>αῦτοῦς</em></strong></span> <span class='ocrx_word' id='word_1_90' title='bbox 862 1451 914 1516; x_wconf 85' lang='grc' dir='ltr'><strong><em>ε’πί</em></strong></span> <span class='ocrx_word' id='word_1_91' title='bbox 925 1456 970 1539; x_wconf 75' lang='grc' dir='ltr'><strong><em>τῷ</em></strong></span> <span class='ocrx_word' id='word_1_92' title='bbox 981 1455 1084 1535; x_wconf 76' lang='grc' dir='ltr'><strong><em>βωμῷ</em></strong></span> 
     </span>
     <span class='ocr_line' id='line_1_13' title="bbox 71 1548 1084 1632; baseline 0.001 -20"><span class='ocrx_word' id='word_1_93' title='bbox 71 1549 126 1613; x_wconf 86' lang='grc' dir='ltr'><strong><em>καί</em></strong></span> <span class='ocrx_word' id='word_1_94' title='bbox 142 1549 257 1632; x_wconf 74' lang='grc' dir='ltr'><strong><em>αἵματι</em></strong></span> <span class='ocrx_word' id='word_1_95' title='bbox 274 1548 470 1632; x_wconf 80' lang='grc' dir='ltr'><strong><em>ῥεομένους,</em></strong></span> <span class='ocrx_word' id='word_1_96' title='bbox 486 1549 629 1629; x_wconf 84' lang='grc' dir='ltr'><strong><em>πατέρας</em></strong></span> <span class='ocrx_word' id='word_1_97' title='bbox 644 1548 680 1616; x_wconf 81' lang='grc' dir='ltr'><strong><em>δέ</em></strong></span> <span class='ocrx_word' id='word_1_98' title='bbox 690 1550 744 1615; x_wconf 88' lang='grc' dir='ltr'><strong><em>καί</em></strong></span> <span class='ocrx_word' id='word_1_99' title='bbox 758 1550 900 1632; x_wconf 85' lang='grc' dir='ltr'><strong><em>μητέρας</em></strong></span> <span class='ocrx_word' id='word_1_100' title='bbox 911 1548 1084 1629; x_wconf 82' lang='grc' dir='ltr'><strong><em>παρεστά-</em></strong></span> 
     </span>
     <span class='ocr_line' id='line_1_14' title="bbox 73 1640 1083 1731; baseline 0.003 -22"><span class='ocrx_word' id='word_1_101' title='bbox 73 1664 133 1720; x_wconf 90' lang='grc' dir='ltr'><strong><em>σας</em></strong></span> <span class='ocrx_word' id='word_1_102' title='bbox 157 1640 220 1729; x_wconf 83' lang='grc' dir='ltr'><strong><em>οὐχ</em></strong></span> <span class='ocrx_word' id='word_1_103' title='bbox 236 1643 326 1723; x_wconf 86' lang='grc' dir='ltr'><strong><em>ὅπως</em></strong></span> <span class='ocrx_word' id='word_1_104' title='bbox 342 1641 529 1728; x_wconf 86' lang='grc' dir='ltr'><strong><em>άνιωμένας</em></strong></span> <span class='ocrx_word' id='word_1_105' title='bbox 547 1647 598 1712; x_wconf 86' lang='grc' dir='ltr'><strong><em>έπί</em></strong></span> <span class='ocrx_word' id='word_1_106' title='bbox 618 1660 686 1724; x_wconf 85' lang='grc' dir='ltr'><strong><em>τοῖς</em></strong></span> <span class='ocrx_word' id='word_1_107' title='bbox 700 1648 911 1731; x_wconf 89' lang='grc' dir='ltr'><strong><em>γιγνομένοις</em></strong></span> <span class='ocrx_word' id='word_1_108' title='bbox 925 1642 1008 1712; x_wconf 79' lang='grc' dir='ltr'><strong><em>ἀλλὰ</em></strong></span> <span class='ocrx_word' id='word_1_109' title='bbox 1029 1646 1083 1712; x_wconf 80' lang='grc' dir='ltr'><strong><em>καὶ</em></strong></span> 
     </span>
     <span class='ocr_line' id='line_1_15' title="bbox 72 1738 1085 1828; baseline 0.002 -21"><span class='ocrx_word' id='word_1_110' title='bbox 72 1738 293 1825; x_wconf 85' lang='grc' dir='ltr'><strong><em>άπειλοάσας,</em></strong></span> <span class='ocrx_word' id='word_1_111' title='bbox 314 1747 345 1810; x_wconf 89' lang='grc' dir='ltr'><strong><em>εἰ</em></strong></span> <span class='ocrx_word' id='word_1_112' title='bbox 363 1740 407 1827; x_wconf 82' lang='grc' dir='ltr'><strong><em>μὴ</em></strong></span> <span class='ocrx_word' id='word_1_113' title='bbox 424 1739 593 1828; x_wconf 82' lang='grc' dir='ltr'><strong><em>άντέχοιεν</em></strong></span> <span class='ocrx_word' id='word_1_114' title='bbox 610 1740 694 1826; x_wconf 82' lang='grc' dir='ltr'><strong><em>πρὸς</em></strong></span> <span class='ocrx_word' id='word_1_115' title='bbox 708 1741 766 1821; x_wconf 86' lang='grc' dir='ltr'><strong><em>τάς</em></strong></span> <span class='ocrx_word' id='word_1_116' title='bbox 781 1742 926 1828; x_wconf 88' lang='grc' dir='ltr'><strong><em>πληγάς,</em></strong></span> <span class='ocrx_word' id='word_1_117' title='bbox 946 1743 1000 1810; x_wconf 82' lang='grc' dir='ltr'><strong><em>καὶ</em></strong></span> <span class='ocrx_word' id='word_1_118' title='bbox 1013 1747 1085 1810; x_wconf 86' lang='grc' dir='ltr'><strong><em>ἰκε-</em></strong></span> 
     </span>
     <span class='ocr_line' id='line_1_16' title="bbox 73 1838 1085 1926; baseline 0.001 -19"><span class='ocrx_word' id='word_1_119' title='bbox 73 1838 239 1918; x_wconf 87' lang='grc' dir='ltr'><strong><em>τευοῦσας</em></strong></span> <span class='ocrx_word' id='word_1_120' title='bbox 260 1842 311 1907; x_wconf 84' lang='grc' dir='ltr'><strong><em>ε’πί</em></strong></span> <span class='ocrx_word' id='word_1_121' title='bbox 330 1841 491 1926; x_wconf 81' lang='grc' dir='ltr'><strong><em>μήκιστον</em></strong></span> <span class='ocrx_word' id='word_1_122' title='bbox 514 1843 686 1924; x_wconf 82' lang='grc' dir='ltr'><strong><em>διαρκέσαι</em></strong></span> <span class='ocrx_word' id='word_1_123' title='bbox 710 1838 795 1925; x_wconf 83' lang='grc' dir='ltr'><strong><em>πρὸς</em></strong></span> <span class='ocrx_word' id='word_1_124' title='bbox 818 1838 878 1908; x_wconf 87' lang='grc' dir='ltr'><strong><em>τδν</em></strong></span> <span class='ocrx_word' id='word_1_125' title='bbox 902 1841 1010 1907; x_wconf 86' lang='grc' dir='ltr'><strong><em>πόνον</em></strong></span> <span class='ocrx_word' id='word_1_126' title='bbox 1030 1842 1085 1909; x_wconf 82' lang='grc' dir='ltr'><strong><em>καὶ</em></strong></span> 
     </span>
     <span class='ocr_line' id='line_1_17' title="bbox 73 1944 1085 2027; baseline -0.002 -20"><span class='ocrx_word' id='word_1_127' title='bbox 73 1944 313 2025; x_wconf 76' lang='grc' dir='ltr'><strong><em>ἐγκαρτερῆσαι</em></strong></span> <span class='ocrx_word' id='word_1_128' title='bbox 326 1955 395 2018; x_wconf 89' lang='grc' dir='ltr'><strong><em>τοῖς</em></strong></span> <span class='ocrx_word' id='word_1_129' title='bbox 410 1944 541 2019; x_wconf 85' lang='grc' dir='ltr'><strong><em>δεινοῖς.</em></strong></span> <span class='ocrx_word' id='word_1_130' title='bbox 570 1944 687 2009; x_wconf 82' lang='grc' dir='ltr'><strong><em>πολλοὶ</em></strong></span> <span class='ocrx_word' id='word_1_131' title='bbox 704 1948 790 2027; x_wconf 90' lang='grc' dir='ltr'><strong><em>γοῦν</em></strong></span> <span class='ocrx_word' id='word_1_132' title='bbox 804 1945 859 2009; x_wconf 85' lang='grc' dir='ltr'><strong><em>καί</em></strong></span> <span class='ocrx_word' id='word_1_133' title='bbox 874 1944 1085 2009; x_wconf 79' lang='grc' dir='ltr'><strong><em>ἐναπέθανον</em></strong></span> 
     </span>
     <span class='ocr_line' id='line_1_18' title="bbox 72 2036 1083 2126; baseline -0.001 -20"><span class='ocrx_word' id='word_1_134' title='bbox 72 2047 118 2126; x_wconf 83' lang='grc' dir='ltr'><strong><em>τςῦ</em></strong></span> <span class='ocrx_word' id='word_1_135' title='bbox 143 2036 251 2125; x_wconf 80' lang='grc' dir='ltr'><strong><em>άγεῦνι</em></strong></span> <span class='ocrx_word' id='word_1_136' title='bbox 278 2037 322 2124; x_wconf 78' lang='grc' dir='ltr'><strong><em>μὴ</em></strong></span> <span class='ocrx_word' id='word_1_137' title='bbox 348 2036 547 2118; x_wconf 81' lang='grc' dir='ltr'><strong><em>άξιάσαντες</em></strong></span> <span class='ocrx_word' id='word_1_138' title='bbox 572 2037 800 2126; x_wconf 79' lang='grc' dir='ltr'><strong><em>ἀπαγορεῦσαι</em></strong></span> <span class='ocrx_word' id='word_1_139' title='bbox 828 2047 945 2121; x_wconf 78' lang='grc' dir='ltr'><strong><em>ζῶντες</em></strong></span> <span class='ocrx_word' id='word_1_140' title='bbox 975 2046 1021 2108; x_wconf 86' lang='grc' dir='ltr'><strong><em>ἐτι</em></strong></span> <span class='ocrx_word' id='word_1_141' title='bbox 1047 2042 1083 2107; x_wconf 88' lang='grc' dir='ltr'><strong><em>έν</em></strong></span> 
     </span>
     <span class='ocr_line' id='line_1_19' title="bbox 73 2130 1084 2224; baseline -0.001 -18"><span class='ocrx_word' id='word_1_142' title='bbox 73 2136 264 2223; x_wconf 79' lang='grc' dir='ltr'><strong><em>ὀφθαλμοῖς</em></strong></span> <span class='ocrx_word' id='word_1_143' title='bbox 280 2144 346 2203; x_wconf 78' lang='grc' dir='ltr'><strong><em>τῶν</em></strong></span> <span class='ocrx_word' id='word_1_144' title='bbox 361 2143 494 2206; x_wconf 76' lang='grc' dir='ltr'><strong><em>οἰκείων</em></strong></span> <span class='ocrx_word' id='word_1_145' title='bbox 509 2140 592 2224; x_wconf 76' lang='grc' dir='ltr'><strong><em>μηδὲ</em></strong></span> <span class='ocrx_word' id='word_1_146' title='bbox 607 2137 688 2219; x_wconf 79' lang='grc' dir='ltr'><strong><em>εἶξαι</em></strong></span> <span class='ocrx_word' id='word_1_147' title='bbox 703 2154 770 2216; x_wconf 84' lang='grc' dir='ltr'><strong><em>τοῖς</em></strong></span> <span class='ocrx_word' id='word_1_148' title='bbox 785 2140 953 2224; x_wconf 83' lang='grc' dir='ltr'><strong><em>σάμασιν,</em></strong></span> <span class='ocrx_word' id='word_1_149' title='bbox 968 2130 1017 2205; x_wconf 71' lang='grc' dir='ltr'><strong><em>οἷν</em></strong></span> <span class='ocrx_word' id='word_1_150' title='bbox 1029 2140 1084 2205; x_wconf 85' lang='grc' dir='ltr'><strong><em>καί</em></strong></span> 
     </span>
    </p>
   </div>
   <div class='ocr_carea' id='block_1_3' title="bbox 73 2331 1155 3608">
    <p class='ocr_par' dir='ltr' id='par_1_3' title="bbox 73 2331 1155 3608">
     <span class='ocr_line' id='line_1_20' title="bbox 73 2331 1085 2424; baseline 0.002 -25"><span class='ocrx_word' id='word_1_151' title='bbox 73 2360 130 2418; x_wconf 91' lang='grc' dir='ltr'><strong><em>της</em></strong></span> <span class='ocrx_word' id='word_1_152' title='bbox 142 2331 401 2414; x_wconf 76' lang='grc' dir='ltr'><strong><em>ἀνασταθέντας,</em></strong></span> <span class='ocrx_word' id='word_1_153' title='bbox 424 2333 507 2403; x_wconf 83' lang='grc' dir='ltr'><strong><em>ὅταν</em></strong></span> <span class='ocrx_word' id='word_1_154' title='bbox 519 2342 635 2402; x_wconf 91' lang='grc' dir='ltr'><strong><em>τοίνυν</em></strong></span> <span class='ocrx_word' id='word_1_155' title='bbox 651 2332 732 2424; x_wconf 81' lang='grc' dir='ltr'><strong><em>ὁρᾷς</em></strong></span> <span class='ocrx_word' id='word_1_156' title='bbox 742 2333 896 2418; x_wconf 82' lang='grc' dir='ltr'><strong><em>κάκεῖνα,</em></strong></span> <span class='ocrx_word' id='word_1_157' title='bbox 915 2338 996 2422; x_wconf 81' lang='grc' dir='ltr'><strong><em>μήτε</em></strong></span> <span class='ocrx_word' id='word_1_158' title='bbox 1006 2341 1085 2420; x_wconf 54' lang='grc' dir='ltr'><strong><em>μαίη</em></strong></span> 
     </span>
     <span class='ocr_line' id='line_1_21' title="bbox 73 2429 1086 2522; baseline 0.004 -24"><span class='ocrx_word' id='word_1_159' title='bbox 73 2443 196 2499; x_wconf 89' lang='grc' dir='ltr'><strong><em>νεσθαι</em></strong></span> <span class='ocrx_word' id='word_1_160' title='bbox 209 2429 381 2522; x_wconf 76' lang='grc' dir='ltr'><strong><em>ὑπολάβῃς</em></strong></span> <span class='ocrx_word' id='word_1_161' title='bbox 396 2432 519 2513; x_wconf 87' lang='grc' dir='ltr'><strong><em>αῦτοῦς</em></strong></span> <span class='ocrx_word' id='word_1_162' title='bbox 534 2436 615 2519; x_wconf 82' lang='grc' dir='ltr'><strong><em>μήτε</em></strong></span> <span class='ocrx_word' id='word_1_163' title='bbox 631 2444 741 2522; x_wconf 86' lang='grc' dir='ltr'><strong><em>εἰπης,</em></strong></span> <span class='ocrx_word' id='word_1_164' title='bbox 758 2433 803 2513; x_wconf 82' lang='grc' dir='ltr'><strong><em>ὡς</em></strong></span> <span class='ocrx_word' id='word_1_165' title='bbox 817 2433 973 2520; x_wconf 78' lang='grc' dir='ltr'><strong><em>οὐδεμιᾶς</em></strong></span> <span class='ocrx_word' id='word_1_166' title='bbox 987 2437 1086 2502; x_wconf 76' lang='grc' dir='ltr'><strong><em>ἕνεκα</em></strong></span> 
     </span>
     <span class='ocr_line' id='line_1_22' title="bbox 74 2529 1086 2622; baseline 0.004 -25"><span class='ocrx_word' id='word_1_167' title='bbox 74 2538 180 2609; x_wconf 87' lang='grc' dir='ltr'><strong><em>αἰτίας</em></strong></span> <span class='ocrx_word' id='word_1_168' title='bbox 197 2529 378 2619; x_wconf 88' lang='grc' dir='ltr'><strong><em>άναγκαίας</em></strong></span> <span class='ocrx_word' id='word_1_169' title='bbox 392 2542 637 2617; x_wconf 79' lang='grc' dir='ltr'><strong><em>ταλαιπωροῦσι</em></strong></span> <span class='ocrx_word' id='word_1_170' title='bbox 655 2534 737 2619; x_wconf 79' lang='grc' dir='ltr'><strong><em>μήτε</em></strong></span> <span class='ocrx_word' id='word_1_171' title='bbox 753 2537 924 2616; x_wconf 89' lang='grc' dir='ltr'><strong><em>τυράννου</em></strong></span> <span class='ocrx_word' id='word_1_172' title='bbox 934 2539 1086 2622; x_wconf 78' lang='grc' dir='ltr'><strong><em>βιαζομέ-</em></strong></span> 
     </span>
     <span class='ocr_line' id='line_1_23' title="bbox 75 2632 1155 2719; baseline 0.006 -21"><span class='ocrx_word' id='word_1_173' title='bbox 75 2656 139 2698; x_wconf 92' lang='grc' dir='ltr'><strong><em>νου</em></strong></span> <span class='ocrx_word' id='word_1_174' title='bbox 157 2632 240 2717; x_wconf 86' lang='grc' dir='ltr'><strong><em>μη’τε</em></strong></span> <span class='ocrx_word' id='word_1_175' title='bbox 261 2639 428 2718; x_wconf 84' lang='grc' dir='ltr'><strong><em>πολεμίων</em></strong></span> <span class='ocrx_word' id='word_1_176' title='bbox 448 2635 684 2701; x_wconf 80' lang='grc' dir='ltr'><strong><em>διατιθέντων·</em></strong></span> <span class='ocrx_word' id='word_1_177' title='bbox 708 2644 795 2700; x_wconf 87' lang='grc' dir='ltr'><strong><em>εἰποι</em></strong></span> <span class='ocrx_word' id='word_1_178' title='bbox 811 2633 876 2719; x_wconf 85' lang='grc' dir='ltr'><strong><em>γάρ</em></strong></span> <span class='ocrx_word' id='word_1_179' title='bbox 894 2632 938 2700; x_wconf 80' lang='grc' dir='ltr'><strong><em>ἅν</em></strong></span> <span class='ocrx_word' id='word_1_180' title='bbox 954 2654 1006 2700; x_wconf 90' lang='grc' dir='ltr'><strong><em>σοι</em></strong></span> <span class='ocrx_word' id='word_1_181' title='bbox 1028 2634 1083 2700; x_wconf 80' lang='grc' dir='ltr'><strong><em>καὶ</em></strong></span> <span class='ocrx_word' id='word_1_182' title='bbox 1102 2651 1155 2705; x_wconf 76' lang='lat'><strong><em>920</em></strong></span> 
     </span>
     <span class='ocr_line' id='line_1_24' title="bbox 75 2728 1086 2817; baseline -0.001 -19"><span class='ocrx_word' id='word_1_183' title='bbox 75 2728 161 2813; x_wconf 77' lang='grc' dir='ltr'><strong><em>ὑπὲρ</em></strong></span> <span class='ocrx_word' id='word_1_184' title='bbox 176 2733 314 2799; x_wconf 82' lang='grc' dir='ltr'><strong><em>ἐκείνων</em></strong></span> <span class='ocrx_word' id='word_1_185' title='bbox 329 2738 526 2817; x_wconf 85' lang='grc' dir='ltr'><strong><em>Λυκοῦργος</em></strong></span> <span class='ocrx_word' id='word_1_186' title='bbox 543 2729 562 2799; x_wconf 84' lang='grc' dir='ltr'>ὁ</span> <span class='ocrx_word' id='word_1_187' title='bbox 584 2736 771 2817; x_wconf 83' lang='grc' dir='ltr'><strong><em>νομοθέτης</em></strong></span> <span class='ocrx_word' id='word_1_188' title='bbox 791 2728 904 2799; x_wconf 79' lang='grc' dir='ltr'><strong><em>αὐτῶν</em></strong></span> <span class='ocrx_word' id='word_1_189' title='bbox 921 2729 1026 2800; x_wconf 84' lang='grc' dir='ltr'><strong><em>πολλά</em></strong></span> <span class='ocrx_word' id='word_1_190' title='bbox 1045 2728 1086 2798; x_wconf 80' lang='grc' dir='ltr'><strong><em>τά</em></strong></span> 
     </span>
     <span class='ocr_line' id='line_1_25' title="bbox 76 2827 1085 2918; baseline -0.002 -19"><span class='ocrx_word' id='word_1_191' title='bbox 76 2828 200 2915; x_wconf 81' lang='grc' dir='ltr'><strong><em>εὔλογα</em></strong></span> <span class='ocrx_word' id='word_1_192' title='bbox 216 2827 309 2898; x_wconf 78' lang='grc' dir='ltr'><strong><em>καλά</em></strong></span> <span class='ocrx_word' id='word_1_193' title='bbox 328 2828 480 2898; x_wconf 80' lang='grc' dir='ltr'><strong><em>συνιδάν</em></strong></span> <span class='ocrx_word' id='word_1_194' title='bbox 500 2830 628 2913; x_wconf 81' lang='grc' dir='ltr'><strong><em>κολάζει</em></strong></span> <span class='ocrx_word' id='word_1_195' title='bbox 646 2828 786 2915; x_wconf 80' lang='grc' dir='ltr'><strong><em>αὐτοῦς,</em></strong></span> <span class='ocrx_word' id='word_1_196' title='bbox 812 2829 874 2899; x_wconf 90' lang='grc' dir='ltr'><strong><em>οῦκ</em></strong></span> <span class='ocrx_word' id='word_1_197' title='bbox 895 2830 1015 2918; x_wconf 82' lang='grc' dir='ltr'><strong><em>ἐχθρὸς</em></strong></span> <span class='ocrx_word' id='word_1_198' title='bbox 1035 2828 1085 2897; x_wconf 75' lang='grc' dir='ltr'><strong><em>ὧν</em></strong></span> 
     </span>
     <span class='ocr_line' id='line_1_26' title="bbox 76 2926 1085 3017; baseline -0.001 -20"><span class='ocrx_word' id='word_1_199' title='bbox 76 2928 155 2999; x_wconf 73' lang='grc' dir='ltr'><strong><em>οὐδὲ</em></strong></span> <span class='ocrx_word' id='word_1_200' title='bbox 173 2927 239 2997; x_wconf 82' lang='grc' dir='ltr'><strong><em>ὑπὸ</em></strong></span> <span class='ocrx_word' id='word_1_201' title='bbox 260 2937 379 3017; x_wconf 91' lang='grc' dir='ltr'><strong><em>μίσους</em></strong></span> <span class='ocrx_word' id='word_1_202' title='bbox 397 2929 478 2998; x_wconf 88' lang='grc' dir='ltr'><strong><em>αῦτό</em></strong></span> <span class='ocrx_word' id='word_1_203' title='bbox 494 2936 585 3014; x_wconf 80' lang='grc' dir='ltr'><strong><em>δρῦν</em></strong></span> <span class='ocrx_word' id='word_1_204' title='bbox 600 2927 679 2997; x_wconf 69' lang='grc' dir='ltr'><strong><em>οὐδὲ</em></strong></span> <span class='ocrx_word' id='word_1_205' title='bbox 696 2926 759 3014; x_wconf 80' lang='grc' dir='ltr'><strong><em>τὴν</em></strong></span> <span class='ocrx_word' id='word_1_206' title='bbox 773 2937 930 2998; x_wconf 90' lang='grc' dir='ltr'><strong><em>νεολαίαν</em></strong></span> <span class='ocrx_word' id='word_1_207' title='bbox 948 2939 1005 3016; x_wconf 84' lang='grc' dir='ltr'><strong><em>τῆς</em></strong></span> <span class='ocrx_word' id='word_1_208' title='bbox 1021 2930 1085 2997; x_wconf 89' lang='grc' dir='ltr'><strong><em>πό-</em></strong></span> 
     </span>
     <span class='ocr_line' id='line_1_27' title="bbox 76 3028 1084 3116; baseline 0.001 -20"><span class='ocrx_word' id='word_1_209' title='bbox 76 3036 158 3106; x_wconf 89' lang='grc' dir='ltr'><strong><em>λεως</em></strong></span> <span class='ocrx_word' id='word_1_210' title='bbox 169 3034 239 3113; x_wconf 85' lang='grc' dir='ltr'><strong><em>εἰκῆ</em></strong></span> <span class='ocrx_word' id='word_1_211' title='bbox 249 3039 516 3116; x_wconf 89' lang='grc' dir='ltr'><strong><em>παραναλίσκων,</em></strong></span> <span class='ocrx_word' id='word_1_212' title='bbox 527 3028 609 3098; x_wconf 83' lang='grc' dir='ltr'><strong><em>ἀλλά</em></strong></span> <span class='ocrx_word' id='word_1_213' title='bbox 621 3030 926 3112; x_wconf 79' lang='grc' dir='ltr'><strong><em>καρτερικωτάτους</em></strong></span> <span class='ocrx_word' id='word_1_214' title='bbox 935 3033 989 3097; x_wconf 81' lang='grc' dir='ltr'><strong><em>καὶ</em></strong></span> <span class='ocrx_word' id='word_1_215' title='bbox 999 3056 1084 3097; x_wconf 90' lang='grc' dir='ltr'><strong><em>παν-</em></strong></span> 
     </span>
     <span class='ocr_line' id='line_1_28' title="bbox 75 3123 1086 3215; baseline 0.002 -23"><span class='ocrx_word' id='word_1_216' title='bbox 75 3123 131 3203; x_wconf 82' lang='grc' dir='ltr'><strong><em>τὸς</em></strong></span> <span class='ocrx_word' id='word_1_217' title='bbox 146 3130 262 3193; x_wconf 88' lang='grc' dir='ltr'><strong><em>δεινοῦ</em></strong></span> <span class='ocrx_word' id='word_1_218' title='bbox 273 3136 462 3212; x_wconf 87' lang='grc' dir='ltr'><strong><em>κρείττονας</em></strong></span> <span class='ocrx_word' id='word_1_219' title='bbox 473 3128 576 3209; x_wconf 79' lang='grc' dir='ltr'><strong><em>άξιων</em></strong></span> <span class='ocrx_word' id='word_1_220' title='bbox 588 3126 673 3194; x_wconf 85' lang='grc' dir='ltr'><strong><em>εἰναι</em></strong></span> <span class='ocrx_word' id='word_1_221' title='bbox 683 3125 762 3206; x_wconf 89' lang='grc' dir='ltr'><strong><em>τοῦς</em></strong></span> <span class='ocrx_word' id='word_1_222' title='bbox 774 3136 890 3208; x_wconf 84' lang='grc' dir='ltr'><strong><em>σιεζειν</em></strong></span> <span class='ocrx_word' id='word_1_223' title='bbox 904 3133 1086 3215; x_wconf 89' lang='grc' dir='ltr'><strong><em>μέλλοντας</em></strong></span> 
     </span>
     <span class='ocr_line' id='line_1_29' title="bbox 76 3223 1084 3315; baseline 0.002 -24"><span class='ocrx_word' id='word_1_224' title='bbox 76 3223 137 3311; x_wconf 76' lang='grc' dir='ltr'><strong><em>τὴν</em></strong></span> <span class='ocrx_word' id='word_1_225' title='bbox 153 3230 303 3311; x_wconf 87' lang='grc' dir='ltr'><strong><em>πατρίδα.</em></strong></span> <span class='ocrx_word' id='word_1_226' title='bbox 326 3234 432 3296; x_wconf 92' lang='grc' dir='ltr'><strong><em>καίτοι</em></strong></span> <span class='ocrx_word' id='word_1_227' title='bbox 449 3223 514 3296; x_wconf 84' lang='grc' dir='ltr'><strong><em>κάν</em></strong></span> <span class='ocrx_word' id='word_1_228' title='bbox 528 3227 572 3313; x_wconf 82' lang='grc' dir='ltr'><strong><em>μὴ</em></strong></span> <span class='ocrx_word' id='word_1_229' title='bbox 590 3224 608 3293; x_wconf 84' lang='grc' dir='ltr'>ὁ</span> <span class='ocrx_word' id='word_1_230' title='bbox 624 3233 822 3313; x_wconf 83' lang='grc' dir='ltr'><strong><em>Λυκοῦργος</em></strong></span> <span class='ocrx_word' id='word_1_231' title='bbox 840 3238 931 3315; x_wconf 84' lang='grc' dir='ltr'><strong><em>είπη,</em></strong></span> <span class='ocrx_word' id='word_1_232' title='bbox 950 3232 1084 3311; x_wconf 84' lang='grc' dir='ltr'><strong><em>ἐννοεῖς,</em></strong></span> 
     </span>
     <span class='ocr_line' id='line_1_30' title="bbox 79 3323 1086 3411; baseline 0.001 -21"><span class='ocrx_word' id='word_1_233' title='bbox 79 3323 184 3410; x_wconf 77' lang='grc' dir='ltr'><strong><em>οἶμαι,</em></strong></span> <span class='ocrx_word' id='word_1_234' title='bbox 204 3329 259 3395; x_wconf 80' lang='grc' dir='ltr'><strong><em>καὶ</em></strong></span> <span class='ocrx_word' id='word_1_235' title='bbox 274 3323 374 3405; x_wconf 86' lang='grc' dir='ltr'><strong><em>αῦτός</em></strong></span> <span class='ocrx_word' id='word_1_236' title='bbox 389 3324 433 3405; x_wconf 79' lang='grc' dir='ltr'><strong><em>ὡς</em></strong></span> <span class='ocrx_word' id='word_1_237' title='bbox 449 3326 511 3393; x_wconf 89' lang='grc' dir='ltr'><strong><em>οῦκ</em></strong></span> <span class='ocrx_word' id='word_1_238' title='bbox 533 3324 576 3393; x_wconf 87' lang='grc' dir='ltr'><strong><em>άν</em></strong></span> <span class='ocrx_word' id='word_1_239' title='bbox 594 3351 673 3393; x_wconf 84' lang='grc' dir='ltr'><strong><em>ποτε</em></strong></span> <span class='ocrx_word' id='word_1_240' title='bbox 688 3328 831 3411; x_wconf 81' lang='grc' dir='ltr'><strong><em>ληφθεὶς</em></strong></span> <span class='ocrx_word' id='word_1_241' title='bbox 845 3323 863 3393; x_wconf 88' lang='grc' dir='ltr'>ὁ</span> <span class='ocrx_word' id='word_1_242' title='bbox 879 3335 1029 3403; x_wconf 89' lang='grc' dir='ltr'><strong><em>τοιοῦτος</em></strong></span> <span class='ocrx_word' id='word_1_243' title='bbox 1049 3328 1086 3392; x_wconf 86' lang='grc' dir='ltr'><strong><em>ἐν</em></strong></span> 
     </span>
     <span class='ocr_line' id='line_1_31' title="bbox 78 3422 1086 3516; baseline -0.002 -25"><span class='ocrx_word' id='word_1_244' title='bbox 78 3430 210 3516; x_wconf 75' lang='grc' dir='ltr'><strong><em>πολέμῳ</em></strong></span> <span class='ocrx_word' id='word_1_245' title='bbox 225 3422 419 3511; x_wconf 77' lang='grc' dir='ltr'><strong><em>ἀπόρρητόν</em></strong></span> <span class='ocrx_word' id='word_1_246' title='bbox 438 3452 469 3492; x_wconf 93' lang='grc' dir='ltr'><strong><em>τι</em></strong></span> <span class='ocrx_word' id='word_1_247' title='bbox 486 3429 607 3504; x_wconf 86' lang='grc' dir='ltr'><strong><em>ἐξείποι</em></strong></span> <span class='ocrx_word' id='word_1_248' title='bbox 626 3434 683 3512; x_wconf 83' lang='grc' dir='ltr'><strong><em>τῆς</em></strong></span> <span class='ocrx_word' id='word_1_249' title='bbox 697 3428 854 3510; x_wconf 87' lang='grc' dir='ltr'><strong><em>Σπάρτης</em></strong></span> <span class='ocrx_word' id='word_1_250' title='bbox 870 3429 1086 3509; x_wconf 75' lang='grc' dir='ltr'><strong><em>αἰκιζομένων</em></strong></span> 
     </span>
     <span class='ocr_line' id='line_1_32' title="bbox 78 3518 1084 3608; baseline -0.001 -21"><span class='ocrx_word' id='word_1_251' title='bbox 78 3530 145 3588; x_wconf 75' lang='grc' dir='ltr'><strong><em>τῶν</em></strong></span> <span class='ocrx_word' id='word_1_252' title='bbox 171 3528 321 3608; x_wconf 77' lang='grc' dir='ltr'><strong><em>ἐχθράν.</em></strong></span> <span class='ocrx_word' id='word_1_253' title='bbox 354 3520 438 3589; x_wconf 84' lang='grc' dir='ltr'><strong><em>άλλά</em></strong></span> <span class='ocrx_word' id='word_1_254' title='bbox 464 3531 654 3607; x_wconf 77' lang='grc' dir='ltr'><strong><em>καταγελῶν</em></strong></span> <span class='ocrx_word' id='word_1_255' title='bbox 686 3520 797 3589; x_wconf 72' lang='grc' dir='ltr'><strong><em>αὐτον</em></strong></span> <span class='ocrx_word' id='word_1_256' title='bbox 822 3537 1010 3607; x_wconf 82' lang='grc' dir='ltr'><strong><em>μαστιγοῖτο</em></strong></span> <span class='ocrx_word' id='word_1_257' title='bbox 1041 3518 1084 3588; x_wconf 81' lang='grc' dir='ltr'><strong><em>άν</em></strong></span> 
     </span>
    </p>
   </div>
   <div class='ocr_carea' id='block_1_4' title="bbox 0 0 1324 4092">
    <p class='ocr_par' dir='ltr' id='par_1_4' title="bbox 0 0 1324 4092">
     <span class='ocr_line' id='line_1_33' title="bbox 0 0 1324 4092; baseline 0 0"><span class='ocrx_word' id='word_1_258' title='bbox 0 0 1324 4092; x_wconf 95' lang='lat' dir='ltr'><strong><em> </em></strong></span> 
     </span>
    </p>
   </div>
  </div>
 </body>
</html>
