2625 4092
370 318 427 374 TA
448 316 579 374 ΠΡΟΣ
596 315 807 374 ΚΡΟΝΟΝ.
1026 314 1089 377 3⁰5

80 477 239 546 τάναντία
263 476 447 546 αἰτούντων
470 473 716 561 ἐνοχλούμενον
743 474 820 542 οὔτε
846 484 1040 562 βροντῶντα
1068 471 1090 562 ἢ

79 575 312 659 ἀστράπτοντα
329 569 350 660 ἢ
364 574 509 660 χάλαζαν
529 575 633 640 ἐνίοτε
650 573 788 659 βάλλειν
803 573 1087 659 ἀναγκαζόμενον·

79 671 165 742 ἀλλά
182 671 407 760 πρεσβυτικόν
423 697 497 737 τινα
518 677 638 737 τοῦτον
653 671 791 757 ἥδιστον
805 679 882 757 βίον
905 673 1011 759 διάγω
1029 679 1090 753 ζω-

79 770 221 856 ρότερον
242 779 350 839 πίνων
369 768 406 839 τδ
427 773 564 855 νέκταρ,
590 778 635 860 τῷ
658 770 790 861 Ἰαπετῷ
811 774 956 850 καὶτοῖς
979 771 1090 850 ἀλλοις

79 884 149 948 τοῖς
162 866 350 955 ἡλικιώταις
364 875 674 954 προσμυθολογῶν·
696 866 715 936 δ
731 870 767 936 δὲ
780 867 873 954 ἀρχει
887 878 991 956 μυρία
1006 876 1090 957 ἔχων

79 969 266 1053 πράγματα.
301 964 389 1052 πλὴν
412 963 524 1052 ὀλίγας
550 967 673 1044 ταύτας
693 965 817 1053 ἡμέρας
844 966 900 1054 ἐφ’
924 964 973 1046 οίς
996 967 1090 1036 εἶπον

80 1065 297 1146 ὑπεξελέσθαι
312 1091 369 1152 μοι
389 1069 480 1144 ἔδοξε
497 1065 553 1131 καὶ
573 1061 801 1152 ἀναλαμβάνω
815 1064 877 1152 τὴν
896 1064 1018 1152 ἀρχήν,
1046 1065 1090 1144 ῦς

79 1162 311 1250 ὑπομνήσαιμι
327 1161 405 1242 τοῦς
421 1161 626 1244 ἀνθρώπους
648 1157 716 1240 οίος
737 1156 780 1248 ἦν
797 1161 815 1230 ὁ
838 1161 891 1230 ἐπ’
908 1168 991 1249 ἐμοῦ
1006 1172 1088 1251 βίος,

79 1259 181 1328 ὁπότε
191 1260 323 1344 ἀσπορα
335 1265 389 1329 καί
400 1259 547 1346 ἀνήροτα
558 1260 667 1327 πάντα
678 1263 799 1346 ἐφυετο
810 1261 938 1348 αὐτοῖς,
955 1262 997 1331 ού
1009 1265 1090 1330 στά-

9 1433 10 1442 ¹
78 1389 172 1448 χυες,
194 1359 267 1430 ἀλλ’
290 1364 418 1448 ἕτοιμος
438 1361 537 1445 ἄρτος
555 1365 610 1430 καί
628 1364 710 1445 κρέα
730 1366 971 1451 ἐσκευασμένα,
996 1348 1087 1431 καλό

8 1457 9 1460 “
78 1459 170 1538 οἶνος
184 1465 272 1542 ἔρρει
292 1457 486 1545 ποταμηδόν
500 1461 554 1526 καὶ
574 1463 676 1545 πηγαί
691 1462 821 1545 μέλιτος
836 1470 891 1529 καί
909 1460 1088 1550 γάλακτος·

8 1563 10 1642 1⁵
78 1556 201 1642 ἀγαθοί
218 1555 283 1643 γάρ
298 1551 385 1644 ἦσαν
405 1561 460 1624 καί
476 1573 598 1644 χρυσοῖ
614 1557 768 1635 ἅπαντες.
792 1557 877 1643 αῦτη
892 1586 948 1644 μοι
963 1557 983 1645 ἡ
1001 1561 1090 1630 αίτία

8 1651 10 1678 ²
77 1664 136 1742 τῆς
148 1655 378 1742 ὀλιγοχρονίου
388 1655 509 1742 ταύτης
521 1661 728 1739 δυναστείας,
739 1659 794 1724 καὶ
804 1655 859 1724 διά
868 1666 967 1724 τοῦτο
979 1655 1085 1724 ἀπαν-

9 1779 10 1790 ’
78 1763 181 1840 ταχοῦ
197 1757 315 1839 κρότος
331 1757 385 1822 καὶ
403 1752 471 1844 ᾠδὴ
488 1754 542 1822 καὶ
562 1751 679 1821 παιδιά
694 1757 749 1821 καὶ
770 1760 913 1840 ἰσοτιμία
929 1763 1011 1823 πᾶσι
1032 1763 1088 1822 καί

78 1855 214 1932 δούλοις
228 1857 283 1920 καὶ
298 1855 505 1938 ἐλευθέροις·
529 1851 638 1931 οὐδεὶς
652 1850 717 1938 γάρ
733 1851 786 1920 ἐπ’
802 1855 884 1939 ἐμοῦ
902 1858 1023 1933 δοῦλος
1033 1848 1086 1941 ἦν.

163 1959 192 2022 8.
218 1960 300 2021 ΙΕΡ.
329 1950 410 2038 Ἐγαδ
433 1956 484 2037 δέ,
512 1944 682 2035 ιόΚρόνε,
709 1955 878 2021 καὶτοῦτο
900 1961 1029 2035 είκαζον
1049 1954 1087 2021 τδ

78 2059 126 2130 είς
146 2048 224 2129 τοῦς
245 2051 389 2128 δούλους
411 2052 465 2119 καὶ
487 2053 683 2137 πεδότριβας
701 2051 948 2137 φιλάνθρωπον
970 2056 1006 2121 ἐκ
1027 2061 1087 2121 τοῦ

77 2150 196 2236 μύθου
221 2151 352 2217 ἐκείνου
377 2164 487 2217 ποιεῖν
508 2173 546 2216 σε
570 2157 715 2236 τιμῶντα
737 2147 816 2227 τοῦς
837 2149 876 2217 τά
900 2148 1000 2236 ὅμοια
1021 2152 1089 2218 πά-

77 2269 234 2334 σχοντας,
259 2245 316 2314 άτε
340 2251 394 2315 καὶ
417 2245 521 2314 αῦτὸν
543 2248 768 2331 δουλεύοντα,
794 2251 1007 2333 μεμνημένον
1030 2257 1087 2334 τῆς
1104 2266 1154 2322 391

77 2350 188 2432 πέδης.

165 2451 295 2512 ΚΡΟΝ.
321 2442 373 2511 Οῦ
387 2444 499 2532 παύση
511 2442 577 2530 γάρ
591 2450 728 2510 τοιαῦτα
742 2449 871 2530 ληρῶν;

163 2549 246 2610 ΙΕΡ.
268 2535 320 2609 Εῦ
342 2545 463 2628 λέγεις,
487 2544 540 2609 καὶ
559 2543 745 2627 παύσομαι·
778 2538 866 2624 πλην
887 2545 934 2606 ἔτι
956 2565 1013 2625 μοι
1034 2545 1089 2608 καὶ

76 2647 176 2708 τοῦτο
199 2639 386 2724 ἀπόκριναι.
417 2637 453 2706 τῦ
471 2639 641 2708 πεττεύειν
658 2638 807 2725 σύνηθες
823 2632 866 2724 ἦν
882 2639 937 2704 καὶ
955 2640 1007 2705 ἐπὶ
1024 2644 1088 2705 σοῦ

76 2753 146 2817 τοῖς
160 2737 370 2822 άνθρύποις;

163 2846 295 2908 ΚΡΟΝ.
328 2841 392 2906 Καὶ
408 2839 512 2924 μάλα,
539 2835 581 2905 ού
601 2837 669 2923 μὴν
691 2838 765 2921 περὶ
786 2837 960 2903 ταλάντων
973 2860 1012 2921 γε
1032 2838 1087 2903 καί

77 2939 253 3024 μυριάδων
270 2937 381 3020 ὥσπερ
398 2935 494 3023 ύμῖν,
517 2934 601 3004 ἀλλὰ
619 2939 695 3019 περὶ
711 2933 849 3016 καρύων
866 2928 903 2998 τό
920 2934 1086 3018 μέγιστον,

77 3033 174 3122 ωςμὴ
188 3034 349 3104 ἀνιᾶσθαι
361 3035 545 3123 ἡττηθέντα
556 3036 640 3122 μηδὲ
650 3033 810 3117 δακρύειν
820 3029 871 3098 ἀεὶ
880 3027 996 3096 ἀσιτον
1005 3028 1087 3098 όντα
1114 3100 1118 3109 ,

77 3135 188 3222 μόνον
202 3143 270 3202 τῶν
285 3134 406 3202 ἄλλων.

162 3241 245 3302 ΙΕΡ.
266 3225 320 3302 Εῦ
338 3259 376 3318 γε
396 3235 516 3301 ἐκείνοι
535 3241 720 3311 ποιοῦντες.
750 3228 835 3315 ὑπὲρ
855 3237 945 3307 τίνος
961 3225 1026 3313 γάρ
1044 3226 1088 3294 ἀν

77 3333 132 3398 καλ
150 3333 327 3399 ἐπέττευον
342 3328 438 3399 αὐτοὶ
452 3328 630 3417 ὁλόχρυσοι
646 3329 758 3412 &nez
780 3326 824 3407 ὡς
843 3334 946 3412 ἔγωγε
961 3329 1015 3394 καὶ
1029 3353 1089 3411 με-

77 3427 159 3508 ταξύ
177 3429 332 3515 λέγοντός
350 3449 413 3496 σου
426 3429 559 3496 τοιόνδε
578 3454 609 3493 τι
625 3427 804 3512 ἐνενόησα·
833 3437 866 3494 εί
881 3453 931 3503 τις
946 3427 1005 3492 ἕνα
1020 3433 1088 3493 τῶν

76 3527 214 3610 ἀνδρῶν
225 3529 363 3594 ἐκείνων
374 3534 442 3594 τῶν
453 3527 671 3614 χρυσηλάτων
682 3529 715 3604 ἐς
726 3523 785 3593 τόν
795 3523 956 3611 ἡμέτερον
967 3531 1088 3591 τοῦτον

163 3649 268 3690 mcum.
291 3635 335 3691 ΠΙ.
908 3629 949 3692 20
