2625 4092
450 309 683 367 XAPIAHM
693 307 760 366 ΟΣ.
1044 303 1106 370 427

100 466 210 545 άλλως
227 468 403 554 συνήθεις,
431 471 465 534 οί
478 468 513 535 δέ
534 465 638 550 λόγου
658 491 693 532 τε
715 463 799 547 ἀξιοι
813 465 850 533 τό
870 491 905 534 τε
921 467 1107 553 συμπόσιον

101 563 184 632 όλον
196 564 438 650 κεκοσμηκότες
452 567 506 633 καί
521 566 665 642 κάλλους
680 565 824 650 ἐγκεόμια
838 567 1029 644 διελθόντες
1045 573 1108 632 Φί-

101 671 172 729 λων
185 688 221 731 τε
235 655 278 749 ήυ
294 659 312 730 ὁ
327 669 467 730 Δεινίου
481 663 536 731 καὶ
554 659 762 745 Ἀρίστιππος
778 658 795 728 ὁ
813 657 1038 748 Ἀγασθένους
1053 669 1107 728 καί

99 768 210 844 τρίτος
231 758 347 838 αὐτός’·
375 761 614 846 συγκατέλεκτο
638 761 675 826 δὲ
691 757 771 845 ἡμῖν
790 761 845 828 καὶ
863 757 1067 846 Κλεώνυμος
1089 758 1106 830 ὁ

101 855 203 938 καλός
214 855 231 925 ὁ
242 867 303 926 τοῦ
313 856 550 940 Ἀνδροκλέους
560 854 777 944 ἀδελφιδοῦς,
793 858 966 944 μειράκιον
977 855 1109 926 ἁπαλόν

100 959 206 1024 τεκαὶ
222 961 471 1042 τεθρυμμένον·
493 964 578 1024 νοῦν
591 960 704 1041 μέντοι
720 982 758 1041 γε
775 957 882 1025 ἐδόκει
898 962 1000 1042 ἐχειν,
1016 957 1106 1024 πάνυ

98 1051 166 1139 γάρ
181 1055 398 1140 προθύμως’
381 1063 525 1142 ηκροᾶτο
539 1063 607 1122 των
621 1055 740 1138 λόγων.
770 1063 899 1139 πρῶτος
911 1051 975 1122 δὲ’
961 1082 979 1122 ο
991 1060 1105 1123 Φίλων

99 1155 176 1235 περὶ
190 1180 251 1221 του
236 1153 409 1233 κάλλους
422 1154 542 1239 ἤρξατο
565 1155 673 1238 λέγειν
689 1153 989 1238 κραοιμιασάμενος
1007 1178 1104 1220 ουτω.

186 1259 289 1320 ΕΡΜ.
311 1255 541 1339 Μηδαμως,’
519 1278 544 1318 ω
560 1254 682 1338 ἑταῖρε,
698 1251 742 1338 μή
758 1254 838 1333 πρὶν
852 1259 920 1318 των
935 1254 1106 1336 ἐγκωμίων

98 1351 195 1440 ἀρξη,
212 1350 323 1432 πρλν”
301 1377 345 1418 αν
355 1377 411 1436 μοι
425 1353 479 1417 καὶ
491 1347 553 1436 τήν
566 1356 673 1418 αἰτίαν
684 1348 859 1440 ἀποδῷς*
843 1347 905 1434 υφ’
919 1341 958 1436 ἦς
970 1355 1015 1428 είς
1026 1350 1106 1418 τοῦ·

98 1473 180 1526 τους
195 1446 384 1532 προήχθητε
398 1446 477 1525 τοῦς
491 1447 620 1532 λόγους.

184 1553 281 1614 ΧΑΡ.
303 1551 388 1631 Είκή
405 1550 582 1631 διατρίβεις
596 1544 699 1631 ἡμᾶς,
723 1539 852 1630 ὦγαθέ,
876 1545 976 1613 πάλαι
999 1551 1105 1614 δυνα-

98 1647 223 1729 μένους
234 1639 295 1710 τόν
305 1640 435 1709 ἅπαντα
446 1640 1001 1730 λόγονδιελθόνταςάπαλλαγήναι.
1019 1639 1106 1729 πλήν

98 1737 185 1807 ἀλλά
201 1746 235 1807 τί
251 1766 300 1816 τις
317 1735 359 1805 ἀν
379 1739 551 1825 χρήσαιτο,
577 1737 676 1806 ὁπότε
693 1747 788 1824 φίλος
810 1768 858 1819 τις
876 1737 924 1808 τόν
942 1742 1105 1828 βιάζοιτος

96 1836 230 1922 ἀνάγκη
247 1834 311 1923 γάρ
327 1835 532 1921 ὑφίστασθαι
545 1844 614 1902 πάν
626 1835 749 1905 ὁτιοῦν.
773 1845 802 1905 5.
821 1837 864 1924 ἢν
882 1841 918 1905 δὲ
933 1844 1035 1924 ζητεῖς
1051 1844 1104 1905 αί-

97 1942 175 2002 τίαν
193 1943 261 2001 τῶν
278 1935 404 2019 λόγων,
426 1930 526 2011 αῦτός
540 1926 584 2019 ήυ
601 1934 836 2020 Κλεωνυμοςὸ
855 1937 971 2014 καλός·
993 1944 1103 2022 καθη-

97 2034 206 2118 μένου
225 2031 290 2119 γάρ
311 2031 415 2099 αὐτοῦ
432 2028 554 2116 μεταξῦ
571 2033 652 2117 ἐμοῦ
668 2059 702 2099 τε
724 2037 777 2100 καὶ
795 2031 1031 2115 Ἀνδροκλέους
1045 2041 1106 2101 τοῦ

97 2136 213 2212 θείου,
225 2127 330 2207 πολύς
339 2133 464 2214 ἐγίνετο
476 2129 576 2214 λόγος
585 2145 652 2207 τοῖς
664 2132 809 2210 ίδιιόταις
820 2135 894 2214 περί
904 2131 1009 2199 αὐτοῦ
1020 2129 1105 2198 ἀπο-

98 2229 263 2314 βλέπουσί
270 2253 305 2292 τε
318 2233 362 2303 είς
371 2224 476 2293 αὐτόν
486 2229 540 2293 καὶ
550 2225 916 2316 ὑπερεκπεπληγμένοις
925 2228 961 2297 τό
974 2231 1102 2306 κάλλος.

97 2323 219 2410 σχεδόν
236 2317 299 2393 οὖν
322 2323 458 2391 πάντων
478 2323 739 2412 ὀλιγωρήσαντες
756 2329 905 2415 κάθηντο
929 2329 1104 2408 διεξιόντες

98 2426 245 2509 ε’γκάμια
256 2431 317 2489 τοῦ
327 2431 509 2509 μειρακίου.
526 2423 729 2510 ἀγασθέντες
741 2429 775 2494 δὲ
787 2426 879 2514 ἡμεῖς
889 2434 957 2494 τῶν
969 2425 1104 2510 ἀνδρῶν

98 2521 162 2608 τήν
174 2529 372 2606 φιλοκαλίαυ
394 2524 449 2590 καὶ
464 2521 532 2607 ἅμα
550 2526 780 2602 ἐπαινέσαντες
793 2523 915 2603 αῦτοός
931 2523 1048 2611 ἀργίας
1069 2551 1104 2592 τε

98 2629 223 2707 πολλῆς
254 2621 338 2689 εἶναι
369 2621 594 2710 ὑπολαβόντες
623 2620 735 2708 λόγοις
767 2620 1007 2692 ἀπολείπεσθαι
1037 2630 1105 2691 τῶν

100 2727 244 2792 ἰδιωτῶν
260 2723 334 2808 περὶ
355 2730 422 2788 τῶν
442 2729 642 2806 καλλίστων,
668 2712 694 2810 ᾦ
710 2721 803 2811 μόνῳ
821 2721 949 2788 τούτων
964 2722 1104 2807 οἰόμεθα

99 2826 269 2906 προέχειν,
296 2824 359 2889 καλ
374 2820 416 2908 δή
431 2819 604 2907 ἡπτόμεθα
629 2827 696 2887 τῶν
721 2823 795 2904 περὶ
819 2822 961 2901 κάλλους
982 2821 1102 2906 λόγων.
1123 2835 1172 2892 δῖε

100 2925 216 3000 ἔδοξεν
230 2914 294 2989 οὖν
313 2920 393 3042 ήμῖυ
413 2918 476 2987 οῦκ
497 2916 653 3005 ὀνομαστὶ
674 2924 783 3004 λέγειν
804 2916 865 2986 τόν
884 2925 1022 2986 ἔπαινον
1043 2925 1104 2985 τοῦ

98 3020 273 3097 παιδός-
288 3018 330 3085 οὐ
343 3017 407 3104 γάρ
424 3015 467 3084 ἀν
484 3025 571 3104 ἐχειν
587 3023 712 3100 καλῶς,
735 3021 888 3137 ἐμβαλεῖν
903 3015 968 3103 γάρ
985 3013 1029 3084 ἀν
1043 3015 1106 3084 αὐ-

98 3116 160 3184 τόν
176 3123 221 3195 είς
235 3123 350 3185 πλείω
345 3118 539 3235 τρυφήν-
499 3114 626 3186 -ἀλλ’
643 3114 721 3183 οῦδὲ
742 3114 808 3201 μήν
826 3113 936 3198 ὥσπερ
958 3119 1106 3194 ἐκείνους

100 3214 208 3294 οὕτως
221 3212 384 3301 ἀτάκτως,
406 3216 486 3299 ὅπερ
503 3221 639 3292 ἕκαστος
658 3215 766 3300 τύχοι,
789 3218 913 3300 λέγειν,
935 3214 1007 3284 ἀλλ’
1025 3217 1102 3282 ἕκα-

99 3336 180 3383 στον
196 3321 300 3382 εἰπεῖν
315 3313 418 3401 ίδίᾳ’
399 3312 451 3382 οσ’
466 3313 509 3380 ἀν
523 3314 794 3400 ἀπομυημονεόοι
806 3315 880 3396 περὶ
895 3321 955 3380 τοῦ
967 3339 1102 3395 προκει-

99 3416 214 3500 μένου.
242 3422 275 3482 6.,
289 3440 342 3480 και
332 3387 399 3497 δή
414 3409 621 3499 ἀρξάμενος
607 3439 625 3478 ο
638 3418 751 3485 Φίλων
762 3420 892 3498 πρῶτος
906 3410 1076 3480 οὑτωσί
1043 3439 1102 3479 του

100 3512 202 3597 λόγον
217 3515 373 3580 ἐποιεῖτο·
402 3509 457 3588 Ὡς
477 3516 544 3578 ἐστι
559 3511 690 3594 δεινόν,
715 3508 864 3580 εἰπόνθ’
883 3508 945 3578 ὅσα
960 3509 1104 3594 πράττο-
