2625 4092
236 276 299 339 100
590 282 897 343 AOYKIANOY

319 446 348 507 5.
367 448 461 511 m.
482 436 534 510 Εύ
547 445 671 528 λέγεις·
698 441 764 528 ἐγώ
780 442 844 527 γάρ
860 440 950 527 παρὰ
962 442 1162 528 Εὐκράτους
1178 445 1248 531 ήκω
1290 437 1291 480 ¹

236 558 288 605 σοι
298 545 358 605 τού
370 540 460 607 πάνυ
470 538 576 609 πολλὰ
588 538 628 608 τά
641 539 762 608 ἄπιστα
774 543 829 609 καὶ
840 542 983 628 μυθώδη
993 541 1153 625 ιἰκούσας,
1162 553 1247 631 μάλ·
1291 573 1292 622 ι

235 647 297 707 λον
313 643 348 707 δὲ
366 638 487 725 μεταξύ
505 643 696 727 λεγομένων
712 637 824 709 ἄπιύν
841 638 977 731 ,ύχόμην
994 641 1036 710 ού
1053 645 1171 728 φέρων
1187 651 1248 712 τοῦ
1291 631 1292 710 ί

235 738 427 823 πράγματος
441 737 503 825 τήν
520 738 730 826 ὑπερβολήν,
753 737 838 808 ἄλλά
853 765 895 825 με
912 737 1023 823 ὥσπερ
1047 745 1084 809 αί
1099 739 1248 825 Ἐρινύες

234 836 399 923 ἐξήλασαν
413 835 519 907 πολλά
535 838 691 924 τεράστια
707 839 762 905 καὶ
777 835 942 906 ἄλλόκυτα
958 838 1145 919 διεξιόντος,

320 941 410 1004 ΦΙΛ.
434 941 568 1020 Καίτοι,
589 926 616 1001 τό
638 934 803 1023 Τυχιάδη,
827 933 1015 1015 ἀξιόπιστος
1037 934 1247 1023 ὁΕύκράτης

150 1109 153 1116 ,
236 1033 373 1107 ίστὶκαὶ
385 1030 495 1112 οὐδεὶς
507 1028 551 1100 ἄν
566 1031 645 1101 οὐδὲ
660 1032 869 1100 πιστεύσειεν
884 1030 929 1112 ὡς
943 1036 1069 1113 ἐκεῖνος
1083 1034 1176 1103 οὕτω
1185 1044 1246 1124 βα-

235 1129 308 1200 θύν
322 1134 469 1219 πώγωνα
481 1135 683 1221 καθειμένος
696 1132 933 1219 ἑξηκοντούτης
944 1131 1050 1220 ἄνήρ,
1065 1138 1112 1201 ἔτι
1123 1136 1179 1202 καὶ
1191 1160 1247 1220 φι»

235 1238 369 1320 λοσοφί,
390 1228 501 1311 ξυνόν
512 1229 552 1299 τά
564 1230 682 1313 πολλά,
692 1228 911 1316 ὑπομείνειεν
922 1227 1030 1299 ἄνκαὶ
1040 1231 1146 1301 ἄλλον
1157 1229 1246 1310 τινός

118 1390 122 1405 ,
235 1334 446 1416 ψευδομένου
461 1330 603 1401 ἀκοῦσαι
617 1328 753 1414 παρύν,
775 1326 836 1415 ούχ
852 1326 942 1407 ὅπως
957 1326 1057 1409 αύτός
1077 1358 1109 1397 τι
1123 1339 1247 1418 τολμή-

235 1448 291 1495 σαι
302 1437 465 1497 τοιοῦτον.
853 1448 857 1453 “

322 1533 418 1595 m.
444 1523 496 1595 Ού
510 1524 575 1609 γάρ
591 1524 702 1611 οἶσθα,
719 1517 746 1592 ἄ
761 1527 878 1608 ἑταῖρε,
895 1520 949 1593 οἷα
960 1527 1022 1611 μὲν
1036 1524 1139 1613 εἶπεν,
1157 1527 1247 1607 ὅπως

234 1625 272 1693 δὲ
287 1622 372 1693 αύτόι
387 1625 605 1707 ἐπιστώσατο,
624 1622 669 1702 ὡς
686 1624 723 1692 δὲ
736 1626 792 1691 καὶ
806 1624 981 1709 ἐπώμνυτο
996 1639 1064 1702 τοῖς
1079 1633 1247 1705 πλείστοις

234 1726 532 1810 παραστησάμενος
544 1720 584 1789 τά
596 1727 727 1807 παιδία,
745 1720 828 1791 ἄστε
842 1748 884 1809 με
898 1725 953 1789 καὶ
967 1721 1202 1810 ἀποβλέποντα
1214 1728 1244 1803 ἐς

235 1819 339 1890 αύτόν
353 1828 487 1889 ποικίλα
502 1825 647 1905 ἐννοεῖν,
663 1818 738 1907 ἄρτι
750 1820 813 1906 μὲν
831 1819 875 1898 ὡς
886 1821 1029 1907 μεμήνοι
1044 1823 1100 1889 καὶ
1117 1827 1182 1902 ἔξω
1196 1834 1246 1907 είη

234 1927 295 1988 τού
315 1919 578 2005 καθεστηκότος,
602 1919 678 2004 ἄρτι
698 1918 734 1987 δὲ
758 1916 802 1998 ὡς
821 1918 904 2005 γόης
925 1915 974 1985 ἄν
995 1918 1060 2002 ἄρα
1081 1927 1247 1987 τοσούτων

184 2033 220 2087 34
234 2018 360 2104 χρόνον
376 2018 529 2104 ἐλελήθει
540 2042 581 2103 με
592 2015 661 2085 ύπό
675 2026 717 2106 τῇ
731 2024 850 2106 λεοντή
860 2017 997 2103 γελοῖόν
1005 2045 1080 2085 τινα
1094 2026 1246 2106 πίθηκον

233 2120 472 2202 περιστέλλων·
494 2114 601 2194 οὕτως
614 2112 722 2182 ἄτοπα
738 2121 890 2201 διηγεῖτο.

318 2220 409 2283 ΦΙΛ.
440 2219 524 2283 Τίνα
544 2220 647 2281 ταῦτα
670 2210 834 2299 πρὸςτής
853 2212 996 2299 Ἑστίας,
1029 2206 1056 2281 ἄ
1080 2217 1245 2304 Τυχιάδης

234 2312 341 2381 ἐθέλω
353 2312 418 2398 γὰρ
433 2318 556 2382 εἰδέναι
567 2311 686 2399 ήντινα
699 2309 966 2399 τήκᾶλαζυνείαν
980 2310 1045 2380 ὑπό
1058 2316 1246 2404 τηλικούτῳ

233 2418 280 2501 τῷ
295 2415 431 2498 πώγωνι
447 2418 595 2481 ἔσκεπεν.

317 2519 347 2581 6.
367 2518 463 2583 mc.
486 2519 605 2581 Είωθα
620 2513 682 2598 μὲν
697 2515 751 2579 καὶ
767 2509 900 2596 ἄλλοτε,
917 2504 1146 2596 ἄΦιλόκλεις,
1167 2540 1245 2598 φοι-

232 2618 296 2680 τᾶν
311 2609 395 2695 πρός
413 2610 534 2695 αὐτόν,
552 2621 676 2679 εἴποτε
686 2608 815 2697 πολλήν
827 2608 890 2698 τήν
901 2609 1025 2697 σχολήν
1035 2609 1169 2698 ἄγοιμι,
1185 2613 1245 2697 τή-

231 2737 336 2798 μερον
353 2711 389 2779 δὲ
404 2718 571 2801 Λεοντίχῳ
591 2715 816 2795 συγγενέσθαι
831 2712 1047 2798 δεόμενος-
1062 2712 1194 2793 ἑταῖρος
1208 2714 1246 2778 σε’

231 2836 307 2897 μοι,
323 2809 367 2889 ὡς
380 2809 479 2879 οἶσθα
493 2852 530 2863 -—
544 2809 692 2887 ἄκούσας
708 2807 797 2893 παρὰ
810 2803 872 2877 τού
887 2806 1004 2887 παιδός
1019 2806 1063 2886 οἱς
1077 2807 1158 2891 παρ’
1171 2808 1244 2879 Βύ-

232 2910 358 2997 κράτην
371 2910 481 2978 ἕωθεν
493 2908 636 2979 ἀπέλθοι
650 2916 817 2976 νοσοῦντα
828 2907 1098 2994 ἐπισκεψόμενος,
1114 2906 1245 2995 ἄμφοτν

232 3009 347 3091 ἕνεκα,
365 3008 408 3086 ὡς
423 3010 479 3077 καὶ
492 3016 538 3099 τῷ
550 3016 717 3099 Λεοντίχῳ
729 3013 952 3093 συγγενοίμην
966 3006 1125 3075 κᾶκεῖνον
1139 3012 1245 3095 ίιλοιμι

230 3146 275 3159 -
288 3104 466 3193 ἠγνοήκειν
482 3107 547 3193 γόιρ
569 3106 613 3187 ὡς
627 3113 744 3194 νοσοίη
759 3147 800 3157 —
814 3112 1060 3192 παραγίγνομαι
1080 3104 1164 3190 πρός
1178 3106 1246 3175 αύ-

231 3204 307 3271 τόν·
342 3203 486 3287 εὑρίσκω
508 3204 543 3273 δὲ
564 3204 687 3274 αὐτόθι
708 3205 851 3293 τὸνμὲν
869 3206 1051 3290 Λεόντιχον
1071 3202 1185 3275 ούκίτι
1203 3246 1242 3259 -

232 3304 374 3389 ἐφθάκει
388 3304 465 3390 γάρ,
484 3302 528 3384 ὡς
543 3310 700 3389 ἔφασκεν,
716 3303 830 3391 ὀλίγον
840 3305 1169 3390 προεξεληλυθάς-
1179 3305 1245 3373 ἅλ-

232 3411 311 3482 λους
325 3404 361 3469 δὲ
376 3404 535 3488 συχνούς,
552 3407 588 3471 ίν
604 3400 653 3483 οἷς
667 3405 861 3490 Κλεόδημός
874 3428 909 3471 τι
920 3394 963 3488 ήν
978 3398 996 3469 ὁ
1012 3404 1128 3471 ε’κτού
1136 3411 1244 3491 Περι-

232 3503 342 3571 πάτου
356 3502 409 3568 καὶ
421 3502 627 3591 Δεινόμαχος
638 3502 656 3572 ὁ
669 3502 819 3582 Στωικός
832 3501 986 3583 καὶἼων,
1002 3498 1102 3569 οἶσθα
1115 3499 1177 3570 τόν
1189 3504 1243 3572 ἐπὶ
