2625 4092
245 309 555 370 ΣΤΜΠΟΣΙΟΝ
575 313 603 367 Η
622 311 853 370 ΛΑΠΙΘΑΙ.
990 305 1053 372 337

52 480 131 540 νοῦν
142 473 342 548 ἐλπίσαντες.
363 470 417 538 καί
432 471 579 556 μετῆλθέ
591 495 625 536 τε
641 467 660 536 ὁ
674 467 916 552 ἈρισταίνετοςΙ
927 473 979 538 ε’πί
993 469 1052 538 τόν

50 568 150 636 αὑτοῦ
166 567 271 636 τόπον
294 567 430 652 εἰρήνην
448 575 650 652 γεγενῆσθαι
668 571 817 650 ἐλπίσας,
844 574 894 636 38.
914 571 968 635 καὶ
985 567 1051 653 ἅμα

50 667 287 751 εἰσεκεκόμιστο
315 662 394 751 ἡμῖν
420 662 457 731 τό
482 663 609 743 ἐντελὲς
634 663 881 751 ὀνομαζόμενον
904 670 1051 750 δεῖπνον,
1089 712 1093 720 ι

49 771 105 850 μία
128 762 219 850 ὅρνις
242 765 368 852 ἑκάστῳ
389 765 443 829 καὶ
466 767 563 846 κρέας
585 760 644 841 ὑός
669 766 723 831 καί
743 770 856 848 λαγοῦα
879 766 932 830 καί
955 761 1052 848 ἰχθύς

50 868 84 930 ἐκ
98 859 242 948 ταγήνου
257 863 311 927 καί
322 869 549 946 σησαμοῦντες
564 863 618 928 καί
633 859 696 928 ὅσα
708 864 894 947 ἐντραγεῖν,
910 865 963 928 καὶ
977 864 1052 946 ἐξῆν

50 959 276 1044 ἀποφέρεσθαι
289 965 403 1026 ταῦτα.
432 956 608 1039 προύκειτο
627 960 663 1025 δὲ
682 956 742 1044 ούχ
757 961 796 1026 ἓν
812 960 937 1050 ἑκάστῳ
952 959 1052 1025 πιυά-

50 1084 137 1142 κιον,
162 1054 234 1123 ἀλλ’
250 1053 478 1145 Ἀρισταινέτῳ
494 1055 555 1139 μὲν
572 1059 626 1123 καί
641 1055 793 1145 Εὐκρίτῳ
809 1060 861 1124 έπί
877 1065 954 1142 μιᾶς
970 1082 1051 1140 τρα-

48 1161 140 1242 πέζης
155 1155 288 1238 κοινόν,
311 1155 366 1220 καί
379 1150 419 1219 τά
435 1150 514 1235 παρ’
531 1149 622 1242 αὑτῷ
635 1154 792 1236 ἑκάτερον
805 1159 904 1241 ἐχρῆν
918 1163 1049 1241 λαβεῖν·

47 1256 246 1340 Ζηνοθέμιδι
267 1253 302 1319 δὲ
324 1259 370 1342 τῳ
386 1257 525 1340 Στωῖκῳ
545 1253 598 1317 καὶ
612 1250 759 1337 Ἕρμωνι
774 1261 819 1344 τῳ
839 1253 1051 1342 Ἐπικουρείῳ

47 1350 166 1435 ὁμοίως
175 1346 291 1417 κοινδν
302 1351 355 1416 καὶ
365 1348 510 1426 τούτοις·
532 1346 598 1415 εἶτα
612 1351 684 1435 ἑξῆς
695 1353 877 1440 Κλεοδήμῳ
889 1354 942 1418 καλ
952 1351 1050 1435 Ἴωνι,

47 1448 124 1536 μεθ’
142 1445 199 1526 οῦς
214 1454 259 1534 τῷ
275 1455 409 1536 νυμφίῳ
424 1449 477 1513 καλ
493 1449 580 1532 ἐμοί,
596 1455 641 1537 τῳ
658 1457 791 1536 Διφίλῳ
808 1450 843 1517 δὲ
858 1449 896 1516 τά
912 1448 1049 1535 ἀμφοῖν,

46 1547 65 1617 ὁ
84 1545 145 1632 γάρ
161 1546 280 1631 Ζήνων
296 1542 513 1630 ἀπεληλύθει.
543 1547 596 1612 καλ
618 1547 768 1631 μέμνησό
783 1574 839 1632 μοι
853 1549 999 1629 τούτων,
1010 1541 1052 1614 ’ω’

47 1653 173 1728 Φίλων,
202 1643 285 1710 διότι
313 1642 354 1728 δή
382 1645 448 1710 ἐστι
476 1643 529 1709 καί
553 1645 589 1710 έν
610 1639 722 1721 αῦτοῖς
742 1644 904 1730 χρήσιμον
930 1646 962 1724 ές
990 1642 1052 1713 τόν

44 1745 155 1830 λόγου.

131 1863 219 1924 (MA.
244 1854 468 1940 Μεμνήσομαι
483 1853 536 1940 δή.

128 1960 178 2023 39.
194 1959 292 2021 AYK.
312 1949 346 2019 ‘0
361 1959 476 2018 τοίνυν
484 1951 569 2033 Ἴων,
582 1959 719 2033 Πρῶτος
731 1946 794 2020 οάν
805 1951 955 2037 ἀρχομαι,
974 1957 1048 2037 ἔφη,
1068 1976 1118 2031 44⁶

45 2060 76 2122 εἰ
95 2058 195 2120 δοκεῖ,
229 2052 282 2118 καὶ
305 2047 426 2135 μικρόν
449 2050 609 2136 έπιοχιόν,
633 2049 754 2138 Ἐχρῆν·
769 2054 831 2137 μέν
852 2062 947 2131 ἴσως,
975 2056 1050 2135 ἔφη,

43 2150 208 2220 τοιούτων
226 2147 361 2232 ἀνδρῶν
380 2149 559 2231 παρόντων
579 2151 652 2231 περὶ
670 2155 770 2218 ἰδεῶν
785 2176 819 2216 τε
841 2151 895 2217 καὶ
915 2147 1051 2234 ἀσωμά-

41 2277 112 2318 των
130 2253 235 2317 εἰπεῖν
251 2249 306 2315 καί
327 2254 432 2333 ψυχῆς
447 2245 649 2324 ἀθανασίας·
670 2251 727 2314 ’ἰνα
743 2249 778 2315 δέ
795 2246 839 2334 μή
857 2245 1054 2331 ἀντιλέγωσί

41 2377 99 2437 μοι
115 2346 234 2416 ὁπόσοι
249 2345 293 2432 μή
306 2343 387 2412 κατά
400 2343 503 2412 ταύτὰ
518 2354 753 2431 φιλοσοφοῦσι,
769 2350 845 2429 περί
857 2349 922 2434 γάμ
928 2373 975 2412 ων
986 2350 1051 2429 ἐροῦ

41 2447 82 2516 τά
105 2446 225 2516 εἰκότα.
259 2441 294 2511 τό
317 2443 378 2529 μέν
399 2436 463 2510 οῦν
483 2444 620 2526 ἀριστον
637 2438 680 2531 ῆν
701 2444 745 2530 μή
769 2451 899 2512 δεῖσθαι
920 2444 1049 2530 γάμων,

38 2543 127 2614 ἀλλά
146 2545 369 2627 πειθομένους
380 2541 534 2609 Πλάτωνι
550 2545 603 2610 καὶ
615 2544 788 2626 Σωκράτει
803 2548 1050 2628 παιδεραστεῖν·

36 2644 142 2730 μόνοι
159 2650 245 2728 γοῦν
262 2646 297 2708 οἰ
310 2648 453 2708 τοιοῦτοι
476 2639 730 2709 ἀποτελεσθεῖεν
751 2639 793 2709 ἀν
814 2633 896 2723 πρὸς
912 2639 1034 2727 ἀρετήν

38 2751 71 2812 εί
92 2742 129 2810 δέ
150 2745 203 2808 δεῖ
220 2742 275 2808 καί
291 2746 486 2824 γυναικείου
503 2741 629 2826 γύμου,
657 2739 740 2807 κατὰ
762 2740 802 2807 τά
819 2740 972 2807 Πλάτωνι
993 2745 1051 2806 δο-

36 2849 171 2912 κοῦντα
185 2838 301 2916 κοινὰς
317 2837 401 2906 εἰναι
414 2843 480 2906 ἔδει
493 2837 587 2924 ἡμῶν
603 2838 661 2918 τάς
673 2837 910 2926 γυναῖκας,οός
922 2841 983 2918 ἔξω
994 2839 1050 2925 ζή-

35 2953 105 3011 λου
129 2949 252 3026 εἰημεν.
284 2945 336 3006 40.
361 2942 464 3023 γέλως
485 2940 536 3005 έπί
557 2941 688 3015 τούτοις
712 2941 840 3023 ἐγένετο
863 2934 907 3014 ὡς
930 2935 992 3004 οῦκ
1014 2942 1051 3004 ἐν

34 3047 152 3130 καιρῷ
161 3040 360 3123 λεγομένοις.
382 3037 643 3120 Διονυσόδωρος
654 3041 700 3120 δέ,
715 3044 859 3116 Παῦσαι,
876 3041 950 3121 ἔφη,
966 3043 1049 3123 βαρ-

35 3134 168 3230 βαρικὰ
186 3135 266 3222 ἡμῖν
284 3133 393 3223 ᾄδων,
415 3141 483 3201 ποῦ
503 3134 567 3219 γὰρ
589 3131 633 3201 ἀν
654 3130 863 3217 εὑρίσκοιμεν
881 3134 939 3200 τὸν
955 3143 1051 3222 ζῆλον

32 3241 92 3309 ἐπὶ
104 3235 230 3304 τούτου
243 3238 296 3302 καὶ
308 3235 397 3317 παρά
411 3242 493 3314 τι’νι;
516 3232 634 3301 Καλοῦ
646 3232 710 3318 γάρ
723 3235 866 3319 φθέγγῃ,
879 3236 1051 3318 κάθαρμα;

32 3335 146 3405 εἶπεν.
163 3332 263 3417 οἶμαι,
279 3335 331 3400 καλ
339 3334 598 3414 Διονυσόδωρος
609 3329 868 3411 ἀντελοιδορεῖτο
881 3327 921 3396 τά
933 3332 1050 3398 εἰκότα.

31 3429 119 3504 ἀλλ’
141 3429 165 3498 ’ὁ
188 3425 413 3516 γραμματικὸς
431 3426 581 3508 Ἱστιαῖος
603 3427 620 3497 ὁ
646 3433 830 3516 βέλτιστος,
857 3429 1052 3512 Παύσασθε,

31 3539 125 3617 ἔφη·
156 3524 220 3613 ἐγω
234 3525 299 3614 γάρ
315 3523 400 3611 ύμῖν·
413 3528 636 3613 έπιθαλάμιον
652 3523 913 3675 ἀναγνωσομαχ.2
931 3532 981 3593 41.
998 3527 1050 3591 καλ

131 3639 236 3678 wem«.
260 3623 305 3678 ΙΙΙ.
