2625 4092
213 271 274 335 170
566 270 870 328 ΛΟΤΚΙΑΝΟΤ

211 433 294 502 ὄνον
308 436 494 552 κιθαρίζειν
506 429 715 512 πειρωμενου
730 424 821 511 ὁρῶν
835 425 1038 512 ἀνεκάγχασε
1053 427 1143 512 μάλα
1162 425 1219 513 ἡδὺ

212 529 383 616 ὁποιητης
400 521 499 607 οὗτος
519 553 536 594 ο
524 523 647 642 ’ἐμός
676 552 693 591 ο
681 523 747 592 55
770 524 888 592 55555'
872 531 1092 611 επιστραφείς.
1124 533 1220 592 τοῦτο

212 631 456 712 ἐξεπολέμωσεν
472 621 596 700 αὐτοὺς
612 625 686 688 τότε
703 629 849 741 ἔναγχος.
872 630 900 692 8.
919 615 1093 691 ἐνθένδε
1071 651 1112 708 ην
1130 619 1221 708 μὲνὴ

212 734 272 794 τοῦ
290 732 384 802 έτους
404 723 505 809 ἀρχή,
526 729 654 807 μάλλον
675 719 747 788 55‘
731 748 752 806 η
771 718 836 786 άπό
858 730 915 806 τῆς
932 723 1076 807 μεγάλης
1093 748 1221 806 νουμη-

211 833 284 900 νίας
306 831 415 906 τρίτη,
439 824 476 887 έν
495 813 517 909 ᾗ
538 823 573 886 οί
589 817 738 904 Ῥωμαῖοι
759 819 841 886 κατά
859 849 889 886 τι
910 819 1046 906 άρχαῑου
1070 817 1224 905 εὔχονταί

144 942 193 996 169
212 949 245 990 τε
258 919 353 987 αὐτοὶ
367 918 451 1003 ὑπὲρ
461 917 608 994 ἅπαντος
619 925 681 984 τοῦ
692 924 787 995 ἔτους
799 916 896 1003 εὐχάς
907 945 999 995 τινας
1015 922 1069 986 καὶ
1082 919 1221 1000 θύουσι,
1297 927 1298 942 ἢ

212 1029 335 1107 Νουμᾶ
358 1026 419 1086 τοῦ
448 1020 609 1105 βασιλέως
631 1018 925 1102 καταστησαμένου
949 1015 1006 1094 τάς
1032 1022 1223 1100 ἱερουργίας
1298 1036 1299 1102 η

212 1117 341 1203 αὐτοῖς,
365 1121 419 1185 καὶ
435 1116 674 1184 πεπιστεύκασι
688 1111 767 1192 τούς
783 1112 887 1192 θεοὺς
901 1118 937 1181 έν
953 1119 1063 1202 ἐκείνη
1079 1114 1221 1199 μάλιστα
1298 1121 1299 1162 ³

210 1226 250 1306 τῇ
270 1215 377 1305 ἡμέρη
392 1220 600 1300 χρηματίζειν
617 1229 685 1291 τοῖς
705 1211 903 1298 εὐχομένοις.
937 1215 973 1279 ἐν
994 1211 1133 1298 τοιαύτη
1152 1218 1222 1277 τοί-
1298 1203 1300 1348 1

211 1343 276 1382 νυν
287 1317 384 1402 έορτῇ
395 1315 451 1380 καὶ
461 1317 635 1399 ἱερομηνίᾳ
647 1309 665 1376 5
678 1312 751 1378 τότε
762 1312 904 1394 γελάσας
915 1314 952 1378 ἐν
964 1309 1125 1398 Ὀλυμπίᾳ
1136 1313 1220 1377 ἐκεῖ·

211 1445 268 1495 νος
288 1417 341 1483 ἐπὶ
355 1421 401 1502 τῷ
415 1412 645 1499 ὑποβολιμαίῳ
660 1411 848 1498 Πυθαγόρᾳ
865 1408 947 1478 ίδωυ
962 1411 1145 1492 προσιόντα
1163 1406 1220 1474 τόν

209 1515 441 1583 κατάπτυστον
462 1514 517 1578 καὶ
539 1508 699 1592 ἀλαζόνα,
726 1507 786 1575 τόν
809 1517 877 1576 των
903 1508 1087 1592 ἀλλοτρίων
1110 1509 1221 1592 λόγων
1300 1509 1301 1512 ’

210 1609 396 1694 ὑποκριτήν
406 1650 450 1661 -
461 1608 619 1692 ἐτύγχανε
631 1610 668 1674 δὲ
682 1610 736 1674 καὶ
748 1605 807 1674 τόν
818 1608 945 1690 τρόπον
957 1605 1062 1674 αὐτοῦ
1074 1605 1222 1692 άκριβώς

211 1706 307 1786 είδως
323 1708 379 1774 καὶ
393 1704 454 1789 τὴν
467 1704 572 1790 άλλην
587 1702 762 1788 άσέλγειαν
776 1709 832 1774 καλ
845 1716 983 1791 μιαρίαν
997 1714 1058 1772 τοῦ
1075 1714 1152 1792 βίου
1166 1708 1220 1772 καί

209 1805 231 1874 5
251 1821 359 1874 ποιεῖν
380 1808 507 1890 ἐλέγετο
530 1805 585 1871 καλ
608 1800 752 1869 άποιῶυ
768 1812 962 1888 κατείληπτο
977 1802 1113 1886 -Ὦρα
1129 1800 1220 1888 ἡμῖν,

211 1914 274 1991 ἐφη
289 1904 374 1988 πρός
388 1930 463 1970 τινα
478 1909 545 1969 τῶν
556 1905 712 1986 ἑταίρων,
730 1906 947 1986 ἐκτρέπεσθαι
961 1902 998 1968 τό
1012 1903 1221 1987 δυσάντητον

210 2013 309 2072 τοῦτο
323 2008 450 2088 θέαμα,
474 1999 510 2080 59
526 2004 643 2086 φανεὶς
660 2007 747 2068 ἔοικε
761 1999 824 2087 τὴν
838 1999 975 2088 ἡδίστην
992 1998 1119 2086 ἡμέραν
1134 1997 1220 2065 άπυ-
1304 2089 1305 2094 ¹

211 2104 325 2188 φράδα
348 2101 501 2187 ποιήσειν
521 2099 610 2186 ἡμῖν.
643 2097 736 2166 τοῦτ’
760 2097 906 2176 άκούσας
933 2096 950 2164 5
976 2096 1137 2185 σοφιστὴς
1160 2097 1219 2184 την

211 2203 391 2285 άποφράδα
407 2199 451 2278 59
466 2228 498 2267 τι
514 2203 609 2280 ξένον
630 2201 686 2266 καὶ
702 2198 878 2280 άλλότριον
893 2197 1000 2285 ὄνομα
1020 2205 1087 2265 τῶν
1104 2198 1220 2284 Ἐλλη-

209 2327 280 2367 νων
291 2303 387 2384 ἐγέλα
402 2297 508 2376 εὐθὺς
523 2301 577 2366 καὶ
591 2296 650 2364 τόν
663 2297 770 2379 άνδρά
782 2304 842 2363 τοῦ
856 2297 959 2365 πάλαι
973 2300 1105 2365 ἐκείνου
1114 2301 1220 2383 γέλω-

209 2424 264 2474 τος
279 2395 442 2483 ημύνετο,
466 2395 510 2474 59
525 2404 636 2484 γοῦν
624 2393 723 2478 άετο,
745 2400 799 2463 καὶ
820 2394 904 2482 πρὸς
923 2395 1071 2473 ἅπαντας
1094 2404 1219 2480 ἔλεγεν,

206 2497 390 2580 Ἀποφράς,
412 2522 443 2562 τι
438 2498 496 2562 5'5
514 2496 612 2562 τοῦτό
635 2499 720 2576 ἐστι;
742 2497 868 2580 καρπός
883 2524 931 2575 τις
950 2524 971 2583 η
957 2492 1115 2584 “βοτάνη
1131 2525 1181 2575 τις
1198 2524 1218 2580 η

209 2601 345 2673 σκεῦος;
365 2585 431 2675 άρα
446 2603 513 2659 πῶυ
524 2591 767 2679 έσθιομένων”
746 2621 769 2707 η
782 2599 973 2680 πινομένων
986 2623 1017 2661 τι
1013 2593 1153 2662 ’ἐστιν’
1133 2620 1219 2661 απο-

209 2692 315 2775 φράς;
337 2689 402 2774 ἐγω
417 2690 478 2776 μὲν
490 2689 566 2758 οὔτε
578 2691 706 2776 ηκουσα
718 2692 850 2759 πώποτε
864 2690 936 2757 οὔτ’
952 2688 996 2758 άυ
1006 2700 1128 2778 συνίην
1140 2695 1219 2759 ποτὲ

211 2787 228 2854 5
243 2816 274 2854 τι
288 2792 343 2854 καὶ
357 2791 453 2872 λέγει.
485 2795 514 2856 9.
533 2787 634 2855 ταῦθ’
652 2787 670 2855 5
686 2789 746 2875 μὲν
764 2789 845 2879 ᾤετο
862 2789 945 2878 κατά
961 2792 1083 2857 τούτου
1102 2792 1219 2870 διεξιέ-

209 2913 264 2952 ναι
280 2889 335 2954 aaz
352 2885 460 2953 πολὺν
482 2890 581 2973 ἐπῆγε
598 2896 637 2977 τη
652 2888 824 2975 ἀποφράδι
842 2888 901 2956 τόν
915 2893 1037 2974 γέλων·
1067 2890 1218 2975 ἐλελήθει

143 2996 192 3050 170
211 2983 247 3050 55
263 2981 335 3050 κατ’
352 2981 458 3052 αὐτοῦ
478 2984 515 3052 τό
534 2985 678 3053 ὕστατον
694 2988 872 3073 τεκμήριον
887 2987 1103 3067 άπαιδευσίας
1119 2992 1219 3074 ἐκφέ-

208 3107 287 3165 ρων.
312 3084 364 3150 ἐπλ
376 3083 485 3172 τούτῳ
500 3081 559 3150 τόν
575 3085 675 3170 λόγον
692 3085 790 3154 τόνδε
807 3085 1047 3172 συνέγραψευό
1065 3086 1121 3172 ἐμὲ
1133 3114 1215 3170 προ-

210 3184 392 3266 εισπέμψας
414 3183 510 3269 ὑμῖν,
537 3183 581 3261 59
602 3190 716 3264 δείξειε
736 3183 796 3252 τὸν
818 3184 972 3270 αόίδιμου
991 3189 1154 3271 σοφιστὴν
1179 3186 1217 3254 τά

209 3277 306 3347 κοινά
329 3289 397 3357 των
416 3279 580 3368 Ἑλλήνων
600 3282 791 3369 ἀγνοοῦντα
812 3287 866 3353 καὶ
887 3284 995 3353 ὁπόσα
1017 3283 1081 3354 κάν
1110 3292 1144 3354 oc
1166 3289 1216 3354 ἐπὶ

208 3384 276 3444 των
291 3381 516 3465 ἐργαστηρίων
534 3384 668 3449 καὶτῶν
683 3391 871 3469 καπηλείων
888 3389 1014 3452 εἰδεῖεν.
1036 3392 1139 3451 ταῦτα
1153 3389 1215 3471 μὲν

210 3471 385 3561 ὁἘλεγχος
