2625 4092
448 296 684 354 ΚῬΝΙΚΟΣ.
1009 296 1072 359 397

57 456 264 526 ἀπόλλυνται
279 455 333 524 διά
345 462 449 522 ταῦτα
460 457 576 523 πολλοὶ
591 457 645 522 καὶ
662 463 833 541 ζητοῦντες
843 462 898 526 καὶ
911 463 1073 545 δημιουρ-

57 562 199 642 γοῦντες
215 552 309 623 δεινά
324 552 526 640 πάσχουσιν,
545 551 620 622 ἀλλ’
637 553 687 623 ὅτι
703 556 758 623 καὶ
772 556 988 642 πολυμάχητά
1003 559 1072 623 ἐστι

58 658 115 722 καὶ
131 654 362 741 ἐπιβουλεύετε
373 650 529 739 ἀλλήλοις
543 652 596 720 διά
608 660 712 719 ταύτα
723 655 779 720 καὶ
790 661 901 738 φίλοις
915 661 1007 737 φίλοι
1018 657 1071 721 καὶ

58 754 203 834 πανράσι
217 756 331 830 παῖδες
343 754 398 819 καὶ
413 765 570 837 γυναῖκες
581 748 755 834 άνδράσιν.
780 749 899 836 [οὕτως
915 748 1072 837 οἶμαικαὶ

59 849 124 936 τὴν
146 848 328 935 Ἐριφύλην
350 847 404 917 διά
425 847 485 917 τὸν
507 849 635 936 χρυσὸν
656 853 843 935 προδοῦναι
864 846 924 916 τὸν
941 847 1071 933 ἄνδρα]

59 954 90 1015 9.
108 951 161 1015 καὶ
178 957 280 1015 ταῦτα
293 950 404 1033 μέντοι
417 948 526 1015 πάντα
540 955 682 1033 γίνεται,
697 953 765 1015 τῶν
776 974 812 1013 τε
822 952 984 1015 ποικίλων
995 953 1072 1033 ίμα-

59 1055 143 1114 τίων
158 1046 258 1116 οὐδέν
274 1076 306 1115 τι
320 1055 447 1134 μᾶλλον
461 1047 609 1115 θάλπειν
625 1051 843 1133 δυναμένων,
857 1054 928 1112 τῶν
939 1046 974 1113 δὲ
988 1072 1071 1132 χρυ-

60 1145 224 1230 σορύφων
235 1152 351 1215 οἰκιῶν
363 1144 464 1212 οὐδέν
477 1174 508 1213 τι
523 1153 651 1231 μᾶλλον
662 1153 875 1230 σκεπουσῶν,
891 1151 959 1212 τῶν
971 1147 1008 1211 δὲ
1018 1147 1073 1211 ἐκ·

60 1242 231 1328 πωμάτων
241 1250 309 1309 τῶν
320 1241 479 1328 άργυρῶν
494 1241 556 1310 οὐκ
570 1241 795 1329 ὠφελούντων
806 1240 866 1311 τδν
878 1244 983 1311 πότον
994 1239 1073 1309 ούδέ

60 1348 130 1407 τῶν
140 1348 283 1426 χρυσῶν,
300 1338 373 1409 οὐδ’
386 1335 430 1408 αὖ
439 1349 508 1408 τῶν
517 1345 744 1427 ἐλεφαντίνων
755 1349 882 1410 κλινῶν
889 1339 951 1409 τὸν
962 1338 1073 1407 ὕπνου

60 1438 146 1526 ἡδίω
159 1443 413 1526 παρεχομένων,
432 1438 506 1508 ἀλλ’
525 1440 599 1521 ὄψει
616 1440 777 1519 πολλάκις
791 1442 844 1509 ἐπὶ
859 1448 917 1526 τῆς
931 1442 1074 1525 ἐλεφαν-

62 1546 157 1623 τίνης
170 1546 286 1623 κλίνης
299 1539 353 1605 καὶ
368 1545 435 1604 τῶν
445 1546 641 1607 πολυτελῶν
655 1538 859 1624 στρωμάτων
869 1535 950 1616 τούς
962 1536 1075 1605 εὐδαί-

61 1664 167 1724 μονας
178 1635 290 1704 ὕπνον
305 1646 416 1722 λαχεῖν
431 1635 472 1703 ού
484 1641 701 1724 δυναμένους.
724 1637 774 1707 ὅτι
787 1635 925 1724 μὲνγὰρ
940 1642 977 1703 αι’
985 1662 1073 1703 παν-

60 1737 202 1803 τοδαπαὶ
215 1733 343 1817 περὶτὰ
358 1736 514 1822 βρώματα
529 1751 749 1822 πραγματεῖαι
759 1740 921 1819 τρέφουσι
936 1734 999 1820 μὲν
1011 1732 1073 1800 ού-

61 1834 122 1903 δέν
137 1841 282 1919 μάλλον,
298 1841 516 1918 λυμαίνονται
532 1835 568 1902 δέ
585 1833 623 1901 τά
641 1835 777 1921 στύματα
790 1836 846 1902 καὶ
858 1848 928 1911 τοῖς
941 1834 1071 1919 σώμασι

60 1933 186 2009 νόσους
206 1934 398 2017 ἐμποιοῦσι,
419 1939 454 1999 τί
468 1937 520 2000 δεῖ
534 1937 661 2020 λέγειν;
693 1940 742 2001 10.
764 1940 799 2000 τί
816 1936 852 2000 δέ
873 1934 930 1999 καὶ
950 1934 1072 2017 λέγειν,

60 2030 126 2098 ὅσα
148 2036 216 2097 τῶν
237 2026 446 2115 ἀφροδισίων
463 2034 560 2099 ἕνεκα
583 2034 781 2119 [πράγματα]
807 2038 943 2099 ποιοῦσί
960 2058 995 2098 τε
1017 2032 1072 2098 καὶ

59 2130 250 2215 πάσχουσιν
264 2135 298 2197 οί
310 2128 504 2213 άνθρωποι;
526 2139 632 2201 καίτοι
644 2132 764 2221 ῥᾴδιον
773 2128 979 2214 θεραπεύειν
988 2128 1073 2195 ταύ-

60 2254 125 2313 την
141 2225 203 2313 τὴν
219 2231 417 2315 ἐπιθυμίαν,
440 2237 470 2297 εί
487 2232 532 2316 μή
555 2258 603 2309 τις
623 2234 735 2298 ἐθέλοι
750 2237 894 2315 τρυφᾶν.
923 2229 978 2296 καὶ
992 2223 1068 2294 οὐδ’
1090 2235 1142 2291 545

61 2334 110 2405 είς
125 2328 250 2414 ταύτην
271 2326 290 2415 ἡ
306 2336 407 2415 μανία
422 2333 476 2398 καὶ
493 2329 666 2415 διαφθορά
683 2338 843 2416 φαίνεταιΙ
850 2344 919 2408 τοῖς
933 2325 1073 2409 άνθρύ-

60 2454 138 2506 ποις
155 2426 286 2511 άρκεῖν,
310 2428 383 2498 ἀλλ’
399 2430 463 2518 ἤδη
483 2434 537 2498 καί
560 2438 627 2495 τῶν
643 2428 751 2497 ὄντων
770 2427 833 2516 τὴν
850 2437 969 2514 χρῆσιν
988 2424 1074 2492 άνα-

60 2528 269 2612 στρέφουσιν
281 2529 407 2620 ἑκάστφ
417 2529 582 2615 χροίμενοι
593 2527 678 2619 πρὸς
688 2526 709 2595 ὃ
718 2525 762 2615 μὴ
777 2532 945 2613 πέφυκεν,
961 2524 1073 2608 ῶσπερ

61 2636 98 2695 εί
105 2653 156 2705 τις
172 2624 252 2696 ἐνθ’
269 2625 394 2713 ἁμάξης
408 2631 519 2697 ἐθέλοι
536 2635 574 2717 τῇ
589 2634 686 2715 κλίνῃ
698 2627 853 2708 καθάπερ
868 2623 975 2714 ἁμάξῃ
992 2626 1073 2709 χρή-

61 2736 198 2794 σασθαι.
439 2773 447 2782 »

149 2834 249 2895 AYK.
269 2830 336 2896 Καὶ
349 2835 397 2907 τίς
414 2820 528 2905 οὗτοςς

150 2933 252 2996 KYN.
265 2924 379 3015 Ὑμεῖς,
395 2934 430 2995 οἳ
437 2942 505 3005 τοῖς
517 2925 713 3011 ἀνθρώποις
723 2924 781 2994 άτε
792 2924 982 3009 ὑποζυγίοις
992 2934 1073 3010 χρῆ-

62 3036 145 3107 σθε,
168 3027 319 3093 κελεύετε
335 3030 370 3093 δὲ
391 3024 514 3105 αύτούς
533 3024 643 3111 ῶσπερ
659 3024 785 3110 άμάξας
799 3022 858 3102 τάς
878 3031 991 3103 κλίνας
1005 3039 1073 3103 τοῖς

62 3125 238 3209 τραχήλοις
259 3124 369 3211 άγειν,
395 3123 488 3193 αὐτοὶ
511 3124 543 3192 δ’
567 3124 638 3193 άνω
659 3125 859 3194 κατάκεισθε
879 3130 1073 3209 τρυφῶντες

62 3224 120 3291 καὶ
131 3225 263 3289 ἐκεῖθεν
277 3222 388 3307 ῶσπερ
401 3222 501 3303 ὅνους
512 3222 673 3310 ἡνιοχεῖτε
683 3222 762 3302 τούς
772 3221 978 3309 ἀνθρώπους
988 3223 1073 3289 ταύ-

63 3348 136 3407 την,
152 3319 235 3389 ἄλλά
248 3321 291 3409 μὴ
303 3324 428 3408 ταύτην
439 3326 619 3405 τρέπεσθαι
630 3324 839 3401 κελεύοντες·
861 3325 915 3390 καὶ
927 3327 962 3391 οί
969 3330 1074 3389 ταῦτα

63 3420 204 3506 μάλιστα
220 3428 396 3500 ποιοῦντες
415 3422 557 3507 μάλιστα
572 3428 802 3509 μακαριζεσθε.
837 3428 886 3489 11.
902 3425 935 3489 οί
950 3419 986 3488 δὲ
1004 3434 1073 3500 τοῖς

64 3523 180 3600 κρέασι
195 3517 240 3605 μὴ
259 3526 367 3609 τροφῇ
386 3518 551 3607 χρῶμενοι
567 3522 690 3607 μόνον,
713 3520 796 3590 ἀλλά
812 3522 866 3589 καλ
881 3518 993 3605 βαφάς
1008 3546 1073 3605 μη-
