2625 4092
320 275 616 333 ΕΠΙΣΤΟΛΑΙ
632 275 889 334 ΚΡΟΝΙΚΛΙ.
1049 273 1111 337 315

96 437 244 520 πιόνωνα
267 435 369 520 φύειν
390 432 487 519 ὀξύν,
522 429 588 501 οἷοί
608 441 693 501 εἰσιν
716 438 753 501 ἐν
776 451 846 513 ταῖς
869 442 1057 526 κωμῳδίαις
1079 443 1114 504 οί

95 535 384 621 σφηνοπτόγωνες,
400 537 453 600 καὶ
466 531 502 600 τό
515 531 605 616 παρὰ
618 547 686 610 τοῖς
698 534 878 618 κροτάφοις
889 534 980 600 πάνυ
991 535 1110 601 λάσιον

96 635 151 699 καὶ
165 632 268 717 κάρτα
288 635 484 716 ἐκκεντουν,
501 631 538 698 τδ
555 633 677 718 μεταξὺ
689 631 725 700 δὲ
740 641 831 700 λεῖον
848 633 904 700 καὶ
917 630 1050 717 γυμνόν
1062 629 1109 699 εί·
1128 642 1177 696 407

97 759 161 799 ναι.
187 740 290 798 ταῦτα
302 733 355 798 καὶ
372 737 472 798 πλείω
484 730 614 796 τούτων
627 727 799 814 εὐξαίμεθ’
813 728 873 816 ἄν,
890 735 920 798 εί
929 729 973 817 μὴ
985 733 1112 798 θέλωσι

95 831 134 897 τὸ
154 830 240 917 ἄγαν
256 837 421 914 φίλαυτον
437 827 527 895 τοῦτ’
548 825 688 912 ἀφέντες
709 831 742 906 ἐς
757 827 794 895 τό
814 825 932 896 κοινόν
953 838 1112 896 πλουτεῖν

94 930 152 996 καὶ
169 928 382 1013 μεταδιδόναι
400 924 479 1012 ἡμῖν
495 933 563 992 τῶν
579 933 730 1011 μετρίων.

589 1215 618 1274 2.

182 1329 231 1390 25.
248 1324 411 1407 Κρόνος
428 1323 517 1408 ἐμοὶ
536 1329 590 1410 τῷ
611 1322 843 1413 τιμιωτάτω
863 1329 1043 1407 χαίρειν.
1072 1332 1113 1390 Τί

92 1428 201 1488 ταῦτα
215 1431 336 1507 ληρεῖς,
355 1414 381 1489 ὦ
394 1413 502 1504 οὗτος,
517 1421 588 1506 ἐμοὶ
599 1421 675 1502 περὶ
687 1425 755 1486 τῶν
769 1420 949 1503 παρόντων
961 1424 1110 1490 ἐπιστέλ-

93 1528 167 1586 λων
182 1521 236 1586 ιιαὶ
255 1515 450 1604 ἀναδασμόν
465 1526 533 1586 τῶν
549 1515 691 1603 ἀγαθῶν
706 1533 815 1584 ποιεῖν
828 1518 995 1599 κελεύων;
1017 1517 1053 1585 τό
1073 1522 1110 1587 δέ

92 1620 212 1701 ἑτέρον
223 1613 267 1684 ι’ἱν
282 1627 349 1704 είη,
365 1626 425 1685 τοῦ
437 1624 503 1684 νῦν
518 1615 686 1702 ἄρχοντος.
708 1617 872 1702 θαυμάζω
883 1614 948 1701 γὰρ
960 1622 991 1684 εί
1004 1617 1110 1701 μόνος

92 1724 164 1783 των
182 1715 341 1783 ἁπάντων
357 1714 541 1801 ἀγνώσσεις
557 1711 599 1792 ὡς
612 1711 676 1798 ἐμοὶ
692 1712 753 1798 μέν
769 1715 872 1782 πάλαι
890 1711 1047 1799 βασιλεδς
1059 1709 1109 1780 όν

92 1817 284 1899 πέπαυμαι,
305 1828 373 1890 τοῖς
395 1815 488 1879 παισὶ
505 1815 677 1896 διανείμας
696 1810 758 1897 την
778 1809 901 1896 ἀρχήν,
926 1809 944 1876 ὁ
965 1812 1001 1880 δὲ
1023 1809 1109 1888 Ζεὺς

91 1912 237 1998 μάλιστα
253 1919 320 1977 τῶν
336 1911 498 1978 τοιούτων
510 1912 724 1994 ἐπιμελεῖται·
747 1907 787 1976 τὰ
800 1911 836 1975 δέ
849 1907 990 1994 ἡμέτερα
1004 1917 1109 1975 ταῦτα

94 2013 191 2096 μέχρι
208 2017 336 2076 πεττῶν
351 2011 406 2077 καὶ
422 2011 546 2094 κρότου
562 2011 616 2077 καὶ
629 2007 716 2098 ᾠδῆς
730 2011 784 2076 καὶ
800 2011 922 2094 μέθης,
940 2011 1108 2076 καὶτοῦτο

90 2108 139 2177 οὐ
154 2111 256 2177 πλέον
272 2107 405 2195 ἡμερῶν
421 2110 510 2177 ἑπτα,
543 2108 626 2176 ὥστε
642 2111 718 2192 περὶ
733 2118 800 2175 τῶν
814 2109 978 2192 μειζόνων
995 2106 1109 2195 όίφης,

91 2205 234 2293 ἀφελεῖν
248 2205 286 2274 τό
302 2206 421 2275 ἄνισον
433 2211 487 2275 καὶ
498 2210 533 2274 ἐκ
550 2215 607 2292 τῆς
621 2205 738 2293 ὁμοίας
753 2202 775 2292 ἦ
790 2208 952 2274 πένεσθαι
967 2202 989 2291 ἦ
1004 2214 1111 2272 πλου-

93 2306 342 2392 τεῖνόίπαντας,
360 2305 376 2374 ὁ
392 2306 477 2385 Ζεδς
489 2303 532 2375 όῖν
547 2314 779 2392 χρηματίσειεν
791 2303 883 2392 ὑμῖν.
906 2311 936 2373 εί
949 2309 989 2373 δέ
1000 2334 1032 2373 τι
1042 2313 1111 2372 των

92 2410 134 2474 ἐκ
154 2411 212 2492 τῆς
227 2407 341 2491 ἑορτῆς
357 2404 504 2473 όδικοῖτό
518 2432 567 2482 τις
589 2402 610 2488 ἢ
629 2415 875 2486 πλεονεκτοῖτο,
900 2401 982 2490 ε’μδν
999 2401 1043 2472 ἂν
1058 2415 1109 2492 είη

95 2507 261 2586 δικάζειν·
300 2508 354 2572 καὶ
381 2508 559 2574 ἐπιστέλλω
591 2508 626 2572 δὲ
651 2519 719 2582 τοῖς
744 2511 916 2580 πλουσίοις
941 2506 1109 2586 περὶτῶν
1126 2524 1179 2581 408

93 2610 242 2672 δείπνων
257 2608 387 2673 καὶτοῦ
401 2611 546 2691 χοίνικος
561 2612 621 2671 τοῦ
636 2610 777 2690 χρυσίου
793 2605 848 2670 καὶ
859 2609 929 2669 τῶν
943 2601 1109 2689 ἐσθήτων,

93 2702 141 2782 ως
157 2705 211 2771 καὶ
232 2701 313 2790 ὑμῖν
328 2706 491 2788 πέμποιεν
507 2705 539 2780 ές
556 2702 617 2788 τὴν
633 2704 766 2790 ἑορτήν·
795 2707 906 2769 δίκαια
924 2698 990 2785 γὰρ
1005 2710 1108 2770 ταῦτα

94 2803 152 2871 καὶ
168 2801 242 2882 ἄξια
259 2800 382 2881 αὐτοὺς
396 2817 523 2888 ποιεῖν,
539 2801 582 2880 όις
601 2807 704 2889 φατέ,
722 2809 752 2870 εί
764 2801 809 2888 μή
824 2829 854 2867 τι
871 2798 1014 2885 εὔλογον
1025 2805 1110 2869 ἐκεῖ·

95 2927 150 2969 νοι
164 2900 248 2982 πρὸς
260 2909 363 2968 ταῦτα
381 2904 491 2987 λέγειν
506 2909 612 2988 ἔχωσι.
636 2909 686 2968 26.
704 2899 740 2966 τό
758 2901 794 2968 δὲ
811 2900 908 2989 ὅλον,
923 2912 993 2971 ίστε
1009 2901 1093 2968 οίπέ

96 3027 193 3087 νητες
204 2999 297 3087 ὑμεῖς
311 3004 548 3087 ἐξηπατημένοι
560 3004 614 3069 καὶ
627 3000 690 3068 οόιι
705 2998 817 3086 ὀρθῶς
832 3003 1022 3085 δοξάζοντες
1035 3002 1111 3085 περὶ

94 3107 165 3166 τῶν
179 3107 361 3182 πλουσίων,
380 3105 461 3187 οἵγε
473 3107 742 3186 πανευδαίμονος
756 3101 880 3180 αὐτοὺς
894 3114 1008 3170 οίεσθε
1025 3100 1110 3169 εἶναι

95 3203 151 3266 καὶ
174 3199 300 3284 μόνους
321 3196 409 3286 ἡδύν
424 3225 500 3266 τινα
519 3208 620 3285 βιοῦν
640 3199 702 3267 τόν
718 3209 810 3288 βίον,
838 3199 889 3269 ότι
908 3207 1055 3270 δειπνεῖν
1075 3227 1110 3267 τε

95 3306 285 3378 πολυτελῶς
299 3304 389 3366 ἐστιν
400 3295 513 3377 αὐτοῖς
524 3301 578 3366 καὶ
589 3301 823 3384 μεθύσκεσθαι
839 3311 936 3369 οῖνον
948 3299 1044 3388 ἡδέος
1056 3303 1111 3366 καὶ

96 3401 211 3465 παισὶν
227 3395 361 3482 ὡραίοις
372 3400 426 3465 καὶ
439 3400 594 3484 γυναιξὶν
609 3396 737 3484 ὁμιλεῖν
748 3402 803 3468 καὶ
815 3403 935 3485 ἐσθῆσι
949 3409 1111 3484 μαλακαῖς

96 3503 258 3582 χρῆσθαι·
288 3493 325 3564 τδ
342 3495 378 3564 δέ
401 3497 493 3566 πιίυυ
509 3495 661 3585 ἀγνοεῖτε
678 3496 796 3567 ὁποῖόν
814 3500 914 3568 ἐστιν.
947 3503 984 3566 αῖ
997 3526 1031 3566 τε
1046 3499 1109 3584 γαρ
