2625 4092
219 238 281 300 ιιι
564 239 883 318 [Λουτιλινοη

218 400 258 468 τά
274 397 319 488 μή
337 398 418 470 ὄντα
439 401 521 486 μηδὲ
537 399 753 488 γενησόμενα.
782 399 864 468 άλλδι
883 407 985 468 ταῦτα
1002 401 1064 487 μὲν
1083 398 1150 468 ούιι
1168 399 1225 469 οἶδ’
1283 373 1284 413 ¹

218 498 308 576 ὅπως
318 505 446 584 ληρεῖτε
463 493 605 582 ὀνείροις
614 499 842 583 πιστεύοντες,
859 501 915 568 καὶ
929 497 968 568 τά
979 499 1143 568 κάλλιστα
1156 503 1228 587 βδε-

221 596 396 684 λύττεσθε,
413 611 481 675 τοῖς
492 591 529 664 δὲ
540 611 700 684 πονηροῖς
711 596 852 685 ήδεσθε,
863 597 967 684 μηδὲν
978 595 1229 684 όνούμενοιτού
1284 634 1285 678 ι

217 695 453 783 βδελύγματος.
468 694 552 762 ὥστε
564 695 675 762 ἐάσετε
687 693 744 773 τάς
756 695 956 774 ἀλλοκότους
967 697 1090 776 τούτοις
1102 723 1230 782 φαντα-

217 800 290 873 σίας
301 795 356 862 καὶ
368 788 549 880 τάπονηρά
566 795 780 881 βουλεύματα
793 796 848 864 καὶ
859 795 1090 882 μαντεύματα,
1134 793 1231 881 ήπου

216 890 299 970 θεὸς
309 888 396 978 ὑμᾶς
406 895 439 972 ἐς
450 893 595 977 κόρακας
612 893 710 979 βάλοι
728 889 782 959 διά
794 889 831 960 τδ
843 899 883 981 τῇ
893 897 1026 974 πατρίδι
1040 893 1231 972 ἐπαρᾶσθαι

146 1007 199 1062 616
217 991 273 1059 καὶ
284 990 405 1075 λόγους
422 993 601 1078 κιβδήλους
619 995 833 1077 ἐπιφημίζειν.
857 995 908 1060 27.
922 982 1014 1058 οὖτοι
1034 990 1068 1058 δὲ
1088 988 1232 1068 ἅπαντες
1285 982 1286 1004 ³

217 1091 276 1156 ἕνα
286 1087 403 1173 θυμδν
414 1093 543 1174 ἔχοντες
554 1091 624 1174 ἐμοὶ
635 1088 742 1157 πολλὰ
754 1092 1011 1176 κατεμέμφοντο.
1034 1091 1090 1155 καὶ
1110 1088 1232 1174 εἰβού-

220 1195 277 1270 λετ,
289 1189 344 1255 καὶ
354 1185 432 1256 τάδε
444 1193 617 1271 προστιθῶ
629 1208 693 1272 σοι,
706 1184 803 1256 άτινά
814 1213 854 1274 με
865 1189 920 1256 καὶ
932 1185 975 1266 ύς
986 1186 1114 1273 στήλην
1126 1184 1232 1253 ἄναυ-
1285 1255 1286 1272 ,

218 1288 278 1352 δον
295 1290 438 1371 ἔθηκαν,
460 1287 570 1372 μέχρις
587 1281 630 1352 άν
647 1283 667 1371 ή
685 1285 808 1372 χρηστή
828 1306 890 1352 σου
907 1285 1004 1354 λαλιά
1023 1283 1232 1370 λιθούμενον

217 1379 359 1452 άνέλυσε
370 1385 425 1451 καὶ
435 1382 885 1470 άνθροιπονάπεκατέστηοε.

307 1488 448 1551 ΤΡΙΕΦ.
471 1489 577 1570 Σίγα,
594 1475 766 1564 ύΚριτία,
785 1485 839 1551 καὶ
849 1485 893 1569 μή
904 1480 1144 1570 ὑπερεκτείυης
1156 1481 1232 1560 τούς

219 1581 363 1659 ὕθλους·
386 1578 467 1671 ὁρᾷς
483 1581 547 1666 γάρ
560 1578 604 1660 ὡς
622 1581 811 1668 ἐξιόνκωταί
820 1579 918 1668 μονή
934 1579 1038 1669 νηδύς
1050 1584 1107 1650 καὶ
1120 1580 1233 1666 ὥσπερ

218 1687 379 1765 κυοφοροδ
387 1705 393 1717 ·
416 1679 563 1765 ἐδήχθην
574 1679 637 1766 γάρ
649 1694 716 1758 τοῖς
729 1677 817 1763 παρά
831 1687 894 1750 σού
908 1680 1021 1766 λύγοις
1033 1676 1078 1760 ὡς
1089 1676 1162 1748 ὑπὸ
1174 1707 1234 1748 κυ-

216 1780 274 1856 νδς
292 1786 485 1856 λυττῶντος.
508 1781 563 1845 καὶ
583 1784 613 1847 εἰ
627 1778 673 1865 μή
693 1778 872 1866 φάρμακον
888 1775 1083 1865 ληθεδανὸν
1103 1777 1233 1863 ἐμπιὼν

216 1875 389 1965 ήρεμήσοι,
408 1875 492 1964 αὕτη
506 1875 525 1963 ἡ
544 1877 656 1965 μνήμη
674 1883 877 1962 οἰκονροῦσα
895 1881 932 1946 ἐν
944 1879 1014 1963 ἐμοὶ
1028 1880 1113 1963 μέγα
1126 1874 1234 1943 κακδν

217 1979 399 2064 ἐργάσεται.
434 1976 517 2045 ὥστε
539 1983 638 2047 ἔασον
659 1980 800 2058 τούτους
821 1974 883 2067 τήν
904 1975 1004 2065 εὐχήν
1021 1973 1087 2045 άπδ
1106 1975 1233 2062 πατρὸς
1288 2030 1289 2042 ,

217 2073 400 2164 ἀρξάμενος
417 2077 472 2144 καὶ
489 2072 551 2162 τήν
572 2075 797 2162 πολυώνυμον
819 2073 911 2164 ον’δήν
928 2079 960 2156 ἐς
979 2077 1071 2153 τέλος
1091 2078 1231 2152 ἐπιθείς.

217 2180 267 2242 28.
280 2172 364 2242 ἄλλά
377 2180 410 2242 τί
417 2183 533 2255 τούτος
554 2172 627 2261 ούχὶ
637 2174 808 2254 Κλεόλαος
819 2169 917 2254 οὗτός
929 2177 1030 2259 ἐστιν,
1042 2173 1059 2240 ὁ
1072 2187 1145 2250 τοῖς
1157 2173 1232 2239 ποσὶ

216 2271 327 2359 μακρά
340 2272 447 2360 βιβάς,
459 2278 590 2363 σπονδή
601 2274 636 2342 δὲ
648 2271 721 2360 ήκει
732 2276 787 2342 καὶ
799 2277 1003 2359 κατέρχεται;
1017 2278 1092 2357 μῶν
1102 2274 1232 2357 ἐπιφω-

217 2369 482 2460 νήσομεναύτῷς

302 2475 418 2538 ΚΡΙΤ.
439 2471 505 2537 Καὶ
515 2470 614 2554 μάλα.

306 2575 448 2636 ΤΡΙΕΦ.
469 2568 635 2653 Κλεόλαε,
653 2568 698 2654 μή
718 2594 748 2635 τι
766 2568 983 2654 παραδράμῃς
999 2591 1037 2652 γε
1056 2569 1135 2632 ποσὶ
1151 2564 1232 2651 μηδὲ

216 2670 402 2753 παρέλθῃς,
416 2664 490 2734 ἀλλ’
503 2670 581 2735 ἐλθὲ
591 2674 733 2753 χαίρων,
746 2675 778 2734 ελ
785 2669 825 2750 γε’
833 2692 902 2734 που
911 2672 1027 2752 μῦθον
1042 2666 1171 2750 φέρεις.

300 2773 556 2834 ΚΛοοΛΑοΣ.
582 2762 715 2847 Χαίρετ’
728 2763 846 2852 ἄμφω,
860 2756 980 2850 διετῆ
993 2770 1149 2847 ξυνωρίς.

145 2889 195 2948 6η
304 2871 446 2934 Tmo.
473 2872 529 2942 Τίς
546 2861 565 2952 ή
585 2867 734 2952 σπουδή;
763 2864 960 2951 ἀσθμαίνεις
980 2863 1044 2950 γάρ
1063 2867 1118 2931 ἐπὶ
1134 2862 1231 2930 πολύ.

214 2971 290 3049 μολν
302 2990 332 3030 τι
343 2961 462 3030 καινόν
472 2969 672 3049 πέπρακται;

300 3068 461 3132 ΚΛΕΟΛ.
488 3066 668 3130 Πέπτωκεν
692 3062 800 3147 ὀφρύς
827 3061 844 3148 ή
870 3062 971 3130 πάλαι
996 3069 1161 3149 βοωιιὲνη

212 3165 367 3246 Περσῶν,

369 3261 420 3324 καὶ
434 3266 551 3326 Σοῦσα
565 3256 700 3326 κλεινὸν
711 3257 804 3326 άστυ.

370 3369 466 3422 πεσεϊ
476 3353 508 3422 δ’
525 3361 571 3423 ἔτι
588 3383 625 3442 γε
641 3364 731 3424 πάσα
745 3353 840 3443 χθοδν
851 3353 1003 3442 Ἀραβλας

369 3459 451 3535 χειρὶ
466 3459 670 3534 κρατοῦντος
685 3452 923 3546 εύσθενοιτάτμ
938 3453 1065 3539 κράτει.
