2625 4092
442 279 703 338 ΔΡΑΠΕΤΑΙ.
1012 277 1075 338 26⁹

78 477 128 520 νοι
140 450 201 537 μὲν
214 444 232 520 ό
247 445 350 526 πολύς
363 445 446 528 λειός
456 447 605 537 ἐπῄνουν
616 450 672 516 καὶ
686 446 742 517 διά
755 454 850 535 τιμης
862 439 947 535 ήγον
957 447 1073 517 αίδού·

75 579 171 641 μενοι
181 553 236 618 καὶ
247 550 472 637 θαυμάζοντές
485 577 526 638 με
540 552 596 617 καλ
605 553 784 637 μονονουχὶ
795 556 1074 637 προσκυνοῦντες,

76 661 108 724 εί
120 657 175 722 καὶ
189 650 234 740 μή
248 651 379 738 σφόδρα
392 655 549 733 ξυνίεσαν
565 642 612 721 ῦν
626 655 764 738 λέγοιμι.
786 657 821 720 oc
831 654 879 736 δέ,
894 657 964 730 πῦς
973 647 1015 720 άν
1026 663 1074 720 εί-

75 783 187 844 ποιμι,
208 759 243 823 οί
260 752 417 842 ξυνήθεις
437 757 493 822 καλ
508 760 600 842 φίλοι
621 754 805 840 φάσκοντες
820 751 906 822 εἶναι
927 756 983 822 καὶ
995 750 1074 821 τοῦ·

75 885 162 945 νομα
175 852 300 943 τοῦμόν
318 850 543 942 ὑποδυόμενοι
567 859 693 924 ἐκεῖνοί
703 881 743 944 με
762 853 802 924 τά
817 854 990 925 δεινότατα
1005 861 1074 944 είρ-

75 961 231 1047 γάσαντο.

160 1073 190 1134 4.
213 1067 341 1128 ΖΕΤΣ.
365 1063 411 1126 Οί
422 1057 600 1146 φιλόσοφοι
615 1058 798 1147 ἐπιβουλήν
808 1085 883 1127 τινα
897 1064 1075 1147 ἐπιβεβου-

76 1160 218 1231 λεύκασί
228 1182 297 1239 σοι;

162 1267 250 1327 ΦΙΛ.
276 1257 457 1346 Οὐδαμῶς,
480 1254 641 1344 ὦπάτερ,
664 1263 699 1326 οἵ
717 1287 754 1345 γε
775 1265 1012 1347 ξυνηδίκηνταί
1026 1285 1089 1348 μοι·

75 1359 132 1424 καλ
148 1355 250 1424 αὐτοί.

162 1463 287 1523 ΖΕΥΣ.
302 1455 392 1538 Πρός
402 1461 503 1522 τίνων
515 1447 580 1520 οῦν
590 1451 756 1540 ἠδίκησαι,
773 1463 802 1523 εί
810 1458 890 1541 μήτε
900 1453 977 1533 τοῦς
989 1456 1082 1523 ίδιεό-

69 1577 129 1626 τας
147 1555 228 1639 μήτε
240 1551 318 1632 τοῦς
333 1554 542 1640 φιλοσόφους
558 1557 663 1641 αίτιᾷ;

162 1659 250 1720 ΦῙΛ.
274 1657 352 1719 Εἰσί
363 1678 466 1736 τινες,
485 1644 510 1717 ά
527 1657 610 1732 Ζεῦ,
627 1654 664 1717 ἐν
678 1658 855 1740 μεταιχμίῳ
872 1660 938 1718 τῶν
950 1679 984 1718 τε
999 1665 1081 1720 πολ-

68 1755 141 1818 λῶν
161 1750 216 1817 καλ
236 1757 304 1817 τῶν
323 1748 604 1835 φιλοσοφούντων
621 1745 658 1814 τό
677 1750 739 1832 μὲν
756 1757 863 1835 σχῆμα
883 1754 938 1817 καλ
955 1754 1082 1837 βλέμμα

8 1913 9 1916 ,
74 1848 131 1915 καλ
149 1848 293 1934 βάδισμα
315 1844 395 1933 ἡμῖν
415 1843 524 1930 όμοιοι
541 1844 694 1912 καὶκατὰ
717 1844 755 1913 τά
774 1845 857 1914 αύτῦ
874 1851 1081 1932 ἐσταλμένοι·

73 1945 205 2025 ἀξιοῦσι
222 1951 307 2028 γοῦν
321 1942 381 2010 ὑπ’
401 1943 473 2029 ἐμοὶ
488 1942 667 2012 τάττεσθαι
682 1948 736 2012 καλ
750 1945 899 2032 τοῦνομα
913 1946 949 2014 τό
964 1946 1081 2033 ήμέτε-

73 2073 139 2127 ρον
159 2046 414 2131 ἐπιγράφονται,
438 2046 584 2130 μαθηταὶ
604 2048 658 2112 καλ
676 2043 827 2132 ὁμιληταὶ
842 2050 895 2115 καλ
916 2054 1078 2114 θιασῶται

72 2142 170 2228 ἡμῶν
186 2139 270 2210 εἶναι
285 2144 452 2229 λέγοντες·
475 2139 492 2209 ὁ
507 2148 579 2229 βίος
597 2143 632 2210 δὲ
649 2151 836 2229 παμμίαρος
851 2144 978 2230 αὐτῶν,
995 2145 1077 2231 άμα-

72 2249 154 2320 θίας
168 2245 222 2308 καλ
236 2242 388 2323 θράσους
402 2242 457 2308 καὶ
471 2237 641 2325 ἀσελγείας
655 2239 845 2328 ἀνάπλεως,
861 2241 959 2330 ῦβρις
973 2241 1014 2310 οῦ
1025 2271 1075 2327 μι-

74 2339 140 2425 κρὰ
156 2339 236 2408 καθ’
256 2338 365 2427 ήμῦν·
395 2336 460 2406 ῦπό
476 2339 620 2422 τούτων,
645 2333 807 2426 ὦπάτερ,
823 2338 1005 2428 ἠδικημένη
1022 2345 1081 2408 πέ-

75 2466 196 2526 φενγα.

160 2543 189 2606 5.
206 2545 332 2606 ΖΕΥΣ.
357 2534 463 2605 Δεινά
478 2547 596 2622 ταῦτα,
616 2529 814 2625 τόθύγατερ.
836 2538 920 2607 άλλόι
937 2548 971 2607 τί
982 2541 1080 2625 μάλι-
1099 2553 1151 2607 368

72 2660 138 2706 στα
152 2636 331 2724 ήδικήκασί
342 2658 396 2716 σε;

162 2743 250 2804 ΦΙΛ.
273 2735 415 2817 Σκόπει,
435 2728 461 2801 ὦ
476 2737 595 2819 πάτερ,
617 2740 647 2802 εί
660 2725 774 2820 μικράῙ
801 2733 844 2801 σῦ
858 2733 923 2820 γάρ
939 2736 1083 2803 κατιδών

72 2834 136 2904 τόν
147 2841 222 2922 βίον
233 2832 361 2912 άδικίας
372 2837 426 2902 καὶ
438 2841 645 2919 παρανομίας
660 2835 799 2919 μεστόν,
815 2831 873 2900 άτε
888 2831 1016 2922 άμαθίηι
1028 2838 1083 2902 καὶ

73 2935 173 3022 ὕβρει
189 2936 350 3018 ξυνόντα,
366 2939 421 3003 καλ
432 2934 678 3021 ταραττόμενον
688 2931 747 3000 ὑπ’
761 2931 873 3000 αὐτῶν
885 2934 1083 3020 κατελεήσας

74 3031 113 3101 τό
125 3031 345 3118 άνθροόπινον
359 3032 425 3101 ὑπό
438 3043 478 3124 τῇ
487 3032 606 3122 άγνοίρι
618 3033 844 3119 ἐλαυνόμενον
854 3036 909 3118 ἐμὲ
919 3038 1083 3119 κατέπεμ-

73 3145 141 3212 ψας
161 3133 389 3217 ἐντειλάμενος
406 3137 646 3220 ἐπιμεληθῆναι
666 3131 710 3211 ὡς
726 3133 910 3200 παύσαιντο
925 3136 987 3219 μὲν
1008 3131 1084 3199 άδι-

74 3237 214 3308 ποῦντες
230 3229 393 3316 ἀλλήλους
407 3234 462 3300 καλ
479 3233 667 3320 βιαζόμενοι
689 3234 743 3298 καί
757 3229 855 3316 ὅμοια
869 3247 937 3310 τοῖς
950 3240 1084 3317 θηρίοις

73 3337 245 3418 βιοῦντες,
261 3327 507 3418 ἀναβλέψαντες
518 3334 553 3400 δὲ
564 3327 647 3416 πρός
662 3329 723 3415 τήν
733 3327 896 3417 ἀλήθειαν
908 3337 1083 3416 εἰρηνικω-

75 3453 176 3512 τερον
187 3430 497 3515 ξυμπολιτεύοιντο·
515 3437 597 3517 ἔφης
607 3437 693 3516 γοῦν
704 3428 788 3511 πρός
798 3455 838 3515 με
848 3432 1082 3515 καταπέμπων,

75 3525 116 3596 ’Ἀ
137 3531 199 3614 μὲν
220 3529 425 3612 πράττουσιν
440 3534 474 3598 οί
491 3527 667 3614 ἅνθρωποι
689 3529 742 3596 καὶ
759 3523 802 3606 ὡς
817 3527 998 3678 διάκεήιόιαι
1015 3524 1082 3592 ὑπό

162 3640 267 3678 tuem.
289 3624 333 3679 111.
