2625 4092
200 287 264 352 2⁰4
554 294 858 353 AOYKIANOT

200 449 266 520 δάν
280 445 319 519 εὐ
331 453 426 543 πύθη
440 455 524 536 πρός
535 478 641 536 τινος,
658 452 744 521 πολύ
759 461 887 540 μᾶλλον
901 455 1061 541 προσήκει
1069 451 1132 541 τήν
1145 478 1218 520 πα-

199 555 295 633 τρίδα
311 566 379 629 τοῖς
401 553 612 638 καθήκουσιν
629 549 841 638 ἀμείβεσθαι·
871 552 1048 632 κακώσεως
1065 552 1127 637 μὲν
1145 553 1219 638 γὰρ

199 654 328 735 γονέων
344 653 405 716 εἰσὶ
420 648 518 732 νόμοι
531 648 620 733 παρά
635 664 705 726 ταῖς
717 651 848 734 πόλεσι,
864 650 982 737 κοινήν
997 652 1033 719 δὲ
1047 654 1220 737 προσήκει
1311 709 1312 720 ,

199 749 336 813 πάντων
345 750 469 832 μητέρα
479 746 540 831 τήν
551 752 693 830 πατρίδα
705 755 848 831 νομίζειν
860 749 913 815 καὶ
925 751 1120 836 χαριστήρια
1128 775 1219 832 τρο-

200 851 276 928 φῶν
297 842 495 911 ἀποδιδόναι
524 847 656 929 καὶτῆς
678 853 747 911 τῶν
773 846 888 930 νόμων
910 844 1021 912 αὐτων
1043 846 1216 930 γνώσεως.

130 959 181 1012 232
201 950 230 1012 8.
248 942 351 1028 ὤφθη
368 944 405 1010 δὲ
421 941 532 1020 οὐδεὶς
546 941 653 1020 οὕτως
668 941 832 1028 ἀμνήμων
847 951 902 1028 τής
918 948 1088 1029 πατρίδος,
1113 942 1160 1021 ὡς
1177 948 1221 1010 έν

200 1039 283 1128 ἀλλη
297 1042 393 1107 πόλει
403 1041 586 1126 γενόμενος
601 1039 751 1126 ἀμελεῖν,
767 1039 841 1109 ἀλλ’
853 1045 888 1107 οἵ
899 1068 935 1108 τε
951 1049 1219 1127 κακοπραγοῦν-

199 1166 251 1216 τες
263 1143 299 1206 ἐν
309 1153 380 1217 ταῖς
390 1137 589 1225 ἀποδημίαις
599 1149 746 1225 συνεχως
758 1137 986 1207 ἀνακαλοῦσιν
999 1137 1041 1218 ὡς
1053 1142 1221 1225 μέγιστον

199 1244 268 1304 τῶν
282 1235 424 1322 ἀγαθῶν
439 1234 458 1323 ἡ
473 1245 607 1320 πατρίς,
625 1239 661 1304 οῗ
672 1266 706 1304 τε
722 1237 1017 1323 εὐδαιμονοῦντες,
1040 1233 1082 1304 ἀν
1098 1239 1155 1304 καὶ
1172 1263 1218 1304 τα

199 1334 283 1402 ἀλλα
305 1329 344 1402 εὐ
364 1336 547 1419 πράττωσι,
569 1343 669 1401 τοῦτο
689 1343 775 1421 γοῦν
796 1335 909 1414 αὐτοῖς
924 1340 1079 1420 μέγιστον
1098 1338 1219 1403 ἐνδεῖν

200 1440 372 1519 νομίζουσι
391 1431 428 1500 τδ
447 1432 490 1519 μή
511 1431 574 1517 τήν
591 1439 733 1516 πατρίδα
758 1441 878 1517 οίκεῖν,
906 1431 990 1502 ἀλλὰ
1012 1436 1218 1513 ξενιτεύειν·

200 1531 330 1611 ὄνειδος
343 1531 408 1617 γάρ
419 1531 455 1599 τό
468 1542 525 1618 τῆς
539 1537 705 1613 ξενιτείας.
729 1536 783 1600 καὶ
795 1530 874 1611 τούς
888 1531 970 1600 κατὰ
982 1531 1042 1598 τὸν
1054 1541 1110 1618 τής
1123 1531 1217 1599 ἀπο-

200 1638 318 1719 δημίας
338 1633 463 1718 χρόνον
490 1632 664 1718 λαμπρούς
685 1637 887 1719 γενομένους
908 1627 928 1717 ή
957 1629 1011 1698 διὰ
1031 1633 1219 1716 χρημάτων

200 1739 315 1816 κτῆσιν
330 1726 351 1815 ή
366 1729 421 1798 διδ
438 1739 532 1816 τιμῆς
546 1733 647 1812 δόξαν
660 1729 681 1818 ή
695 1730 748 1799 διὰ
764 1726 914 1809 παιδείας
929 1738 1116 1816 μαρτυρίαν
1128 1724 1151 1814 ή
1166 1726 1216 1796 δι’

200 1828 354 1911 ἀνδρείας
376 1835 515 1896 ἔπαινον
546 1836 635 1898 ἔστιν
658 1836 741 1898 ἰδεῖν
765 1837 810 1908 είς
830 1829 891 1915 τήν
917 1833 1058 1912 πατρίδα
1083 1829 1221 1907 πάντας

202 1930 453 2012 ἐπειγομένους,
478 1926 522 2005 ὡς
538 1925 600 1995 οὐκ
618 1925 663 1994 ἀν
680 1933 717 1996 έν
732 1929 845 2006 ἀλλοις
860 1934 1025 2015 βελτίοσιν
1047 1929 1218 2006 ἐπιδειξο-

201 2030 323 2112 μένονς
340 2023 380 2091 τὰ
396 2022 507 2092 αὐτῶν
521 2027 621 2094 καλά’
646 2029 700 2093 καὶ
716 2027 864 2115 τοσούτῳ
881 2051 919 2110 γε
933 2033 1060 2109 μᾶλλον
1075 2025 1221 2100 ἕκαστος

202 2125 337 2191 σπεύδει
348 2126 511 2210 λαβέσθαι
524 2135 580 2212 τής
591 2131 758 2211 πατρίδος,
770 2125 901 2216 ὅσῳπερ
913 2121 957 2190 ἀν
968 2131 1125 2209 φαίνηται
1137 2149 1217 2208 μει-

202 2223 308 2302 ζόνων
328 2219 409 2306 παρ’
427 2223 539 2303 ἀλλοις
557 2224 747 2313 ήξιωμένος.
781 2232 809 2292 9.
829 2223 971 2310 ποθεινη
992 2225 1054 2309 μὲν
1075 2216 1139 2289 ούν
1156 2224 1218 2291 καί

202 2324 289 2399 νέοις
304 2328 435 2404 πατρίς·
464 2338 532 2401 τοῖς
552 2325 587 2390 δὲ
603 2323 665 2409 ήδη
686 2323 909 2409 γεγηρακόσιν
931 2323 1000 2413 ὅσῳ
1019 2332 1134 2391 πλεῖον
1148 2330 1220 2390 τοῦ

201 2435 341 2505 φρονεῖν
356 2416 377 2506 ή
393 2437 461 2500 τοῖς
475 2429 563 2501 νέοις
576 2428 718 2508 μέτεστι,
739 2425 887 2513 τοσούτῳ
909 2425 964 2491 καὶ
979 2431 1102 2490 πλείων
1120 2425 1217 2508 ἐγγί-

202 2547 292 2586 νεται
304 2522 412 2598 πόθος
427 2519 444 2587 ὁ
459 2529 517 2608 τῆς
530 2530 704 2605 πατρίδος·
734 2526 870 2600 ἕκαστος
884 2531 970 2609 γοῦν
984 2531 1051 2590 των
1067 2548 1221 2609 γεγηρα-

201 2622 308 2687 κότων
324 2623 379 2688 καὶ
400 2621 537 2689 σπεύδει
559 2626 613 2690 καὶ
636 2622 763 2708 εύχεται
783 2630 964 2703 καταλῦσαι
984 2621 1044 2690 τὸν
1060 2629 1136 2708 βίον
1158 2625 1217 2688 ἐπὶ

202 2728 258 2805 της
280 2724 452 2804 πατρίδος,
476 2718 542 2797 ἵν’,
564 2720 649 2788 ὅθεν
668 2721 788 2807 ἤρξατο
806 2730 920 2807 βιοῦν,
944 2728 1091 2790 ἐνταῦθα
1110 2720 1220 2788 πόλιν

201 2822 256 2888 καὶ
277 2818 312 2886 τό
336 2828 430 2904 σῶμα
454 2824 730 2907 παρακατάθηται
751 2831 790 2908 τῇ
813 2832 856 2912 γῇ
878 2831 918 2912 τῇ
939 2825 1135 2908 θρεψαμένῃ
1156 2824 1216 2888 καὶ

201 2927 269 2986 τῶν
280 2921 444 3009 πατρηόων
456 2923 649 3009 κοινωνήσῃ
661 2922 795 3006 τύφων·
812 2921 926 2988 δεινὸν
936 2925 1000 3007 γὰρ
1013 2921 1139 3009 ἑκάστω
1152 2924 1219 2986 δο-

201 3034 254 3086 κεῖ
273 3024 380 3098 ξενίας
401 3015 599 3088 ἁλίσκεσθαι
620 3023 676 3088 καὶ
700 3019 780 3107 μετὰ
802 3023 970 3103 θάνατον,
998 3023 1034 3086 έν
1055 3018 1218 3105 ἀλλοτρία

133 3136 183 3190 233
202 3121 342 3208 κειμένῳ
363 3126 413 3206 γῇ.
446 3125 495 3186 10.
513 3119 595 3187 ὅσον
616 3122 651 3187 δὲ
672 3128 729 3206 τῆς
744 3118 876 3197 εὐνοίας
891 3127 948 3205 τῆς
969 3117 1053 3201 πρὸς
1071 3117 1130 3197 τὰς
1146 3143 1219 3184 πα-

201 3223 313 3300 τρίδας
328 3221 456 3302 μέτεστι
472 3234 539 3296 τοῖς
560 3218 604 3298 ὡς
623 3219 760 3305 ἀληθῶς
776 3228 926 3305 γνησίοις
940 3226 1090 3295 πολίταις
1104 3218 1220 3303 μύδοι

201 3345 251 3395 τις
262 3313 306 3383 ἀν
320 3322 355 3384 ἐκ
370 3325 438 3384 τῶν
452 3317 687 3405 αὐτοχθόνων·
716 3325 750 3388 oc
762 3323 824 3405 μὲν
845 3319 909 3405 γὰρ
926 3319 1087 3403 ἐπήλυδες
1101 3317 1219 3384 καδό-

202 3443 264 3500 περ
285 3417 384 3483 νόθοι
405 3419 520 3505 ῥᾳδίας
541 3427 718 3486 ποιοῦνται
734 3417 792 3497 τὰς
814 3417 1070 3504 μεταναστάσεις
1090 3413 1128 3482 τδ
1150 3416 1219 3501 μὲν

202 3524 258 3602 τῆς
272 3520 428 3596 πατρίδος
442 3513 549 3600 όνομα
561 3518 641 3602 μήτε
654 3521 777 3595 εἰδότες
788 3519 869 3604 μήτε
884 3520 1088 3600 στέργοντες,
1105 3513 1216 3601 ἡγού-
