2625 4092
247 288 310 350 310
597 294 903 351 AOYKIANOY

177 467 230 522 398
248 477 322 536 μον.
352 459 418 518 των
438 457 484 529 είς
499 448 535 518 τὸ
557 459 755 537 πεμφθῆναι
771 457 1074 536 προχειρισθέντων
1088 455 1238 538 φυλαττέ-

247 560 321 618 σθω
338 549 442 634 μηδὲν
462 549 544 635 μηδὲ
565 548 722 635 μετάνοια
744 554 854 616 εἰσίτω
869 552 922 616 ἐπὶ
944 558 982 638 τῇ
1004 555 1121 639 δωρεᾷ.
1155 560 1184 617 εί
1200 576 1241 624 τις

246 651 386 732 πέρυσιν
401 645 583 733 ἀποδημῶν
601 644 645 713 δι’
665 643 747 713 αὐτὸ
769 644 907 732 ἄμοιρος
921 650 1076 734 κατέστη,
1100 646 1239 730 ἀπολαμ-

245 747 374 832 βανέτω
396 742 542 813 κάκείνα.
572 745 782 814 διαλυόντων
802 745 838 812 δέ
858 750 893 813 οί
916 748 1071 813 πλούσιοι
1096 747 1151 813 καί
1173 747 1241 829 χρέα

246 841 330 925 ὑπὲρ
350 849 418 910 τῶν
433 851 541 928 φίλων
555 850 623 910 τῶν
644 843 798 928 πενήτων
814 843 869 911 καί
888 839 924 909 τό
943 847 1104 927 ἐνοίκιον,
1131 845 1242 917 οἵτινες
1292 887 1293 926 3

245 937 289 1008 ἄν
305 942 360 1010 καί
373 949 471 1008 τοῦτο
483 939 675 1028 ὀφείλοντες
687 947 887 1028 καταβαλεῖν
898 938 942 1026 μη
954 947 1065 1027 ἔχωσι·
1087 938 1243 1022 καὶὸλως,
1292 931 1293 993 ί

244 1037 309 1124 πρδ
327 1047 453 1106 πολλοῦ
464 1041 587 1125 μελέτω
599 1037 711 1116 αὐτοῖς
724 1042 846 1107 εἰδέναι
858 1036 940 1105 ὅτου
954 1041 1095 1124 μάλιστα
1109 1041 1243 1106 δέονται.

245 1145 294 1208 16.
313 1136 442 1204 άπέστω
459 1142 494 1206 δὲ
514 1141 569 1208 καὶ
585 1147 653 1206 τῶν
664 1139 917 1264 λαμβανόντων
935 1145 1173 1222 μεμψιμοιρία,
1197 1137 1246 1202 καὶ

245 1238 282 1304 τό
294 1238 480 1357 πεμφθὲν
463 1235 581 1306 ὁποῖον
597 1235 641 1305 άν
655 1231 688 1325 5,
706 1241 788 1323 μέγα
800 1241 947 1304 δοκείτω.
969 1246 1064 1304 οίνου
1076 1233 1293 1320 άμφορεδς

243 1333 265 1421 5
287 1334 396 1422 λαγὼς
423 1331 445 1422 5
468 1333 561 1419 ὅρνις
581 1352 699 1422 παχεῖα
719 1342 876 1420 Κρονίων
897 1319 1008 1418 δωρον
1028 1332 1072 1420 μὴ
1097 1339 1245 1402 δοκείτω

244 1435 327 1519 μηδὲ
342 1431 400 1511 τάς
411 1432 581 1516 Κρονικάς
593 1431 720 1517 δωρεάς
735 1439 780 1512 είς
794 1439 920 1519 γέλωτα
932 1436 1135 1519 φερέτωσαν.
1160 1430 1247 1499 άντι-

244 1534 396 1617 πεμπέτω
414 1529 481 1598 δε
468 1559 485 1598 ο
507 1534 654 1622 πένης
623 1539 669 1599 τῶ
692 1541 841 1622 πλουσίω
866 1528 883 1598 ὁ
909 1530 970 1616 μὲν
990 1532 1248 1646 πεπαιδευμένος

243 1636 375 1748 βιβλίον
392 1636 459 1696 τῶν
474 1637 642 1712 παλαιῶν,
660 1638 694 1696 εί
700 1656 731 1696 τι
750 1627 904 1716 εὔφημον
917 1632 973 1696 καὶ
984 1627 1210 1714 συμποτικόν,
1229 1621 1293 1709 5

244 1725 349 1794 αὐτοῦ
361 1726 559 1814 σύγγραμμα
575 1724 692 1793 ὁποίου
709 1722 753 1792 55
772 1726 928 1812 δύνηται,
946 1729 1001 1794 καὶ
1011 1733 1109 1793 τοῦτο
1121 1731 1247 1810 λαμβα-

243 1822 362 1892 νέτω’
349 1851 366 1891 ο
383 1824 541 1903 πλούσιος
557 1825 648 1891 πάνυ
665 1830 797 1914 φαιδρῷ
810 1834 856 1914 τῷ
874 1825 1044 1917 προσάπφ
1066 1852 1121 1893 και
1110 1823 1246 1912 λαβων

242 1922 496 2010 ἀναγινωσκέτω
512 1921 627 2010 εὐθύς,
643 1920 688 2010 55
702 1925 737 1992 δὲ
752 1922 927 2010 άπωθῆται
938 1920 960 2010 5
972 1922 1156 2012 άπορρίφη,
1172 1934 1247 1991 ίστω

173 2035 225 2090 399
244 2029 283 2110 55
297 2028 353 2106 τῆς
368 2020 476 2107 άρπης
491 2019 608 2111 ἀπειλῇ
625 2027 738 2107 ἔνοχος
754 2021 818 2106 511,
840 2019 906 2090 κάν
923 2028 1034 2112 πέμφη
1055 2021 1119 2090 ὅσα
1136 2025 1246 2107 έχρην·

242 2125 277 2187 ολ
291 2118 327 2186 δὲ
341 2116 435 2188 άλλοι
449 2118 531 2186 οί
492 2145 558 2237 μεν
569 2120 774 2241 στεφάνους,
790 2075 826 2188 οί
833 2121 870 2190 δὲ
879 2127 1071 2242 λιβανωτοῦ
1085 2120 1292 2238 χάνδρομς

242 2215 451 2301 πεμπόντων.
485 2212 529 2302 ἢν
549 2220 585 2284 δε
605 2219 708 2302 πένης
727 2215 894 2306 emta*
872 2247 893 2305 5
904 2219 1062 2344 ἄργυρον
1081 2215 1103 2305 5
1123 2216 1249 2303 χρυσὸν
1291 2228 1292 2237 ’

242 2313 331 2400 παρά
346 2312 407 2401 τὴν
420 2315 565 2400 δύναμιν
579 2320 693 2403 πέμψη
703 2326 862 2408 πλουσίω,
877 2317 914 2386 τό
926 2347 987 2405 μεν
997 2316 1157 2404 πεμφθεν
1168 2322 1248 2384 ἔστω

243 2415 403 2502 δημόσιον
419 2442 473 2484 και
462 2415 701 2500 καταπραθεν
711 2419 926 2504 ίμβαλλέσθω
942 2415 1032 2497 είς
997 2444 1058 2485 τον
1071 2413 1248 2502 θησαυρὸν

241 2521 302 2582 τοῦ
315 2514 471 2598 Κρόνου,
490 2511 508 2580 5
523 2513 559 2584 δὲ
576 2515 679 2600 πένης
695 2517 728 2594 ἐς
743 2514 805 2602 τὴν
821 2514 1000 2600 ὑστεραίαν
1014 2517 1143 2604 πληγὰς
1159 2511 1247 2595 παρὰ

240 2621 301 2682 τοῦ
316 2621 479 2682 πλουσίου
493 2616 688 2700 λαμβανέτω
705 2625 751 2706 τῷ
765 2617 910 2701 νάρθηκι
927 2621 972 2694 είς
989 2613 1047 2694 τὰς
1061 2628 1175 2701 χεῖρας
1189 2611 1248 2680 οὐκ

241 2714 395 2791 ἐλάττους
410 2718 590 2782 διακοσίων
606 2717 662 2782 καὶ
675 2716 888 2801 πεντήκοντα.

439 2901 625 2956 NOMOI
668 2899 1047 2954 ΣΤΜΠΟΤΙΚΟΙ.

324 3012 373 3077 17.
396 3010 570 3078 Λούεσθαι
590 3010 653 3097 μὲν
674 3009 802 3078 ὁπόταν
816 3007 852 3076 τό
871 3023 1033 3095 στοιχεῖον
1048 3009 1195 3088 ἑξάπουν
1218 2999 1245 3094 5,
1289 3002 1290 3083 ί

239 3101 279 3170 τά
293 3104 329 3172 δὲ
345 3104 409 3193 πρό
423 3115 482 3174 τοῦ
493 3117 640 3191 λουτροῦ
654 3109 763 3192 κάρυα
777 3110 832 3177 καί
843 3109 952 3175 πεττοὶ
964 3113 1123 3174 ἔστωσαν.
1146 3132 1246 3174 κατα-

240 3207 366 3270 κείσθω
379 3201 466 3270 ὅπου
484 3199 528 3271 άν
542 3206 624 3294 τάχη
640 3209 790 3286 ἕκαστος·
817 3205 943 3292 ἀξίωμα
957 3201 978 3292 5
993 3209 1090 3291 γένος
1104 3201 1126 3290 5
1143 3211 1246 3272 πλοῦ-

239 3324 295 3377 τος
315 3299 428 3386 ὀλίγον
451 3313 648 3372 συντελείτω
670 3308 704 3384 ές
723 3304 907 3391 προνομήν.
937 3313 1036 3373 οίνου
1057 3311 1118 3372 τοῦ
1143 3301 1245 3370 αὐτοῦ

240 3403 348 3464 πίνειν
366 3397 528 3478 ἅπαντας·
551 3402 630 3489 μηδ’
644 3410 727 3471 ἔστω
738 3404 906 3489 πρόφασις
915 3408 961 3492 τῷ
975 3410 1126 3492 πλουσίω
1136 3397 1159 3488 5
1170 3423 1245 3468 στο-

239 3494 382 3584 μάχουῆ
399 3507 545 3585 κεφαλῆς
556 3497 678 3588 ὀδύνη,
694 3499 738 3580 ὡς
752 3504 858 3588 μόνον
875 3499 920 3570 δι’
937 3499 1045 3588 αὐτὴν
1059 3508 1171 3568 πίνειν
1188 3507 1246 3566 τοῦ
