2625 4092
258 289 300 372 εο
613 260 919 352 Λονιτεκαοω

257 451 386 537 κωτίτη
400 459 469 521 τῶν
483 459 608 539 τεχνῶν
620 457 709 519 ἔστιν
724 448 824 537 αὕτη,
845 450 969 536 μάθοις
983 447 1027 518 δν
1041 455 1095 520 καὶ
1111 455 1149 518 ἐκ
1164 456 1265 518 τοῦδε

257 546 318 634 οὐχ
332 546 462 633 ἥκιστα·
489 546 548 628 τὰς
562 549 624 635 μέν
639 545 704 634 γᾶρ
719 546 836 625 λοιπὰς
852 550 967 634 τέχνας
980 547 1023 616 ού
1039 549 1146 636 μόνον
1160 574 1266 616 κακο-

257 651 448 724 παθοῦντες
463 647 518 713 καὶ
539 649 727 731 ίδροῦντες,
751 642 835 713 ἀλλὰ
855 643 897 730 νη
916 653 984 714 Δία
1002 645 1190 731 καθήμενοι
1209 647 1267 711 καλ

258 746 393 821 έστοδτες
407 742 598 829 ἐργάζονται
615 740 726 824 ὥσπερ
740 738 852 827 ἀμέλει
867 748 983 810 δοῦλοι
997 750 1066 809 τῶν
1079 748 1223 828 τεχνῶν,
1246 737 1264 807 δ

257 840 294 909 δὲ
308 840 490 924 παράσιτος
509 845 760 926 μεταχειρίζεται
774 837 837 925 τὴν
850 836 957 906 αὑτοῦ
969 843 1088 926 τέχνην
1103 836 1147 916 ὡς
1164 845 1265 924 βασι-

257 935 335 1017 λεύς
349 943 591 1023 κατακείμενος.
616 943 666 1004 24.
682 939 793 1004 ἐκεῖνα
803 938 865 1021 μὲν
875 935 940 1022 γὰρ
953 943 988 1005 τί
1000 943 1053 1003 δεῖ
1063 938 1173 1021 λέγειν
1187 938 1265 1018 περὶ

256 1041 314 1120 τῆς
333 1031 545 1120 εὐδαιμονίας
565 1033 686 1119 αύτοῦ,
712 1032 762 1100 ὅτι
784 1031 823 1118 δὴ
845 1034 948 1119 μόνος
966 1031 1049 1101 κατὰ
1072 1031 1133 1100 τὸν
1152 1029 1266 1118 σοφόν

257 1129 406 1218 Ὅμηρον
421 1130 521 1216 ,οὔτε
536 1132 675 1218 φυτεύει
692 1135 782 1218 χερσί
797 1129 907 1217 φυτόν
920 1129 998 1198 ούτε
1012 1128 1104 1215 ἀροῖ,
1120 1127 1206 1198 ἀλλὰ
1221 1127 1265 1196 τό

255 1227 288 1315 γ’
312 1227 463 1313 ἄσπαρτα
482 1231 537 1298 καί
556 1228 704 1316 αἰνήροτα
720 1230 853 1295 πάνταίί
872 1231 1020 1313 νέμεταις
1049 1234 1101 1296 25.
1117 1230 1173 1296 καί
1195 1227 1264 1313 μὴν

255 1327 379 1414 ρήτορνί
395 1354 431 1393 τε
452 1328 506 1395 καλ
521 1331 713 1414 γεωμέτρην
727 1328 782 1394 καὶ
801 1330 921 1411 χαλκέα
941 1325 1042 1393 οὐδὲν
1059 1326 1183 1394 κωλύει
1199 1324 1263 1410 τὴν

255 1427 376 1492 ἑαυτοῦ
386 1430 505 1512 τέχνην
517 1426 714 1510 ἐργάζεσθαι
729 1425 789 1492 ἐόν
798 1449 835 1490 τε
845 1420 991 1510 πονηρός
1000 1424 1060 1490 ἐόν
1075 1449 1111 1490 τε
1123 1425 1178 1490 καὶ
1189 1448 1263 1507 μω-

255 1520 314 1606 ρδς
330 1515 368 1610 ᾗ,
386 1537 579 1609 παρασιτεῖν
597 1523 633 1591 δὲ
650 1518 760 1599 οὐδεὶς
779 1522 919 1589 δύναται
933 1516 955 1606 ἢ
969 1521 1080 1606 μωρὸς
1097 1515 1146 1586 οἶν
1160 1516 1182 1604 ἢ
1198 1544 1263 1586 πο-

255 1645 367 1704 νηοοε.
1303 1670 1304 1697 ;

129 1731 132 1738 “
342 1723 437 1786 ΤΤΧ.
458 1725 587 1801 Παπαῖ,
608 1712 682 1784 οἷον
696 1722 803 1803 χρῆμα
821 1713 993 1803 ἀποφαίνῃ
1005 1713 1067 1801 τὴν
1083 1735 1264 1797 παρασιτι-

254 1815 333 1901 κήν·
363 1815 446 1882 ὥστε
462 1817 517 1883 καί
536 1811 638 1893 αύτδς
651 1813 715 1900 ἤδη
736 1811 922 1900 βούλεσθαι
938 1818 1027 1880 δοκεῖ
1041 1840 1097 1900 μοι
1114 1813 1263 1895 παραίσι-

254 1938 310 1990 τος
325 1909 409 1979 εἶναι
425 1911 498 1980 ἀντὶ
513 1913 634 1979 τούτου
649 1911 686 1989 ὅς
704 1916 778 1996 είμι.

339 2015 389 2078 26.
402 2006 500 2078 HAP.
518 2008 577 2088 Ὡς
587 2011 648 2095 μὲν
658 2015 775 2076 τοίνυν
786 2015 884 2096 κοινῇ
895 2015 1012 2075 πασῶν
1024 2009 1185 2092 διαφέρει,
1203 2012 1264 2074 δε-

255 2112 388 2193 δεῖχθαί
397 2134 454 2193 μοι
465 2112 562 2176 δοκῶ.
585 2111 667 2193 φέρε
681 2109 717 2174 δὲ
730 2103 773 2184 ὡς
787 2107 841 2173 καὶ
852 2104 925 2172 κατ’
936 2111 1025 2174 ίδίαν
1035 2106 1172 2190 ἑκάστης
1184 2109 1264 2172 δια-

254 2206 364 2288 φέρει,
379 2212 563 2293 σκοπῶμεν.
588 2205 624 2273 τό
639 2204 702 2292 μὲν
713 2203 754 2290 δὴ
768 2219 838 2282 ταῖς
854 2205 1037 2291 βαναύσοις
1050 2206 1178 2290 τέχναις
1193 2228 1264 2270 πα-
1302 2232 1303 2267 1

254 2302 433 2388 ραβόλλειν
448 2301 555 2389 αὐτὴν
570 2301 717 2390 ἀνόητόν
733 2306 820 2389 ἐστι,
838 2306 893 2372 καὶ
908 2303 1036 2389 μᾶλλόν
1050 2325 1119 2379 πως
1133 2311 1264 2368 καθαι-

186 2411 236 2468 856
255 2407 395 2483 ροῦντος
407 2398 444 2467 τό
457 2399 583 2486 ἀξίωμα
592 2409 650 2488 τῆς
660 2403 784 2487 τέχνης.
806 2399 858 2469 ὅτι
868 2427 907 2486 γε
917 2397 985 2487 μὴν
995 2407 1063 2468 τῶν
1073 2407 1264 2469 καλλίστων

254 2501 309 2565 καὶ
324 2505 487 2584 μεγίστων
502 2506 628 2584 τεχνῶν
645 2501 796 2587 διαφέρει
814 2504 970 2570 δεικτέον.
994 2499 1202 2587 ὡμολόγηται
1217 2499 1263 2585 δὴ
1301 2500 1302 2503 '

252 2595 336 2679 πρός
351 2596 487 2664 πάντων
501 2598 563 2683 τήν
576 2625 613 2666 τε
631 2597 813 2684 ῥητορικὴν
826 2602 881 2667 καὶ
900 2597 961 2685 τὴν
975 2606 1197 2684 φιλοσοφίαν,
1219 2597 1264 2675 ἃς

252 2693 307 2761 διὰ
320 2696 537 2782 γενναιότητα
552 2699 606 2764 καί
621 2697 800 2783 ἐπιστήμας
813 2696 1060 2784 ἀποφαίνονταί
1066 2723 1161 2781 τινες,
1177 2705 1262 2743 *w

251 2790 388 2861 ἐπειδὰν
399 2796 453 2861 καὶ
462 2796 592 2862 τούτων
600 2794 765 2875 ἀποδείξω
774 2794 837 2882 τὴν
846 2794 1067 2882 παρασιτικὴν
1075 2792 1163 2864 πολύ
1173 2821 1262 2877 κρα-

250 2900 394 2977 τοῦσαν,
417 2897 520 2978 δῆλον
541 2892 591 2962 ὅτι
612 2903 681 2961 των
701 2894 813 2962 ἄλλων
835 2900 960 2980 τεχνῶν
981 2893 1070 2973 δόξει
1089 2919 1263 2978 προφερε-

251 2989 353 3075 στάτη
367 2991 521 3074 καθάπερ
536 2989 748 3077 ἡΝανσικύα
760 3000 827 3060 τῶν
837 2998 1099 3076 θεραπαινίδων.
1121 2998 1172 3060 27.
1186 3020 1258 3060 κοι-

250 3094 294 3174 νῇ
308 3088 371 3174 μὲν
390 3080 455 3154 οὖν
475 3084 602 3174 ἇμφολν
620 3093 772 3176 διαφέρει
788 3092 844 3159 καλ
862 3099 920 3175 τῆς
934 3094 1110 3176 ῥητορικῆς
1124 3093 1180 3158 καὶ
1201 3099 1265 3177 τῆς

251 3192 467 3271 φιλοσοφίας,
491 3194 626 3271 πρῶτον
647 3185 730 3256 κατὰ
749 3186 812 3274 τὴν
833 3185 1035 3255 ὑπόστασιν·
1067 3186 1088 3276 ἡ
1110 3189 1171 3274 μὲν
1192 3187 1264 3274 γὰρ

250 3282 455 3370 ὑφέστηκεν,
477 3289 515 3354 αί
526 3287 562 3354 δὲ
576 3285 620 3353 οὔ
629 3312 636 3325 ·
658 3285 816 3373 οὔτεγὰρ
831 3285 891 3374 τὴν
908 3285 1088 3373 ῥητορικὴν
1102 3291 1187 3356 ἕντι
1203 3294 1265 3358 καὶ

249 3408 287 3450 το
302 3381 383 3451 αὐτὸ
399 3391 585 3470 νομίζομεν,
601 3382 675 3454 ἄλλ’
695 3388 730 3453 οί
742 3387 804 3472 μὲν
818 3390 946 3472 τέχνην,
961 3389 996 3454 οί
1007 3386 1043 3452 δὲ
1056 3383 1264 3466 τούναντίον

250 3479 414 3569 ἀτεχνίαν,
430 3483 524 3552 ἄλλοι
537 3483 572 3550 δὲ
586 3491 812 3569 κακοτεχνίαν,
827 3483 921 3553 ἄλλοι
933 3483 968 3550 δὲ
980 3484 1062 3552 ἄλλο
1072 3512 1117 3552 τι·
1135 3483 1264 3570 ὁμοίως
