2625 4092
334 291 830 351 ΤΡΑΓΩιΔΟΠΟΔΑΓΡΑ.
1022 291 1081 356 451

76 451 212 535 δόχμιος
227 456 363 537 ἔβαινον
377 457 422 528 εἰς
437 449 520 518 ὁδοῦ
536 419 637 531 πέζαν
651 454 783 540 στενην,

75 553 138 627 ἕως
153 547 266 635 ἀπήνη
280 553 481 638 παραδράμῃ
495 552 709 635 τροχηλατος·
744 589 745 593 =
788 593 791 598 .
869 570 872 576 ·

75 649 202 734 μύστης
217 649 282 737 γάρ
299 646 346 715 ῶν
362 646 420 727 σός
434 648 517 735 ταχύ
531 653 657 734 τρέχειν
672 648 734 716 οὐκ
749 655 901 717 ἔσθενον.
1090 657 1153 720 240

75 753 299 815 ΠΟΔΑΓΡΑ.
324 745 397 814 Ούκ
412 753 457 824 είς
474 746 598 832 μάτην,
616 750 780 834 βέλτιστε,
797 753 913 833 πρᾶξις
928 747 986 834 ἥδε
1002 770 1054 815 σοι

76 843 189 927 ὀρθῶς
206 849 398 932 πέπρακται.
422 853 462 934 τῇ
475 848 511 914 δὲ
527 853 570 932 σῇ
583 853 758 933 προθυμίᾳ
820 887 823 892 -

75 953 180 1012 ίσαισι
194 957 302 1029 τιμαῖς
316 943 533 1031 άυτισηκῶσω
547 945 654 1029 χάριν.
768 949 771 956 “

76 1046 160 1109 ἔστω
178 1045 217 1109 δέ
230 1064 283 1109 σοι
300 1045 436 1129 δῶρημα
452 1049 603 1127 θυμῆρες
619 1042 706 1120 τόδε,

74 1139 149 1223 ἑξῆς
163 1147 303 1222 τριετίας
317 1143 458 1229 πειράσῃ
475 1141 617 1225 κούφων
629 1141 755 1206 πόνων.

75 1234 172 1321 ὑμεῖς
187 1237 223 1304 δὲ
237 1241 348 1324 μιαροὶ
364 1239 418 1306 καί
435 1249 528 1315 θεοῖς
543 1241 738 1323 ἐχθίστατοι,
859 1284 861 1288 -

74 1341 163 1412 τίνες
177 1332 253 1402 πότ’
270 1333 365 1415 όντες
379 1339 434 1404 καὶ
449 1344 552 1404 τίνων
566 1337 752 1421 πεφυκότες

73 1439 216 1517 τολμᾶτε
229 1433 408 1517 Ποδάγρας
425 1431 698 1518 ἀνθαμιλλᾶσθαι
716 1434 839 1516 κράτει,
903 1481 914 1488 ..
1003 1484 1005 1488 -

74 1537 133 1615 της
150 1529 223 1597 οὐδ’
243 1528 261 1598 ὁ
277 1537 444 1614 Κρονίδας
457 1531 525 1599 οἶδε
544 1541 677 1617 νικῆσαι
693 1539 785 1618 βίανς

74 1625 201 1715 λέγετ’,
221 1622 247 1696 ῶ
262 1630 430 1696 κάκιστοι·
453 1633 507 1696 καὶ
522 1626 586 1714 γάρ
602 1629 724 1715 ἡρώων
739 1629 802 1713 έγῶ
895 1679 897 1683 -

74 1727 224 1813 έδάμασα
238 1735 427 1812 πλείστους,
442 1726 488 1806 ῶς
502 1725 534 1813 γ’
551 1731 740 1795 ἐπίστανται
755 1735 862 1812 σοφοί.
955 1775 956 1782 1

74 1835 227 1914 Πρίαμος
241 1827 417 1914 Ποδάρκης
434 1826 602 1914 ποδαγρὸς
619 1823 668 1893 ῶν
682 1829 846 1914 ἐκλῄζετο
911 1873 913 1878 ,

74 1934 180 1996 ἔθανε
196 1923 227 1992 δ’
240 1922 403 2011 Ἀχιλλεύς
417 1926 584 2012 ποδαγρός
601 1923 649 1993 ῶν
662 1925 679 1993 ὁ
690 1928 853 2010 Πηλέωςο·

75 2025 93 2093 ὁ
111 2027 381 2112 Βελλεροφόντης
397 2024 565 2112 ποδαγρὸς
580 2023 628 2092 ῶν
643 2026 824 2107 ἐκαρτέρει·
850 2053 853 2058 ’

75 2131 201 2209 Θηβῶν
219 2123 384 2209 δυνάστης
399 2129 558 2200 Οἰδίπους
572 2120 740 2208 ποδαγρὸς
755 2114 812 2208 ἦν·

74 2225 113 2289 έκ
130 2229 198 2288 τῶν
213 2227 410 2289 Πελοπιδῶν
424 2220 592 2306 ποδαγρὸς
604 2214 648 2307 ἦν
665 2218 682 2287 ὁ
697 2225 918 2306 Πλεισθένης·

75 2327 242 2399 Ποίαντος
256 2319 327 2398 υίὸς
344 2317 574 2406 ποδαγρόςῶν
586 2313 664 2406 ἦρχε
680 2320 805 2386 στόλου
828 2381 830 2386 ,
865 2364 868 2370 ·

76 2419 177 2498 ἄλλος
191 2421 368 2506 Ποδάρκης
382 2429 561 2488 Θεσσαλῶν
574 2413 618 2505 ἦν
631 2418 777 2504 ἡγεμών,
888 2449 889 2452 “

75 2519 130 2605 ὅς,
148 2524 280 2601 ἐπείπερ
295 2523 392 2585 ἔπεσε
405 2526 635 2600 Πρωτεσίλαος
651 2523 688 2586 έν
703 2520 800 2606 μάχη,

76 2619 167 2705 ὅμως
181 2616 348 2703 ποδαγρὸς
363 2612 411 2684 ῶν
425 2620 480 2684 καὶ
494 2625 608 2684 πονῶν
621 2611 701 2703 ἦρχε
718 2619 854 2684 στόλου·
1088 2619 1151 2680 260
1202 2644 1204 2648 ·
1275 2651 1277 2654 ·

72 2719 205 2802 Ἰθάκης
218 2715 344 2784 άυακτα
360 2717 724 2802 ΛαρτιάδηνΌδυσσέα
767 2731 770 2735 ’

77 2814 143 2902 ἐγῶ
160 2818 382 2901 κατέπεφνον,
400 2815 467 2884 ούκ.
479 2816 613 2885 άκανθα
630 2817 802 2901 τρυγόνος.
823 2861 825 2870 ,
1099 2827 1152 2882 660

78 2915 124 2994 ῶς
140 2914 212 2980 ούτι
229 2914 458 2999 χαιρήσοντες,
476 2907 503 2980 ῶ
519 2920 748 3000 δυσδαίμονες,
925 2929 928 2934 “

77 3025 155 3100 ῖσην
170 3015 306 3098 πάθηθε
321 3014 461 3081 κόλασιν
478 3008 526 3090 οἷς
541 3016 729 3097 δεδράκατε.

77 3119 245 3182 ΙΑΤΡΟΙ.
267 3111 376 3191 Σύροι
390 3112 453 3197 μέν
468 3114 581 3200 έσμεν,
600 3117 635 3179 ἐκ
648 3121 834 3198 Δαμασκοῦ
851 3119 1010 3202 τῷγενει,
1089 3123 1150 3184 265

78 3218 165 3299 λιμῷ
180 3214 216 3276 δὲ
233 3216 344 3298 πολλῷ
358 3212 413 3275 καλ
427 3216 526 3297 πενία
541 3213 760 3294 κρατούμενοι

76 3315 142 3392 γην
157 3309 211 3374 καὶ
225 3308 402 3375 θάλασσαν
418 3308 584 3392 ἐφέπομεν
597 3310 824 3394 πλανεύμενοι·

79 3414 196 3492 ἔχομεν
211 3408 246 3474 δὲ
260 3421 379 3492 χρῖσμα
394 3409 651 3490 πατροδιόρητου
665 3412 749 3489 τόδε·Ι

77 3511 116 3572 έν
131 3497 158 3595 ᾧ
173 3513 430 3590 παρηγοροῦμεν
445 3505 639 3591 άλγούυτοιυ
654 3511 788 3585 πόνους.

878 3599 919 3656 99
931 3605 943 3628 ¹
