2625 4092
223 278 286 341 ωε
567 280 886 358 [κονκικιιοη

154 459 206 516 019
224 445 253 508 2.
271 444 395 526 ἔφασκε
412 439 453 528 δὴ
467 439 552 509 ἀλλα
573 467 608 509 τε
627 439 732 510 πολλά
751 448 953 529 γεγενῆσθαι
970 440 1083 511 ἀστεῖα
1100 445 1157 511 καὶ
1172 470 1221 530 χα-

224 544 352 620 ρίεντα,
371 539 425 606 καὶ
441 536 481 624 δὴ
505 542 561 613 καλΙ
578 539 723 617 κάλλους
746 539 890 626 έγκοόμια
909 546 1063 626 εἰρῆσθαι
1079 556 1151 620 τοῖς
1171 538 1226 606 ἀν-

224 635 360 718 δράσιν,
374 632 397 703 ἃ
410 639 538 703 ἐκεῖνον
553 639 613 720 μέν
629 633 674 723 μὴ
689 637 857 705 δύνασθαι
873 644 975 706 εἰπεῖν
991 637 1059 706 ὑπό
1073 663 1109 707 τε
1121 637 1226 726 γήρως

224 735 480 819 ἐπιλελησμένον
490 732 596 812 άλλως
608 761 641 800 τε
653 736 689 802 δὲ
701 736 755 804 καλ
769 733 831 803 ούκ
846 735 898 804 έπλ
908 735 995 803 πολύ
1010 736 1123 822 λόγων
1138 761 1227 822 μετε-

224 830 382 918 σχηκότα,
404 831 441 898 σδ
458 827 489 896 δ’
508 826 552 898 ἀν
566 834 688 919 ῥηιδίως
703 837 807 901 είκελν
822 831 880 902 άτε
895 835 951 902 καλ
964 832 1069 901 αὐτὸν
1086 837 1225 920 έγκεκω

223 927 362 1017 μιακότα
371 932 427 1000 καλ
435 941 501 1009 τοῖς
509 928 622 1009 ἀλλοις
630 927 707 1012 παρ’
715 928 796 999 όλον
804 927 842 998 τδ
852 930 1041 1016 συμπόσιον
1050 952 1227 1018 προσεσχη-

223 1027 303 1097 κότα
320 1026 379 1098 τόν
396 1035 490 1097 νοῦν.
564 1044 572 1075 ⁸

309 1134 594 1196 ΧΑΡΙΔΗΜΟΣ.
630 1131 753 1214 Γέγονε
775 1133 897 1213 ταῦτα,
931 1119 1155 1212 ἀἝρμιππε.
1191 1126 1229 1194 ού

224 1229 337 1312 μέντοι
352 1253 389 1312 γε
403 1223 478 1294 οὐδ’
494 1228 565 1313 ἐμοὶ
581 1227 700 1315 ῥηίδιον
715 1221 768 1292 ἐπ’
784 1221 952 1311 ἀκριβείας
969 1223 1098 1293 ἅπαντα
1114 1229 1229 1307 διεξιέ

223 1349 296 1392 ναι·
325 1321 366 1416 ού
381 1325 446 1410 γάρ
460 1319 583 1393 οἷόντε
601 1317 645 1409 ἦν
660 1324 798 1390 ’πάντων
810 1320 948 1391 ἀκούειν
964 1326 1122 1411 θορύβου
1146 1336 1229 1392 πολ-

222 1430 285 1490 λοῦ
295 1427 551 1510 γινομένουτῶν
560 1449 595 1490 τε
606 1425 878 1508 διακονουμένων
887 1430 954 1490 τῶν
963 1450 997 1491 τε
1008 1426 1229 1509 ἑστιωμένων.

222 1520 330 1601 ἀλλοις
348 1548 384 1590 τε
399 1524 454 1592 καλ
473 1530 541 1589 των
559 1523 824 1607 δυσχερεστέρων
845 1515 886 1587 ἀν
902 1527 1091 1607 μεμνῆσθαι
1109 1523 1232 1607 λόγους

224 1623 260 1686 ἐν
284 1628 456 1710 συμποσίῳ
481 1624 697 1707 γενομένους·
730 1617 830 1686 οἶσθα
850 1617 913 1704 γάρ
937 1615 981 1696 ὡς
1008 1620 1233 1704 ἐπιλήσμονας

226 1731 316 1786 ποιεί
330 1718 386 1787 καλ
406 1719 486 1798 τούς
502 1725 578 1787 λίαν
593 1718 914 1805 μνημονικωτάτους.
949 1714 1037 1802 πλὴν
1057 1713 1144 1785 ἀλλά
1166 1713 1232 1803 σὴν

224 1817 321 1902 χάριν
336 1813 380 1894 ὡς
401 1811 444 1882 ἀν
460 1811 527 1894 οἷός
547 1844 582 1884 τε
604 1810 707 1902 δότην
730 1817 882 1902 διήγησιν
903 1815 1102 1901 πειράσομαι
1125 1831 1231 1884 ποιεῖ-

226 1923 324 1997 σθαι,
340 1917 444 2000 μηδὲν
459 1923 672 1998 παραλείπων
688 1905 735 1981 ύν
752 1909 795 1980 ἀν
811 1917 1005 1999 ἐνθυμηθῶ.

306 2019 336 2081 3.
351 2019 455 2081 ΕΡΜ.
475 2013 612 2082 Τούτων
625 2013 687 2099 μὲν
704 2011 743 2097 δη
760 2014 857 2079 ἕνεκα
869 2009 942 2078 οἶδά
956 2031 1009 2078 σοι
1023 2010 1130 2095 χάριν.
1155 2008 1230 2079 ἀλλ’

223 2120 256 2178 εί
265 2137 321 2197 μοι
332 2137 392 2178 τον
404 2112 512 2178 πάντα
523 2112 626 2198 λόγον
638 2116 670 2192 έξ
682 2109 783 2196 ἀρχῆς
794 2108 961 2195 άποδοίης,
975 2107 994 2178 ό
1004 2136 1035 2176 τι
1044 2135 1079 2176 τε
1093 2102 1138 2194 ἦν
1147 2107 1229 2195 ὅπερ

221 2207 351 2294 ἀνέγνω
371 2214 501 2296 βιβλίον
518 2209 717 2298 Ἀνδροκλῆς
740 2216 814 2276 τίνα
834 2234 868 2275 τε
890 2214 1040 2293 νενίκηκε
1060 2210 1116 2276 καὶ
1138 2215 1229 2286 τίνας

222 2304 307 2391 ὑμᾶς
323 2311 367 2385 είς
378 2305 414 2373 τὸ
428 2308 619 2393 συμπόσιον
631 2311 807 2394 κέκληκεν,
822 2305 929 2386 οὕτως
940 2302 983 2374 ἀν
994 2305 1116 2394 ἱκανὴν
1129 2334 1228 2375 κατα·
1289 2325 1290 2342 ί

220 2414 295 2472 θελο
311 2403 372 2490 την
386 2404 493 2490 χάριν.
1288 2423 1289 2503 χ

305 2511 402 2573 ΧΑΡ.
427 2500 473 2572 Τὰ
494 2502 612 2591 μὲνδὴ
630 2512 762 2592 βιβλίον
784 2497 827 2591 ἦν
847 2504 1012 2592 έγκιόμιον
1029 2503 1228 2586 Ἡρακλέους

222 2608 258 2671 ἐκ
274 2628 363 2682 τινος
380 2600 564 2688 ὀνείρατος,
586 2601 629 2680 ὡς
642 2609 750 2689 ἔλεγε,
768 2605 992 2688 πεποιημένον
1008 2599 1114 2692 αύτῷ·
1138 2612 1228 2672 νενί-

220 2729 300 2787 κηκε
317 2701 353 2770 δὲ
363 2704 525 2789 Διότιμον
541 2699 602 2769 τόν
611 2703 819 2787 Μεγαρόθεν
835 2699 1153 2788 ἀνταγωνισάμενον
1167 2701 1227 2769 αύ-
1286 2733 1287 2823 η

220 2810 265 2889 τῷ
282 2803 438 2883 περὶτῶν
455 2799 644 2886 ἀσταχύων,
662 2803 840 2887 μᾶλλονδὲ
856 2805 930 2885 περὶ
947 2810 1004 2889 τῆς
1019 2803 1126 2887 δόξης.

305 2907 407 2969 τινα.
436 2897 521 2968 κε’
541 2881 1072 2987 ἦιδεκιιιιςειηιωμλμιιοι;
1285 2905 1286 2981 η

303 3006 399 3067 ΧΑΡ.
427 2996 606 3085 Ἑρκωμιον
625 3014 697 3067 τοῑν
711 3000 946 3083 Διοσκούροιν.
971 3005 1094 3084 ἔφασκε
1119 2999 1155 3067 δὲ
1176 3003 1226 3066 καὶ
1284 3033 1285 3080 3

150 3117 202 3173 δυο
221 3094 320 3174 αύτδς
340 3099 377 3164 ἐκ
402 3100 557 3181 μεγάλων
582 3100 754 3166 κινδύνων
780 3095 837 3165 ὑπ’
862 3102 1000 3167 ἐκείνων
1022 3101 1228 3183 σεσωσμένος

219 3193 344 3278 ταύτην
359 3192 470 3272 αὐτοῖς
487 3206 682 3263 καταθεῖναι
702 3195 765 3283 τὴν
785 3197 898 3284 χάριν,
926 3197 1034 3276 άλλως
1047 3225 1082 3266 τε
1096 3199 1152 3266 καλ
1167 3194 1226 3264 ὑπ’

219 3296 357 3361 ἐκείνων
372 3295 661 3378 παρακεκλημένος
676 3291 730 3362 ἐπ’
744 3294 858 3379 ἀκροις
872 3301 986 3375 ίστίοις
998 3298 1035 3364 έν
1046 3312 1114 3375 τοῖς
1131 3299 1225 3382 έσχά-

219 3415 287 3467 τοις
302 3389 472 3467 κινδύνοις
488 3397 672 3475 φανέντων.
695 3399 726 3462 4.
744 3401 899 3480 παρῆσαν
911 3397 1025 3481 μέντοι
1034 3403 1082 3484 τῷ
1095 3415 1225 3480 συμπο-

219 3495 279 3567 σίω
293 3490 349 3556 καὶ
366 3486 461 3555 ἄλλοι
480 3493 596 3557 πολλοὶ
617 3497 651 3558 οί
665 3491 726 3573 μέν
748 3507 920 3579 συγγενεῖς
940 3490 1048 3580 αύτῷ,
1071 3497 1105 3561 οἱ
1120 3493 1156 3562 δὲ
1175 3497 1225 3560 καδ
