2625 4092
220 279 261 343 74
577 279 876 338 ΛΟΤΚΙΑΝΟΤ

219 439 387 528 γυμνάσια
402 445 598 524 προθυμίαν
610 437 716 517 οὕτως
727 434 771 505 ἀν
784 446 886 506 πλείω
897 444 1093 525 ἐγγενέσθαι
1104 442 1227 523 αὐτοῖς,

220 543 251 606 εί
264 534 342 615 τοὺς
363 533 599 621 ἀριστεύοντας
616 538 652 601 ἐν
673 534 802 611 τούτοις
819 539 923 601 ἴδοιεν
945 538 1152 620 τιμωμένους
1174 535 1228 602 καὶ

220 632 550 720 ἀνακηρυττομένους
566 636 602 700 έν
617 635 730 719 μέσοις
745 647 813 710 τοῖς
821 630 965 717 Ἕλλησι.
988 635 1042 700 καὶ
1057 631 1113 699 διά
1128 639 1228 700 τοῦτο

221 733 266 818 ῶς
279 735 312 812 ές
326 733 507 809 τοσούτους
522 730 770 815 ἀποδυσόμενοι
792 729 917 811 εὐεξίας
932 757 967 797 τε
981 734 1228 816 ἐπιμελοῦνται,

221 830 265 908 ῶς
276 829 320 917 μὴ
334 832 544 916 αἰσχύνοιντο
556 833 807 916 γυμνωθέντες,
824 831 879 896 καὶ
889 828 1139 908 ἀξιονικότατον
1150 830 1229 895 ἕνα·
1297 901 1298 904 ¹

220 954 297 1011 στος
311 929 415 997 αὑτὸν
428 928 650 1015 ἀπεργάζεται.
676 927 781 997 καὶτὰ
793 922 895 1015 ἆθλα,
911 928 1022 1014 ῶσπερ
1034 936 1230 1017 ἔμπροσθεν

221 1027 331 1113 εἶπον,
355 1024 396 1093 ού
411 1028 530 1113 μικρά,
555 1024 572 1093 ὁ
592 1032 726 1105 ἔπαινος
740 1023 758 1093 ὁ
774 1025 864 1112 παρά
884 1034 953 1094 τῶν
966 1035 1100 1095 θεατῶν
1120 1031 1176 1095 καλ
1192 1027 1228 1095 τό

220 1125 461 1211 ἐπισημότατον
475 1126 634 1208 γενέσθαι
648 1126 703 1191 καὶ
715 1128 913 1191 δείκνυσθαι
924 1131 969 1213 τῷ
985 1125 1136 1214 δακτύλῳ
1153 1123 1229 1208 ἀρι-

220 1244 301 1290 στον
317 1219 483 1288 εἶναιτῶν
504 1218 585 1287 καθ’
602 1218 708 1289 αὑτὸν
721 1226 896 1289 δοκοῦντα.
926 1223 1095 1307 τοιγάρτοι
1111 1222 1230 1290 πολλοὶ

220 1327 287 1386 τῶν
302 1324 452 1403 θεατῶν,
469 1315 517 1395 οἷς
529 1315 610 1386 καθ’
627 1317 758 1404 ἡλικίαν
772 1318 851 1405 ἒτιὴ
867 1318 1019 1404 ἀσκησις,
1037 1316 1175 1387 ἀπίασιν
1187 1316 1229 1386 ού

219 1422 357 1503 μετρίως
373 1419 409 1482 ἐκ
424 1421 492 1482 τῶν
506 1415 670 1482 τοιούτων
686 1412 804 1501 ἀρετῆς
818 1417 873 1483 καὶ
887 1416 1002 1481 πόνων
1013 1417 1227 1499 ἐρασθέντες·

221 1512 264 1592 ῶς
281 1523 314 1580 εί
324 1516 364 1598 γε’
372 1539 437 1590 τις,
456 1506 483 1578 ῶ
496 1509 688 1598 Ἀνάχαρσι,
704 1511 765 1580 τόν
776 1520 833 1599 τῆς
845 1510 995 1591 εὐκλείας
1009 1519 1114 1596 ἔρωτα
1126 1515 1229 1599 ἐκβά-

219 1621 271 1679 λοι
288 1615 323 1678 ἐκ
338 1618 398 1677 τοῦ
412 1618 505 1697 βίον,
524 1618 556 1678 τί
566 1606 609 1677 ἀν
625 1618 672 1679 ἔτι
687 1608 821 1697 ἀγαθόν
834 1608 914 1697 ἡμῖν
925 1618 1071 1697 γένοιτο;
1092 1610 1173 1698 ἦτίς
1186 1612 1229 1679 ἀν

219 1738 250 1778 τι
272 1706 425 1795 λαμπρόν
447 1710 653 1793 ἐργάσασθαι
675 1711 910 1796 έπιθυμήσειε;
939 1718 1005 1778 νῦν
1026 1709 1062 1777 δὲ
1085 1713 1139 1779 καί
1161 1708 1229 1777 ἀπὸ

219 1807 349 1876 τούτων
371 1808 511 1887 εἰκάζειν
525 1811 701 1893 παρέχοιεν
722 1807 765 1874 ἀν
787 1831 856 1891 σοι,
883 1806 993 1877 ὁποῖοι
1015 1811 1052 1875 ἐν
1071 1813 1229 1893 πολέμοις

149 1916 202 1973 918
219 1902 304 1988 ὑπὲρ
328 1908 484 1986 πατρίδος
506 1908 559 1971 καὶ
575 1909 705 1971 παίδων
720 1906 775 1972 καί
793 1932 966 1990 γυναικιιν
986 1908 1041 1971 καὶ
1056 1910 1157 1984 ιἐρῶν
1170 1907 1230 1989 γε’-

219 1999 326 2069 νοιντ’
339 1998 383 2069 ἀν
394 2000 479 2069 ὅπλα
492 2008 620 2087 ἔχοντες
631 2007 666 2069 οί
674 2009 811 2069 κοτίνου
822 2007 897 2088 πέρι
912 2006 966 2071 καὶ
977 2005 1093 2090 μήλων
1103 2004 1230 2087 γυμνοὶ

219 2102 387 2187 τοσαύτην
402 2110 596 2187 προθυμίαν
611 2106 643 2181 ές
657 2101 694 2170 τό
711 2110 810 2169 νικᾶν
825 2102 1064 2188 εἰσφερόμενοι.
1086 2106 1138 2170 37.
1150 2110 1228 2169 κοιί-

219 2223 269 2264 τοι
284 2194 369 2265 τίάν
381 2199 521 2277 πάθοις,
540 2206 570 2267 εί
579 2200 720 2266 θεάσαιο
734 2202 789 2267 καὶ
804 2198 958 2285 ὀρτύγων
974 2201 1027 2265 καὶ
1042 2196 1229 2284 ἀλεκτρυό-

219 2321 290 2362 νων
305 2295 437 2381 ἀγῶνας
453 2296 533 2383 παρ’
554 2296 635 2384 ἡμῖν
651 2302 706 2365 καὶ
726 2293 879 2385 σπονδὴν
894 2301 945 2366 ἐπὶ
961 2299 1091 2376 τούτοις
1106 2294 1149 2363 ού
1169 2326 1229 2383 μι-

218 2395 323 2478 κράνς
348 2392 370 2481 ἢ
392 2396 516 2485 γελάσῃ
538 2402 638 2482 δῆλον
661 2396 728 2481 ότι,
750 2400 805 2463 καλ
826 2397 966 2483 μάλιστα
987 2392 1031 2482 ἢν
1053 2398 1167 2485 μάθῃς
1184 2394 1231 2475 ὡς

219 2490 285 2561 ὑπό
307 2494 401 2583 νόμω
418 2492 498 2561 αύτό
521 2500 653 2581 δρῶμεν
669 2498 724 2562 καὶ
740 2497 977 2575 προστέτακται
996 2502 1076 2562 πᾶσι
1096 2512 1166 2575 τοῖς
1189 2499 1229 2563 ἐν

218 2589 328 2682 ἡλικίη
344 2608 497 2678 παρεῖναι
512 2596 567 2662 καὶ
582 2592 667 2677 ὁρᾶν
680 2592 720 2662 τά
737 2591 838 2676 όρνεα
854 2594 1121 2661 διαπυκτεύοντα
1131 2597 1229 2679 μέχρι
1301 2607 1302 2662 ἒ

218 2698 275 2775 τῆς
292 2694 428 2778 ἐσχάτης
449 2690 723 2780 ἀπαγορεύσεοςς
751 2689 824 2759 ἀλλ’
849 2688 928 2759 οὐδὲ
952 2698 1052 2759 τοῦτο
1074 2701 1226 2777 γελοῖον·

218 2787 400 2857 ὑποδύεται
417 2790 480 2875 γάρ
496 2820 545 2869 τις
561 2790 666 2878 ἠρέμα
681 2805 751 2869 ταῖς
766 2804 885 2874 ψυχαῖς
902 2788 987 2875 ὁρμὴ
1005 2794 1038 2867 ἐς
1054 2788 1134 2867 τούς
1150 2817 1229 2857 κιν-
1301 2853 1302 2856 ,

219 2888 358 2969 δύνονς,
383 2886 426 2965 ῶς
441 2889 485 2975 μη
505 2888 735 2975 ἀγεννέστεροι
751 2892 804 2956 καὶ
820 2888 1034 2973 ἀτολμότεροι
1049 2895 1228 2972 φαίνοιντο

218 2991 286 3052 τῶν
304 2983 538 3069 ἀλεκτρυόνων
554 2989 635 3075 μηδὲ
655 2988 964 3072 προαπαγορεύοιεν
986 2983 1052 3053 ὑπό
1073 2990 1230 3071 τραυμά-

218 3109 285 3149 των
304 3078 326 3169 ἢ
347 3085 504 3169 καμάτων
524 3084 546 3172 ἥ
565 3113 626 3153 του
646 3087 752 3155 ἀλλον
779 3091 968 3171 δυσχεροῦς.
1001 3084 1039 3152 τό
1064 3089 1102 3153 δὲ
1125 3086 1166 3172 δὴ
1190 3089 1229 3155 ἐν

217 3178 332 3258 όπλοις
341 3189 522 3263 πειρᾶσθαι
533 3181 645 3251 αύτν
655 3189 708 3253 καὶ
718 3186 802 3269 ὁρᾶν
811 3190 1094 3272 τιτρωσκομένους
1102 3184 1228 3271 ἀπαγε·

218 3284 383 3365 θηριῶδες
400 3277 465 3365 γάρ
485 3282 539 3349 καὶ
556 3287 674 3362 δεινῶς
689 3282 807 3352 σκαιόν
827 3285 882 3350 καὶ
897 3286 1032 3365 προσέτι
1050 3309 1088 3369 γε
1106 3282 1228 3351 ἀλυσι-

216 3380 306 3456 τελὲς
320 3378 545 3464 ἀποσφάττειν
564 3378 642 3458 τούς
658 3380 812 3463 ἀρίστους
826 3382 880 3447 καὶ
896 3376 945 3458 οἷς
961 3380 1004 3446 ἀν
1020 3408 1070 3459 τις
1083 3378 1228 3466 ἀμεινον

218 3479 373 3559 χρήσαιτο
387 3474 470 3544 κατά
484 3485 553 3544 τῶν
568 3482 744 3564 δυσμενῶν
782 3485 832 3547 38.
851 3481 920 3546 ἐπεὶ
931 3479 967 3545 δὲ
986 3479 1066 3565 φής,
1083 3471 1110 3547 ῶ
1125 3479 1227 3550 Ἀνά-
