2625 4092
220 259 281 325 138
568 261 876 320 AOYKIANOY

218 431 289 489 λων
308 421 501 506 πονούμενα
524 427 710 501 καρποῦται
734 421 789 486 καὶ
805 419 933 505 πλήρης
951 421 1034 508 αύιῆ
1054 427 1234 505 πανταχοῦ

218 521 376 603 τράπεζα·
398 517 533 604 καὶγὰρ
551 517 639 603 αίγες
653 515 738 606 αὐτῆ
754 515 968 603 ἀμέλγονται,
986 522 1040 586 καί
1057 517 1077 604 ῆ
1092 519 1234 604 μέλιττα

219 616 280 706 οῦχ
291 617 411 704 ῆκιστα
426 624 534 702 μυίαις
550 620 605 684 καί
616 614 812 699 ἀνθρώποις
828 615 1011 702 ἐργάζεται,
1027 620 1130 685 καλοί
1142 614 1235 696 ὀψο-

218 718 307 785 ποιοὶ
322 716 424 803 ταύτῃ
441 713 481 782 τά
497 714 563 796 ὄψα
577 713 743 801 ἡδύνουσι
763 715 818 782 καί
836 715 1000 799 βασιλέων
1014 712 1126 782 αὐτῶν
1138 739 1233 797 προ-

217 813 350 899 γεύεται
371 815 425 880 naz
445 827 515 890 ταῖς
537 815 709 895 τραπέζαις
730 813 995 897 ἐμπεριπατοῦσα
1016 821 1234 880 συνεστιᾶται

219 909 395 990 αὐτοῖςκαὶ
408 910 634 978 συναπολαύει
645 910 791 977 πάντων.
814 918 844 976 9.
861 908 1013 978 νεοττιάν
1025 907 1092 997 δὲῆ
1107 909 1234 979 καλιάν

220 1006 281 1095 οῦχ
301 1011 349 1076 ἐνὶ
372 1009 463 1099 τύπῳ
484 1009 722 1094 κατεστήσατο,
749 1004 831 1074 ιἰλλά
853 1007 1003 1092 πλάνητα
1024 1005 1085 1092 τῆν
1104 1015 1234 1094 πτῆσιν

219 1105 302 1173 κατά
317 1106 396 1185 τοῦς
410 1107 552 1185 Σκύθας
565 1105 814 1190 ἐπανῃρημένη,
829 1102 917 1171 ὅπου
932 1098 975 1170 άν
989 1105 1071 1193 τύχῃ
1089 1103 1155 1172 ύπδ
1171 1113 1235 1191 τῆς

220 1205 340 1284 νυκτὸς
356 1215 622 1291 καταληφθεῖσα,
646 1209 715 1271 ἐκεῖ
729 1205 783 1270 καὶ
801 1205 912 1271 ἐστίαν
930 1205 984 1270 καί
1001 1201 1104 1288 εὐνήν
1120 1218 1231 1271 ποιεῖ-

220 1332 282 1372 ται.
306 1303 372 1370 ὑπὸ
391 1303 498 1394 σκότφ
514 1306 644 1388 μέντοι,
666 1300 709 1379 ὡς
724 1307 827 1388 ἐφην,
851 1299 952 1368 οῦδὲν
966 1302 1133 1386 ἐργάζεται
1147 1299 1232 1368 οῦδὲ

220 1401 311 1483 άξιοῖ
321 1403 507 1471 λανθάνειν
522 1430 552 1467 τι
574 1400 781 1484 πράττουσα,
806 1396 883 1466 οῦδὲ
902 1397 1031 1485 ἡγεῖταί
1043 1427 1074 1466 τι
1089 1398 1233 1485 αἰσχρὸν

220 1514 343 1584 ποιεῖν,
369 1497 389 1566 δ
411 1502 448 1566 ἐν
465 1502 550 1584 φωτὶ
566 1499 740 1584 δρώμενον
763 1503 914 1584 αἰσχυνεῖ
928 1496 1042 1584 αύτήν.
1078 1505 1125 1566 10.
1144 1504 1233 1585 φησὶ

223 1598 259 1665 δὲ
274 1594 292 1663 ὁ
310 1605 421 1683 μῦθος
434 1601 489 1666 καὶ
504 1596 692 1679 ἄνθρωπόν
705 1623 778 1662 τινα
793 1603 911 1663 Μυῖαν
926 1594 962 1662 τὸ
979 1593 1116 1682 ἀρχαῖον
1131 1601 1233 1681 γενέ-

221 1707 301 1762 σθαι
323 1697 415 1764 πάνυ
438 1695 560 1782 καλήν,
585 1697 691 1763 λάλου
715 1699 828 1780 μέντοι
843 1721 882 1780 γε
900 1696 954 1761 καί
974 1695 1152 1780 στωμύλην
1174 1699 1233 1762 καὶ

222 1791 363 1884 ᾠδικήν,
385 1794 438 1862 καί
458 1791 709 1878 ἀντερασθῆναί
723 1821 761 1878 γε
778 1801 817 1881 τῆ
829 1796 964 1880 Σελήνῃ
981 1793 1063 1861 κατά
1084 1792 1119 1860 τὸ
1141 1791 1230 1860 αὐτὸ

221 1889 410 1976 ἀμφοτέρας
424 1898 485 1958 τοῦ
499 1888 727 1976 Ἐνδυμίωνος.
758 1890 817 1960 εἶτ’
834 1890 945 1978 ἐπειδὴ
963 1893 1176 1977 κοιμώμενον
1192 1901 1227 1958 τί

221 1990 395 2075 μειράκιον
407 1989 540 2075 συνεχὲς
552 1991 725 2075 ἐπήγειρεν
737 1993 957 2076 ἐρεσχηλοῦσα
970 1992 1024 2058 καὶ
1034 1989 1162 2079 ᾄδουσα
1175 1991 1235 2056 καὶ

221 2090 417 2174 κωμάζουσα
433 2087 485 2156 ἐπ’
498 2088 618 2170 αὐτόν,
633 2088 693 2157 τδν
707 2089 769 2176 μέν
780 2089 1022 2177 ἀγανακτῆσαι,
1037 2089 1098 2177 τῆν
1112 2091 1147 2157 δὲ
1161 2097 1235 2156 Σε-

221 2189 327 2273 λήνην
339 2186 557 2275 ὀργισθεῖσαν
569 2195 615 2267 είς
625 2196 723 2256 τοῦτο
738 2187 800 2274 τῆν
811 2196 930 2257 Μυῖαν
940 2197 1151 2277 μεταβαλεῖν·
1175 2189 1233 2254 καὶ

223 2284 278 2352 διά
295 2292 393 2354 τοῦτο
408 2292 489 2353 πᾶσι
505 2293 571 2354 νῦν
590 2301 659 2364 τοῖς
680 2292 899 2371 κοιμωμένοις
915 2286 1020 2373 αύτῆν
1037 2294 1097 2354 τοῦ
1117 2285 1235 2353 ὕπνου

171 2396 207 2452 98
223 2394 368 2469 φθονεῖν
383 2389 596 2471 μεμνημένην
616 2391 662 2452 ἐτι
676 2392 737 2452 τοῦ
755 2383 991 2470 Ἐνδυμίωνος,
1014 2389 1068 2454 καλ
1088 2386 1234 2472 μάλιστα

221 2496 289 2559 τοῖς
303 2483 390 2560 νέοις
405 2483 460 2550 καί
474 2481 628 2560 ἁπαλοῖς·
658 2484 712 2550 καὶ
726 2482 762 2550 τὸ
780 2487 887 2567 δῆγμα
906 2484 941 2548 δὲ
958 2480 1111 2549 αὐτὸκαὶ
1130 2477 1149 2566 ἡ
1168 2488 1234 2547 τοῦ

222 2583 359 2665 αἵματος
374 2584 534 2667 ἐπιθυμία
549 2582 611 2650 ούκ
627 2581 837 2670 άγριότητος,
856 2582 929 2651 ἀλλ’
948 2584 1069 2667 ἐρωτύς
1083 2586 1149 2650 ἐστι
1168 2602 1231 2668 ση-

221 2694 316 2766 μεῖον
332 2681 386 2748 καὶ
401 2688 674 2766 φιλανθρωπίας·
697 2679 742 2759 ὡς
756 2679 821 2766 γάρ
836 2679 983 2748 δυνατὸν
996 2679 1160 2749 ἀπολαύει
1176 2687 1231 2747 καί

221 2785 282 2846 τοῦ
297 2777 441 2856 κάλλους
455 2806 485 2846 τι
503 2777 730 2860 δπανθίζεται.
753 2784 803 2848 ll.
819 2781 948 2864 ἐγένετο
968 2777 1051 2845 κατά
1068 2775 1147 2856 τοῦς
1164 2803 1234 2844 πα-

221 2874 336 2954 λαιούς
347 2877 402 2944 καὶ
411 2877 499 2962 γυνή
510 2905 559 2955 τις
571 2872 749 2962 ὁμώνυμος
760 2874 853 2964 αύτῆ,
865 2877 1030 2962 ποιήτρια,
1042 2877 1134 2944 πάνυ
1143 2875 1231 2960 καλή

221 2973 277 3040 καί
290 2974 395 3060 σοφή,
414 2976 468 3041 καὶ
486 2974 568 3062 ίιλλη
583 2977 694 3061 ἑταίρα
711 2982 779 3041 τῶν
792 2971 946 3041 Ἀττικῶν
958 2973 1138 3060 ἐπιφανής,
1154 2976 1231 3055 περὶ

221 3062 261 3157 ἧς
275 3072 329 3141 καλ
344 3069 362 3138 ὁ
377 3070 522 3157 κωμικὸς
536 3071 673 3159 ποιητής
688 3079 763 3159 ἐφη,

305 3166 326 3255 ῆ
340 3177 437 3237 Μυῖα
456 3166 487 3235 δ’
505 3174 646 3236 ἔδακνεν
661 3168 764 3237 αὐτὸν
780 3167 854 3254 ῦχρι
870 3176 927 3253 τῆς
941 3174 1093 3253 καρδίας·

223 3263 330 3345 οὕτως
348 3264 463 3353 οῦδέῆ
486 3267 614 3354 κωμική
636 3269 731 3354 χάρις
752 3267 939 3354 ἀπηξίωσεν
956 3266 1035 3335 οῦδὲ
1056 3267 1233 3337 άπέκλεισε

223 3371 279 3449 τῆς
294 3372 417 3450 σκηνῆς
434 3362 471 3432 τὸ
488 3372 545 3451 τῆς
561 3372 661 3451 μυίας
679 3364 802 3452 ὄνομα,
824 3362 898 3434 οὐδ’
916 3371 950 3435 οἱ
961 3380 1071 3453 γονεῖς
1085 3363 1234 3455 ῆδοῦυτο

222 3459 280 3540 τὰς
301 3468 490 3550 θυγατέρας
510 3461 598 3532 οῦτοι
620 3471 810 3541 καλοῦντες.
845 3460 865 3551 ῆ
894 3463 956 3549 μὲν
976 3461 1041 3550 γάρ
1063 3469 1236 3555 τραγφδία
1306 3463 1307 3538 s
