2625 4092
250 280 312 344 ³40
605 286 912 347 AOYKIANOI‘

253 450 386 526 κατέαξε
401 445 463 533 τήν
484 453 676 531 βακτηρίαν.
705 444 769 531 έγδ
790 447 931 531 δὲπαρά
953 472 1013 511 τον
1028 460 1142 533 τοίχον
1158 444 1251 529 ορθὸς

254 542 398 630 ἐφεστώς
419 548 533 627 ἑωρων
554 545 674 611 ἕκαστα
690 542 752 611 οὐκ
769 541 955 630 άναμιγνύς
971 545 1093 612 ἑαυτὸν
1113 543 1181 613 ὑπο
1200 553 1252 612 τοῦ

248 643 402 713 Ἱστιαίου
412 647 589 728 διδαχθείς,
599 639 642 719 ὡς
652 649 742 709 ἐστιν
752 644 930 726 ἐπισφαλὲς
939 643 1091 727 διαλύειν
1099 639 1142 710 τά
1150 652 1254 711 τοιαῦ-

254 770 302 810 τα.
318 746 474 819 Λαπίθας
483 732 546 806 ούν
556 743 609 808 καὶ
619 738 834 820 Κενταύρους
846 738 928 817 εἶδες
939 733 992 822 άν,
1006 742 1167 822 τραπέζας
1178 738 1254 807 άνα-

253 844 456 924 τρεπομένας
471 840 525 906 καί
540 834 618 923 αἷμα
635 840 855 923 ἐκκεχυμένον
868 843 922 905 καὶ
937 839 1089 923 σκύφους
1104 841 1256 925 ῥιπτομέ-

254 964 344 1017 νους.
378 944 426 1005 46.
448 940 538 1014 τέλος
558 937 593 1003 δὲ
615 933 632 1001 ὁ
651 934 847 1021 Ἀλκιδάμας
863 934 1050 1019 ἀνατρέψας
1065 936 1102 1003 τό
1125 944 1257 1022 λυχνίον

254 1036 372 1114 σκότος
386 1038 469 1122 μέγα
486 1037 627 1121 έποίησε,
643 1035 697 1101 καλ
712 1032 749 1101 τό
763 1042 909 1119 πρᾶγμα,
926 1032 968 1113 ὡς
982 1037 1018 1101 τὸ
1032 1038 1129 1120 εἰκός,
1145 1043 1258 1123 μακρῷ

253 1135 484 1220 χαλεπώτερον
500 1136 688 1219 ἐγεγένητο·
717 1132 851 1217 καὶγὰρ
872 1132 913 1199 ού
933 1136 1055 1222 ῥαδίως
1069 1132 1260 1219 εὐπόρησαν

255 1230 366 1317 φωτός
383 1230 503 1307 άλλον,
522 1228 605 1299 άλλά
618 1229 723 1298 πολλά
736 1233 886 1317 ἐπράχθη
901 1236 954 1300 καὶ
967 1230 1059 1299 δεινά
1073 1235 1111 1298 ἐν
1125 1239 1172 1317 τῷ
1184 1232 1261 1298 σκό-

255 1356 309 1417 τφ.
334 1332 386 1396 καί
397 1332 466 1397 ἐπεὶ
477 1339 589 1416 παρῆν
602 1357 650 1408 τις
664 1331 789 1413 λύχνον
800 1329 877 1397 ποτε
889 1326 1049 1416 κομίζων,
1065 1328 1261 1415 κατελήφθη

252 1424 447 1513 Ἀλκιδάμας
461 1430 524 1514 μὲν
537 1426 598 1514 τήν
613 1424 793 1514 αύλητρίδα
808 1424 1013 1514 άπογνμνών
1024 1431 1077 1496 καὶ
1089 1425 1177 1513 πρὸς
1188 1436 1261 1515 βίαν

254 1534 498 1611 συνενεχθῆναι
515 1524 598 1614 αὐτή
615 1529 830 1610 σπουδάζων,
852 1526 1112 1608 Διονυσόδωρος
1128 1528 1166 1593 δὲ
1184 1526 1260 1593 άλλο

253 1651 284 1689 τι
298 1632 430 1708 γελοῖον
441 1625 603 1709 ἐφωράθη
616 1623 820 1709 πεποιηκός·
843 1624 972 1708 σκύφος
983 1622 1047 1709 γάρ
1059 1627 1216 1703 ἐξέπεσεν
1231 1631 1262 1691 ἐι

253 1728 313 1788 τοῦ
336 1722 464 1789 κόλπου
489 1724 728 1801 ἐξαναστάντος
755 1719 868 1789 αὐτοῦ.
903 1719 963 1789 εἶτ’
988 1720 1262 1809 ἀπολογούμενος
1296 1721 1298 1732 '

255 1822 352 1890 Ἴωνα
369 1828 432 1907 ἔφη
448 1821 651 1907 α’νελόμενον
667 1825 704 1888 ἐν
717 1828 757 1907 ιη’
771 1828 894 1909 ταραχή
909 1826 1028 1889 δοῦναι
1043 1820 1158 1912 αύτῷ,
1175 1820 1262 1899 ὅπως
1296 1899 1298 1906 Ι

255 1919 298 2007 μή
321 1920 495 2003 άπόλοιτο,
520 1924 574 1990 καλ
596 1919 613 1989 δ
631 1920 711 1990 Ἴων
732 1925 956 2007 κηδεμονικῶς
976 1928 1065 2006 ἔλεγε
1080 1928 1187 1988 τοῦτο
1208 1948 1257 1988 πε
1296 1931 1298 1992 ἱ

255 2026 436 2108 ποιηκέναι.

338 2124 389 2188 47.
414 2118 481 2187 Ἐπὶ
498 2121 626 2197 τούτοις
643 2118 835 2205 διελύθητὸ
854 2119 1042 2204 συμπόσιον
1058 2127 1259 2205 τελευτῆσαι

254 2222 288 2287 ἐκ
311 2225 377 2285 τῶν
395 2222 551 2302 δακρύων
569 2213 671 2295 αύθις
693 2220 726 2295 ἐς
746 2220 870 2302 γέλωτα
892 2220 944 2286 ἐπί
964 2224 1009 2306 τῷ
1027 2215 1265 2302 Ἀλκιδάμαντι

186 2336 236 2387 450
254 2320 308 2385 καὶ
319 2318 567 2407 Διονυσοδώρῳ
583 2318 636 2384 καὶ
648 2316 746 2383 Ἴωνι,
771 2317 825 2384 καὶ
842 2319 877 2384 οἵ
889 2343 923 2383 τε
938 2324 1138 2401 τραυματίαι
1157 2320 1265 2401 φορά-

253 2422 316 2502 δην
326 2420 547 2502 ἐξεκομίζοντο
558 2417 712 2501 πονήρως
721 2422 859 2501 ἔχοντες,
871 2418 922 2481 καί
934 2416 1075 2500 μάλιστα
1085 2412 1103 2482 ὁ
1113 2418 1264 2502 πρεσβύ-

255 2544 310 2602 της
329 2512 345 2581 δ
361 2516 549 2602 Ζηνόθεμις
560 2512 763 2600 άμφοτέραις
773 2524 813 2603 τῇ
827 2517 888 2601 μὲν
902 2524 959 2603 τής
970 2515 1082 2602 ῥινός,
1096 2521 1140 2601 τῇ
1159 2518 1196 2582 δὲ
1210 2522 1266 2579 τοί·
1296 2563 1298 2602 3

254 2614 435 2699 ὀφθαλμοῦ
446 2616 697 2699 ἐπειλημμένος,
712 2621 804 2700 βοῶν
815 2612 1026 2682 ἀπόλλυσθαι
1038 2609 1097 2679 ὑπ’
1114 2610 1267 2698 άλγηδό-
1296 2621 1298 2651 ¹

254 2740 338 2792 νων,
358 2711 440 2780 ὥστε
453 2715 507 2779 καὶ
519 2710 738 2798 τὸνἝρμωνα
750 2721 867 2796 καίπερ
879 2716 915 2780 ἐν
926 2726 1038 2789 κακοῖς
1049 2710 1134 2777 ὄντα
1149 2756 1193 2763 -
1205 2713 1265 2777 δύο

252 2814 316 2900 γάρ
341 2810 478 2889 ὀδόντας
502 2814 693 2891 ἐξεκέκοπτο
718 2854 752 2863 -
778 2810 1083 2899 ἀντιμαρτύρεσθαι
1108 2816 1266 2897 λέγοντα.

255 2916 414 2996 Μέμνησο
437 2913 568 2996 μέντοι,
594 2903 619 2975 τό
639 2911 826 2996 Ζηνόθεμι,
851 2908 894 2988 ὦς
911 2907 972 2977 ούκ
989 2908 1189 2995 άδιάφορον
1205 2905 1268 2993 ἡγῇ

252 3010 311 3077 τόν
329 3013 450 3077 πόνον·
473 3011 527 3078 καλ
543 3007 560 3076 ὁ
577 3016 721 3094 νυμφίος
737 3010 771 3077 δὲ
787 3008 993 3096 ἀκεσαμένου
1004 3008 1040 3076 τό
1055 3017 1197 3095 τραῦμα
1209 3014 1270 3074 τοὺ

252 3115 415 3177 Διονίκου
436 3106 579 3194 άπήγετο
602 3111 634 3186 ἐς
654 3106 716 3194 τήν
740 3114 848 3176 οίκίαν
865 3114 1003 3186 ταινίαις
1023 3113 1270 3194 κατειλημένος
1296 3159 1298 3186 ,

252 3209 312 3293 τήν
324 3207 488 3291 κεφαλήν,
505 3209 556 3274 ἐπὶ
568 3206 604 3274 τό
618 3213 731 3291 ζεῦγος
742 3204 915 3285 ἀνατεθεὶς
927 3203 981 3291 ἐφ’
993 3196 1110 3290 ού·τήν
1122 3206 1270 3291 νύμφην

252 3304 391 3383 άπάξειν
409 3309 539 3388 ἔμελλε,
564 3304 705 3387 πικρούς
722 3303 740 3372 ὁ
757 3304 876 3383 άθλιος
896 3302 973 3383 τούς
991 3304 1123 3389 γάμους
1148 3306 1268 3386 ἑορτά-

252 3424 328 3479 σας
352 3403 486 3467 καὶτῶν
502 3401 613 3471 άλλων
625 3408 660 3471 δὲ
678 3402 866 3482 δΔιόνικος
882 3404 1067 3487 ἐπεμελεῖτο
1084 3402 1128 3489 δή
1151 3401 1194 3470 τὰ
1208 3407 1267 3471 δυ
1296 3437 1298 3478 ;

253 3499 352 3577 νατά,
377 3502 428 3564 καὶ
448 3502 714 3585 καθευδήσοντες
728 3501 896 3589 ἀπήγοντο
914 3505 1072 3586 ἐμοῦντες
1091 3506 1133 3569 οί
1148 3502 1266 3569 πολλοὶ
1296 3555 1298 3630 ἱ

1296 3645 1298 3676 l
