2625 4092
230 290 291 354 ιον
566 258 888 370 [Αυνιιικιιον]

227 459 284 537 τῆς
301 452 440 531 διῶξεως
452 450 656 536 Ἐριχθόνιος
675 461 829 536 γίγνεται.
858 457 908 522 28.
923 451 1026 538 ταύτῃ
1041 452 1155 517 ἕπεται
1171 476 1234 516 πα-

228 549 305 617 λαιά
319 575 368 626 τις
384 547 467 633 ἄλλη
482 551 613 635 γραφή·
638 548 759 633 Ὠρίων
775 554 869 634 φέρει
884 545 945 615 τόν
959 553 1159 634 Κηδαλίωνα
1175 572 1234 612 τυ-

229 644 313 730 φλός
328 646 392 732 ῶν,
407 644 425 712 ὁ
441 645 472 713 δ’
489 644 579 736 αύτῷ
591 654 744 731 σημαίνει
758 645 821 731 τήν
835 644 918 730 πρὸς
928 643 965 713 τό
980 653 1052 731 φῶς
1062 642 1144 711 ὁδὸν
1155 649 1234 710 έπο-

227 744 405 830 χούμενος,
434 751 484 812 29.
503 747 557 812 καὶ
579 743 724 822 ὁἭλιος
743 748 860 830 φανεὶς
876 750 964 812 ἰᾶται
985 743 1047 829 τήν
1069 744 1234 829 πήρωσιν,

226 839 689 927 καὶὺἨφαιστοςΛημνόθεν
700 845 873 909 ἐπισκοπεῖ
880 839 917 908 τδ
927 847 1034 926 ἔργον.
1050 846 1100 908 30.
1115 837 1234 907 Ὀδυσ-

227 935 305 1016 σεὺς
316 936 353 1005 τὺ
364 938 445 1024 μετὺ
457 947 554 1006 τούτο
567 944 673 1024 δήθεν
683 940 853 1025 μεμηνώς,
870 936 926 1006 ὅτε
937 937 1153 1019 σνστρατεύει
1165 951 1234 1014 τοῖς

222 1034 401 1117 Ἀτρείδαις
411 1033 455 1120 μή
470 1039 599 1103 θέλων·
615 1038 748 1120 πάρεισι
760 1036 796 1102 δὲ
807 1041 841 1103 οί
849 1041 1002 1122 πρέσβεις
1013 1033 1075 1118 ήδη
1088 1040 1233 1100 καλοῦν-

226 1159 287 1210 τες.
310 1134 363 1199 καὶ
376 1132 416 1198 τὰ
428 1133 491 1217 μὲν
504 1141 561 1218 τῆς
571 1131 778 1215 ὑποκρίσεως
787 1131 915 1200 πιθανά
932 1134 1057 1216 πάντα,
1075 1130 1095 1217 ή
1107 1129 1232 1218 ἀπήνη,

225 1227 262 1297 τό
283 1237 351 1296 τῶν
364 1227 618 1315 ὑπεζευγμένων
635 1229 860 1316 ἀσύμφωνον,
882 1229 1002 1316 ἀγνοια
1018 1236 1085 1297 τῶν
1102 1230 1231 1313 δρωμέ-

226 1354 313 1394 νων·
343 1329 505 1413 ἐλέγχεται
528 1330 565 1396 δὲ
586 1327 736 1418 όμωςτῷ
752 1334 885 1415 βρέφει·
912 1327 1116 1414 Παλαμήδης
1133 1323 1233 1414 γὰρὺ

225 1433 286 1493 τού
301 1432 480 1494 Ναυπλίου
499 1429 611 1505 συνεὶς
625 1425 662 1492 τὺ
678 1427 896 1511 γιγνόμενον,
920 1425 1072 1508 ἁρπάσας
1086 1423 1148 1492 τόν
1165 1431 1233 1508 Τη-

226 1525 368 1606 λέμαχον
383 1522 514 1590 ἀπειλεῖ
525 1524 687 1608 φονεύειν
702 1522 881 1606 πρόκωπον
896 1529 978 1608 ἔχων
994 1521 1030 1591 τό
1049 1530 1158 1608 ξίφος,
1178 1523 1233 1588 καὶ

226 1618 310 1701 πρὸς
319 1617 381 1704 τήν
390 1626 448 1704 τῆς
460 1627 578 1703 μανίας
590 1620 769 1706 ὑπόκρισιν
781 1618 888 1706 ὀργήν
898 1622 954 1688 καὶ
965 1613 1063 1698 οὗτος
1073 1616 1233 1688 ἀνθυπο-

225 1722 380 1798 κρίνεται.
413 1713 429 1782 ὑ
454 1718 490 1783 δὲ
510 1714 688 1795 Ὀδυσσεύς
707 1717 793 1800 πρὸς
811 1715 871 1785 τὸν
890 1717 1000 1804 φόβον
1024 1723 1144 1784 τοῦτον
1163 1736 1233 1782 σω-

224 1828 347 1898 φρονεῖ
369 1816 424 1882 καί
454 1812 561 1900 πατήρ
593 1821 740 1900 γίγνεται
766 1817 820 1883 καὶ
848 1816 921 1883 λύει
946 1814 1007 1900 τήν
1038 1811 1229 1897 ὑπόκρισιν.

156 1928 205 1984 207
226 1918 277 1979 31.
294 1910 417 1995 ὑστάτη
433 1914 468 1977 δὲ
481 1910 502 1997 ή
513 1913 646 1998 Μήδεια
661 1916 843 1998 γέγραπται
856 1921 901 2002 τῷ
917 1912 1001 2003 ζήλφ
1017 1912 1170 1996 διακαής,
1185 1907 1231 1977 τῶ

225 2013 320 2075 παῖδε
341 2005 576 2095 ὑποβλέπουσα
592 2017 650 2078 καί
669 2039 699 2077 τι
721 2009 832 2078 δεινόν
849 2013 1029 2078 ἐννοοῦσα·
1059 2014 1122 2094 ἔχει
1143 2015 1231 2092 γοῦν

223 2105 286 2191 ήδη
298 2103 335 2170 τό
347 2108 457 2190 ξίφος,
472 2104 563 2172 τῶδ’
577 2105 685 2174 ἀθλίω
697 2113 875 2192 καθῆσθον
889 2115 1032 2192 γελῶντε
1045 2105 1150 2191 μηδὲν
1160 2112 1231 2170 τῶν

223 2201 416 2287 μελλόντων
435 2205 556 2290 εἰδότε,
582 2207 638 2271 καὶ
658 2213 760 2270 ταύτα
782 2201 907 2288 ὁρῶντε
924 2203 961 2272 τὸ
985 2209 1079 2289 ξίφος
1097 2207 1134 2268 ἐν
1153 2217 1230 2268 ταῖν

223 2313 343 2384 χεροῖν.
366 2306 418 2368 32.
433 2309 536 2369 ταῦτα
552 2303 678 2387 πάντα,
695 2294 722 2369 ῶ
737 2301 857 2383 ἀνδρες
870 2307 1036 2386 δικασταί,
1053 2298 1113 2386 οὐχ
1128 2298 1230 2381 ὁρᾶτε
1307 2301 1308 2324 ³

223 2398 313 2476 ὅπως
327 2397 447 2483 ἀπάγει
462 2400 524 2483 μὲν
537 2398 598 2467 τόν
617 2398 784 2486 ἀκροατήν
798 2405 853 2471 καὶ
867 2401 950 2486 πρὸς
963 2402 1023 2488 τήν
1038 2405 1125 2469 θέαν
1143 2398 1226 2466 ἀπο-
1306 2479 1307 2486 ³

223 2501 372 2581 στρέφει,
396 2499 504 2582 μόνον
526 2501 561 2565 δὲ
580 2506 767 2566 καταλείπει
789 2498 849 2568 τὸν
870 2506 1024 2586 λέγοντας
1045 2501 1100 2568 καὶ
1121 2505 1228 2584 ἔγωγε
1306 2503 1307 2508 ’

223 2601 400 2681 διεξῆλθον
415 2594 517 2681 αύτά,
540 2595 602 2682 οὑχ
622 2601 678 2664 ἵνα
695 2597 754 2665 τὸν
770 2596 942 2666 ἀντίδικον
957 2596 1126 2685 τολμηρόν
1140 2595 1228 2665 ὑπο·

222 2694 380 2780 λαβόντες
400 2695 455 2762 καὶ
476 2694 629 2777 θρασύν,
661 2701 690 2762 εί
709 2711 776 2775 τοῖς
796 2695 884 2765 οὑτω
906 2695 1082 2774 δυσκόλοις
1103 2693 1228 2764 ἑαυτόν

144 2825 154 2839 ²
223 2792 308 2861 ἕκῶν
330 2798 443 2876 φέρων
464 2797 618 2880 ἐπέβαλε,
642 2802 830 2880 καταγνῶτε
852 2797 906 2862 καὶ
926 2794 1083 2881 μισήσητε
1101 2797 1157 2862 καὶ
1176 2797 1227 2862 ἐπὶ

221 2899 288 2958 τῶν
299 2892 409 2976 λόγων
421 2895 666 2978 ἐγκαταλίπητε,
679 2891 752 2960 ἀλλ’
764 2897 821 2960 ἵνα
832 2901 959 2979 μᾶλλον
968 2893 1058 2986 αὐτῷ
1068 2915 1226 2979 συναγω-

222 2998 362 3073 νίσησθε
377 2992 431 3055 καλ
448 2988 492 3068 ὡς
506 2987 579 3058 οἷόν
594 3018 627 3059 τε
649 2993 873 3077 καταμύοντες
886 2989 1029 3079 ἀκούητε
1045 3001 1113 3062 τῶν
1129 3003 1222 3078 λεγο

220 3089 331 3171 με’νων
348 3086 551 3170 λογιζόμενοι
569 3095 629 3155 τού
646 3089 836 3174 πράγματος
850 3090 911 3176 τήν
929 3095 1139 3177 δυσχέρειαν·
1161 3092 1227 3176 μό-

220 3192 270 3260 λις
285 3182 349 3267 γὰρ
367 3181 410 3250 ἀν
428 3183 514 3251 οὑτω
533 3190 695 3271 δυνηθείη
712 3185 752 3253 ού
770 3194 952 3275 δικασταῖς,
970 3186 1053 3256 ἀλλά
1068 3213 1226 3276 συναγω-

220 3296 344 3358 νισταῖς
358 3279 438 3366 ὑμῖν
451 3283 656 3368 χρησόμενος
668 3283 712 3370 μή
724 3287 936 3354 παντάπασιν
948 3286 1082 3367 ἀνάξιος
1095 3295 1153 3374 τῆς
1162 3295 1226 3355 τού

219 3391 316 3449 οίκον
341 3390 552 3461 πολυτελείας
572 3391 784 3469 νομισθῆναι.
819 3391 850 3453 εἰ
875 3386 910 3452 δὲ
938 3384 1022 3470 ὑπὲρ
1050 3384 1227 3454 ἀντιδίκου

219 3487 322 3549 ταῦτα
344 3481 474 3566 δέομαι,
498 3479 541 3567 μή
555 3481 768 3567 θαυμάσητε·
796 3480 859 3549 ὑπὸ
883 3481 947 3567 γάρ
965 3492 1027 3552 τού
1048 3481 1107 3551 τόν
1129 3483 1226 3552 οἶκον
