2625 4092
217 277 259 340 44
570 285 874 346 AOYKIANOY

216 447 271 510 καὶ
293 438 312 509 ὁ
331 444 471 529 Νέστωρ
493 442 654 532 ὁσημέραι
676 451 922 516 συνεδείπνουν
942 455 988 539 τῷ
1011 458 1156 537 βασιλεῖ,
1183 447 1229 531 ῶς

215 537 316 620 αὐτός
330 567 424 627 φημι.
458 545 598 625 Νέστωρ
614 544 651 610 δὲ
671 544 854 627 παράσιτός
867 571 926 633 μοι
941 553 1036 616 δοκεῖ
1046 557 1114 616 τῶν
1128 556 1228 635 βασι-

216 639 302 708 λέων
318 642 459 725 μάλιστα
470 647 617 727 τεχνίτης
631 644 687 708 καὶ
700 639 831 727 ἀγαθός
847 647 1022 729 γενέσθαι·
1044 643 1161 731 οὐγὰρ
1174 648 1227 714 ἐπὶ

215 743 276 808 τοῦ
299 737 542 825 Ἀγαμέμνονος
562 738 730 824 ἄρξασθαι
749 747 808 827 τῆς
828 747 960 828 τέχνης,
985 741 1068 812 ἀλλά
1089 744 1231 826 ἄνωθεν

215 836 268 903 ἐπὶ
283 840 434 916 Καινέως
449 839 504 905 καὶ
522 835 687 918 Ἐξαδίου·
716 843 813 906 δοκεῖ
824 841 861 908 δὲ
874 838 953 909 οὐδὲ
972 837 1016 907 ῶν
1030 843 1230 909 παύσασθαι

216 943 425 1022 παρασιτῶν,
441 943 472 1005 εί
483 934 528 1024 μη
543 934 560 1003 ὁ
575 935 791 1024 Ἀγαμέμνων
802 936 986 1008 ἀπέθανεν.

304 1041 398 1103 m.
423 1032 547 1102 Οὑτοσὶ
567 1037 630 1121 μὲν
649 1051 804 1122 γενναῖος
823 1034 841 1106 ὁ
861 1037 1051 1123 παράσιτος.
1075 1044 1105 1107 εί
1119 1038 1156 1106 δὲ
1171 1040 1230 1106 καλ

215 1129 339 1209 ἄλλους
352 1130 447 1210 τινὰς
464 1131 581 1216 οἶσθα,
599 1139 704 1215 πειρῶ
717 1133 838 1218 λέγειν.
1147 1212 1149 1217 Ι

144 1240 195 1298 871
301 1235 351 1300 46.
368 1237 469 1299 ΠΛΡ.
496 1239 537 1299 Τί
549 1225 630 1312 οὖν,
649 1223 677 1298 ολ
694 1231 860 1318 Τυχιάδη,
875 1228 948 1318 οὐχί
963 1236 1017 1300 καὶ
1033 1231 1231 1316 Πάτροκλος

215 1336 276 1395 τοῦ
288 1326 458 1414 Ἀχιλλέως
470 1327 651 1412 παράσιτος
662 1322 723 1416 ἦν,
740 1335 794 1398 καί
807 1339 912 1399 ταῦτα
926 1329 1066 1409 οὐδενός
1083 1338 1151 1398 τῶν
1165 1329 1227 1398 ίίλ-

215 1433 285 1494 λων
297 1424 466 1512 Ἐλλήνων
477 1427 685 1512 φαυλότερος
693 1425 772 1496 ον”τε
782 1427 844 1515 την
858 1429 970 1516 ψυχὴν
983 1428 1061 1496 οὕτε
1076 1425 1113 1496 τό
1131 1435 1229 1514 σῶμα

215 1531 349 1602 νεανίας
364 1523 429 1606 σόος
446 1521 510 1609 έγῶ
526 1522 590 1610 γίιρ
605 1521 682 1592 οὐδ’
695 1523 801 1594 αὐτοῦ
814 1553 872 1613 μοι
883 1531 972 1595 δοκῶ
981 1535 1043 1594 τοῦ
1054 1523 1226 1612 Ἀχιλλέως

215 1629 452 1709 τεκμαίρεσθαι
467 1636 535 1700 τοῖς
549 1628 660 1708 ἔργοις
674 1621 781 1691 αὐτοῦ
794 1630 893 1710 χείρω
907 1621 1007 1692 εἶναι·
1035 1624 1096 1691 τόν
1108 1649 1143 1691 τε
1160 1621 1231 1708 γὰρ

217 1719 357 1805 Ἕκτορα
373 1719 517 1808 ῥήξαντα
537 1721 595 1798 τίιρ
610 1721 718 1798 πύλας
732 1723 787 1788 καί
808 1719 898 1804 παρὰ
918 1737 989 1800 ταῖς
1008 1725 1131 1789 ναυσὶν
1148 1731 1233 1790 είσω

214 1819 405 1908 μαχόμενον
422 1811 521 1898 οὗτος
535 1821 652 1900 ἐξέωσε
668 1821 723 1886 καλ
735 1817 798 1904 τὴν
806 1820 1045 1902 Πρωτεσιλάου
1058 1827 1147 1886 ναῦν
1161 1817 1231 1906 ἤδη

214 1921 399 2002 ναιομένην
412 1921 543 2004 ἔσβεσε,
561 1924 669 1986 καίτοι
682 1917 886 2006 ἐπεβάτευον
899 1916 1002 2005 αὐτῆς
1017 1915 1078 2004 οὐχ
1088 1922 1124 1985 οί
1133 1943 1229 2003 φαν-

215 2017 362 2098 λότατοι,
386 2011 460 2082 ἀλλ’
484 2019 517 2082 οί
531 2023 591 2083 τοῦ
613 2022 810 2100 Τελαμῶνος
823 2025 909 2094 Αίας
928 2043 964 2084 τε
986 2018 1041 2084 ιιαλ
1066 2023 1229 2099 Τεῦκρος,

215 2111 312 2201 ὁμὲν
332 2109 467 2197 ὁπλίτης
482 2111 627 2198 ἀγαθός,
651 2110 670 2180 ό
692 2113 729 2183 δὲ
747 2112 891 2200 τοξότης.
923 2117 978 2183 καί
992 2109 1140 2190 πολλοὺς
1164 2114 1231 2199 μὲν

214 2210 388 2278 ἀπέκτεινε
405 2217 474 2276 τῶν
488 2211 686 2298 βαρβάρων,
711 2213 748 2278 ἐν
764 2214 800 2279 δὲ
815 2210 855 2299 δη
870 2213 1001 2291 τούτοις
1014 2215 1070 2280 καί
1084 2219 1231 2297 Σαρπη-

215 2310 299 2377 δόνα
311 2306 371 2376 τόν
383 2314 483 2377 παῖδα
494 2317 555 2378 τοῦ
566 2309 660 2393 Διός,
672 2308 690 2378 ὁ
703 2311 883 2394 παράσιτος
893 2319 955 2379 τοῦ
968 2309 1146 2398 Ἀχιλλέως.
1170 2313 1229 2378 καί

215 2405 367 2476 ἀπέθανε
390 2408 426 2477 δέ
449 2406 521 2494 οὐχί
541 2423 609 2486 τοῖς
630 2407 744 2488 ἄλλοις
768 2409 907 2497 ὁμοίως,
933 2408 1008 2480 ἄλλ’
1030 2407 1136 2479 αὐτὸν
1162 2413 1228 2496 μὲν

214 2506 356 2590 Ῥαιτορα
370 2503 536 2594 Ἀχιλλείις
550 2505 760 2595 ἀπέκτεινεν,
778 2507 824 2588 εἷς
838 2513 914 2596 ἕνα,
930 2510 986 2578 καί
999 2506 1105 2577 αὐτόν
1117 2505 1228 2594 Ἀχιλ-

214 2610 273 2675 λέα
292 2606 417 2693 Πάρις,
442 2605 501 2675 τόν
516 2608 552 2676 δὲ
573 2607 759 2693 παράσιτον
776 2606 858 2688 θεός
874 2611 929 2677 καί
949 2611 1012 2678 δύο
1034 2607 1227 2695 ἄνθρωποι.

216 2707 270 2774 καὶ
285 2714 450 2774 τελευτῶν
465 2708 501 2775 δὲ
519 2705 635 2793 φωνὰς
649 2704 779 2794 ἀφῆκεν
792 2705 855 2794 οὐχ
869 2711 941 2787 σίας
955 2705 973 2776 ὁ
989 2707 1229 2795 γενναιότατος

215 2801 342 2888 Ἕκτωρ
357 2807 411 2872 καὶ
425 2813 644 2888 προσπίπτων
658 2805 718 2873 τόν
729 2805 875 2893 Ἀχιλλέα
892 2809 947 2875 καὶ
962 2806 1122 2878 ίπετεύων
1134 2803 1229 2884 ὅπως

215 2899 370 2987 ὁνειιρός
385 2900 491 2970 αὐτοῦ
510 2917 578 2983 τοῖς
595 2911 729 2983 οίιιείοις
748 2903 920 2993 ἀποδοθῇ,
946 2903 1022 2974 ἀλλ’
1044 2907 1118 2982 οἵας
1137 2902 1230 2983 είιιός

216 2999 351 3086 ἀφεῖναι
367 3003 562 3084 παράσιτον.
585 3012 677 3083 τίνας
692 3001 733 3091 δη
748 3005 887 3084 ταότας;

258 3107 403 3168 τοιοῦτοι
418 3099 450 3168 δ’
468 3110 560 3186 εἰπερ
575 3129 631 3188 μοι
646 3108 789 3172 ἐείκοσιν
805 3099 1045 3189 ἀντεβόλησαν,
1158 3192 1161 3199 ¹

145 3211 199 3272 872
259 3200 381 3281 πάντες
395 3197 428 3270 α’
447 3199 568 3271 αὐτόθ’
585 3201 703 3272 ὄλοντο
718 3205 786 3292 ἐμῷ
800 3199 867 3270 ὑπὸ
883 3203 980 3287 δουρὶ
993 3207 1163 3288 δαμέντες.

307 3302 357 3369 47.
393 3306 490 3370 m.
527 3307 638 3371 Ταῦτα
658 3302 721 3387 μὲν
744 3304 876 3378 ίιιανῶς.
913 3297 964 3368 ότι
987 3301 1023 3369 δὲ
1048 3299 1096 3388 μὴ
1117 3311 1229 3388 φίλος,

216 3395 301 3466 ἀλλὰ
321 3398 501 3482 παράσιτος
521 3393 597 3486 ἦνὸ
616 3398 810 3482 Πάτροκλος
827 3405 888 3466 τοῦ
903 3396 1092 3484 Ἀχιλλέως,
1121 3407 1229 3481 πειρῶ

215 3500 336 3580 λέγειν,
