<?xml version="1.0" encoding="UTF-8"?>
<!DOCTYPE html PUBLIC "-//W3C//DTD XHTML 1.0 Transitional//EN"
    "http://www.w3.org/TR/xhtml1/DTD/xhtml1-transitional.dtd">
<html xmlns="http://www.w3.org/1999/xhtml" xml:lang="en" lang="en">
 <head>
  <title>
</title>
<meta http-equiv="Content-Type" content="text/html;charset=utf-8" />
  <meta name='ocr-system' content='tesseract 3.04.00' />
  <meta name='ocr-capabilities' content='ocr_page ocr_carea ocr_par ocr_line ocrx_word'/>
</head>
<body>
  <div class='ocr_page' id='page_1' title='image "./lucianisamosate04jacogoog/lucianisamosate04jacogoog_0063.png"; bbox 0 0 2625 4092; ppageno 0'>
   <div class='ocr_carea' id='block_1_1' title="bbox 290 301 1097 366">
    <p class='ocr_par' dir='ltr' id='par_1_1' title="bbox 290 301 1097 366">
     <span class='ocr_line' id='line_1_1' title="bbox 290 301 1097 366; baseline -0.001 -1"><span class='ocrx_word' id='word_1_1' title='bbox 290 308 376 365; x_wconf 82' lang='grc' dir='ltr'><strong><em>ΔΙΣ</em></strong></span> <span class='ocrx_word' id='word_1_2' title='bbox 394 304 891 366; x_wconf 76' lang='grc' dir='ltr'><em>ΚΑΤΗΓΟΡΟΤΜΕΝΟΣ.</em></span> <span class='ocrx_word' id='word_1_3' title='bbox 1056 301 1097 365; x_wconf 73' lang='lat'><strong><em>21</em></strong></span> 
     </span>
    </p>
   </div>
   <div class='ocr_carea' id='block_1_2' title="bbox 82 464 1176 3627">
    <p class='ocr_par' dir='ltr' id='par_1_2' title="bbox 83 464 1127 1837">
     <span class='ocr_line' id='line_1_2' title="bbox 83 464 1098 552; baseline -0.004 -16"><span class='ocrx_word' id='word_1_4' title='bbox 83 473 214 536; x_wconf 75' lang='grc' dir='ltr'><strong><em>καινῶν</em></strong></span> <span class='ocrx_word' id='word_1_5' title='bbox 229 467 264 534; x_wconf 76' lang='grc' dir='ltr'><strong><em>δέ</em></strong></span> <span class='ocrx_word' id='word_1_6' title='bbox 281 464 412 552; x_wconf 83' lang='grc' dir='ltr'><strong><em>ἀρέχθη</em></strong></span> <span class='ocrx_word' id='word_1_7' title='bbox 424 464 644 551; x_wconf 71' lang='grc' dir='ltr'><em>πραγμάτων,</em></span> <span class='ocrx_word' id='word_1_8' title='bbox 661 469 829 534; x_wconf 76' lang='grc' dir='ltr'><strong><em>καὶταῦτα</em></strong></span> <span class='ocrx_word' id='word_1_9' title='bbox 844 477 909 534; x_wconf 81' lang='grc' dir='ltr'><strong><em>νῦν</em></strong></span> <span class='ocrx_word' id='word_1_10' title='bbox 924 467 1024 534; x_wconf 85' lang='grc' dir='ltr'><strong><em>ὁπότε</em></strong></span> <span class='ocrx_word' id='word_1_11' title='bbox 1034 465 1098 551; x_wconf 87' lang='grc' dir='ltr'><strong><em>μό-</em></strong></span> 
     </span>
     <span class='ocr_line' id='line_1_3' title="bbox 85 563 1127 651; baseline 0 -21"><span class='ocrx_word' id='word_1_12' title='bbox 85 591 150 650; x_wconf 85' lang='grc' dir='ltr'><strong><em>νην</em></strong></span> <span class='ocrx_word' id='word_1_13' title='bbox 164 564 220 650; x_wconf 78' lang='grc' dir='ltr'><strong><em>ἐμὲ</em></strong></span> <span class='ocrx_word' id='word_1_14' title='bbox 232 564 445 649; x_wconf 83' lang='grc' dir='ltr'><strong><em>θαυμάζουσι</em></strong></span> <span class='ocrx_word' id='word_1_15' title='bbox 462 565 516 630; x_wconf 83' lang='grc' dir='ltr'><strong><em>καὶ</em></strong></span> <span class='ocrx_word' id='word_1_16' title='bbox 532 565 775 649; x_wconf 80' lang='grc' dir='ltr'><strong><em>ἐπιγράφονται</em></strong></span> <span class='ocrx_word' id='word_1_17' title='bbox 790 563 933 644; x_wconf 83' lang='grc' dir='ltr'><strong><em>ἅπαντες</em></strong></span> <span class='ocrx_word' id='word_1_18' title='bbox 951 564 1099 651; x_wconf 87' lang='grc' dir='ltr'><strong><em>προστά-</em></strong></span> <span class='ocrx_word' id='word_1_19' title='bbox 1121 628 1127 640; x_wconf 79' lang='grc'><strong><em>,</em></strong></span> 
     </span>
     <span class='ocr_line' id='line_1_4' title="bbox 84 660 1098 750; baseline -0.002 -19"><span class='ocrx_word' id='word_1_20' title='bbox 84 691 137 731; x_wconf 90' lang='grc' dir='ltr'><strong><em>τιν</em></strong></span> <span class='ocrx_word' id='word_1_21' title='bbox 153 664 298 744; x_wconf 68' lang='grc' dir='ltr'><strong><em>έαυτῶνς</em></strong></span> <span class='ocrx_word' id='word_1_22' title='bbox 322 660 393 731; x_wconf 85' lang='grc' dir='ltr'><strong><em>ἀλλ’</em></strong></span> <span class='ocrx_word' id='word_1_23' title='bbox 408 661 472 747; x_wconf 75' lang='grc' dir='ltr'><strong><em>ἐγώ</em></strong></span> <span class='ocrx_word' id='word_1_24' title='bbox 487 662 549 748; x_wconf 74' lang='grc' dir='ltr'><strong><em>μὲν</em></strong></span> <span class='ocrx_word' id='word_1_25' title='bbox 565 660 692 747; x_wconf 79' lang='grc' dir='ltr'><em>ἀντέχω</em></span> <span class='ocrx_word' id='word_1_26' title='bbox 703 664 874 730; x_wconf 77' lang='grc' dir='ltr'><strong>τοσούτων</strong></span> <span class='ocrx_word' id='word_1_27' title='bbox 888 663 1098 750; x_wconf 88' lang='grc' dir='ltr'><strong><em>μνηστευόν-</em></strong></span> 
     </span>
     <span class='ocr_line' id='line_1_5' title="bbox 87 759 1098 848; baseline 0 -19"><span class='ocrx_word' id='word_1_28' title='bbox 87 788 153 830; x_wconf 86' lang='grc' dir='ltr'><strong><em>των</em></strong></span> <span class='ocrx_word' id='word_1_29' title='bbox 172 766 227 830; x_wconf 87' lang='grc' dir='ltr'><strong><em>καὶ</em></strong></span> <span class='ocrx_word' id='word_1_30' title='bbox 248 762 433 830; x_wconf 76' lang='grc' dir='ltr'><strong><em>κόπτουσιν</em></strong></span> <span class='ocrx_word' id='word_1_31' title='bbox 449 759 562 840; x_wconf 79' lang='grc' dir='ltr'><strong><em>αὐτοῖς</em></strong></span> <span class='ocrx_word' id='word_1_32' title='bbox 576 759 638 846; x_wconf 80' lang='grc' dir='ltr'><strong><em>την</em></strong></span> <span class='ocrx_word' id='word_1_33' title='bbox 653 762 769 842; x_wconf 81' lang='grc' dir='ltr'><strong><em>θύραν</em></strong></span> <span class='ocrx_word' id='word_1_34' title='bbox 786 764 840 829; x_wconf 84' lang='grc' dir='ltr'><strong><em>καὶ</em></strong></span> <span class='ocrx_word' id='word_1_35' title='bbox 860 761 1009 848; x_wconf 80' lang='grc' dir='ltr'><strong><em>τοῦνομα</em></strong></span> <span class='ocrx_word' id='word_1_36' title='bbox 1024 765 1098 830; x_wconf 86' lang='grc' dir='ltr'><strong><em>ἐπι-</em></strong></span> 
     </span>
     <span class='ocr_line' id='line_1_6' title="bbox 86 858 1098 951; baseline -0.001 -22"><span class='ocrx_word' id='word_1_37' title='bbox 86 865 269 948; x_wconf 81' lang='grc' dir='ltr'><strong><em>βοωμένοις</em></strong></span> <span class='ocrx_word' id='word_1_38' title='bbox 278 863 405 951; x_wconf 87' lang='grc' dir='ltr'><strong><em>μεγάλη</em></strong></span> <span class='ocrx_word' id='word_1_39' title='bbox 416 869 455 950; x_wconf 76' lang='grc' dir='ltr'><strong><em>τῇ</em></strong></span> <span class='ocrx_word' id='word_1_40' title='bbox 465 869 564 950; x_wconf 77' lang='grc' dir='ltr'><strong><em>φωνῇ</em></strong></span> <span class='ocrx_word' id='word_1_41' title='bbox 573 860 651 928; x_wconf 80' lang='grc' dir='ltr'><strong><em>οὔτε</em></strong></span> <span class='ocrx_word' id='word_1_42' title='bbox 665 859 901 945; x_wconf 83' lang='grc' dir='ltr'><strong><em>άνοίγεινοότε</em></strong></span> <span class='ocrx_word' id='word_1_43' title='bbox 911 858 1098 931; x_wconf 80' lang='grc' dir='ltr'><strong><em>ὑπακούειν</em></strong></span> 
     </span>
     <span class='ocr_line' id='line_1_7' title="bbox 85 958 1098 1049; baseline 0.003 -25"><span class='ocrx_word' id='word_1_44' title='bbox 85 961 267 1049; x_wconf 82' lang='grc' dir='ltr'><strong><em>βούλομαι·</em></strong></span> <span class='ocrx_word' id='word_1_45' title='bbox 297 959 365 1043; x_wconf 77' lang='grc' dir='ltr'><strong><em>ὁρο</em></strong></span> <span class='ocrx_word' id='word_1_46' title='bbox 380 959 445 1048; x_wconf 89' lang='grc' dir='ltr'><strong><em>γάρ</em></strong></span> <span class='ocrx_word' id='word_1_47' title='bbox 462 959 586 1039; x_wconf 80' lang='grc' dir='ltr'><strong><em>αὐτούς</em></strong></span> <span class='ocrx_word' id='word_1_48' title='bbox 601 958 702 1027; x_wconf 77' lang='grc' dir='ltr'><strong><em>οὐδὲν</em></strong></span> <span class='ocrx_word' id='word_1_49' title='bbox 718 963 820 1029; x_wconf 91' lang='grc' dir='ltr'><strong><em>πλέον</em></strong></span> <span class='ocrx_word' id='word_1_50' title='bbox 835 969 892 1046; x_wconf 82' lang='grc' dir='ltr'><strong><em>της</em></strong></span> <span class='ocrx_word' id='word_1_51' title='bbox 904 968 985 1048; x_wconf 79' lang='grc' dir='ltr'><strong><em>βοῆς</em></strong></span> <span class='ocrx_word' id='word_1_52' title='bbox 1000 967 1098 1046; x_wconf 87' lang='grc' dir='ltr'><strong><em>κομί-</em></strong></span> 
     </span>
     <span class='ocr_line' id='line_1_8' title="bbox 86 1053 1096 1143; baseline 0 -19"><span class='ocrx_word' id='word_1_53' title='bbox 86 1064 209 1138; x_wconf 85' lang='grc' dir='ltr'><strong><em>ζοντας.</em></strong></span> <span class='ocrx_word' id='word_1_54' title='bbox 233 1053 331 1138; x_wconf 84' lang='grc' dir='ltr'><strong><em>οὗτος</em></strong></span> <span class='ocrx_word' id='word_1_55' title='bbox 343 1060 378 1127; x_wconf 77' lang='grc' dir='ltr'><strong><em>δὲ</em></strong></span> <span class='ocrx_word' id='word_1_56' title='bbox 390 1058 465 1126; x_wconf 81' lang='grc' dir='ltr'><strong><em>οὐδ’</em></strong></span> <span class='ocrx_word' id='word_1_57' title='bbox 479 1057 586 1136; x_wconf 74' lang='grc' dir='ltr'><strong><em>οὕτως</em></strong></span> <span class='ocrx_word' id='word_1_58' title='bbox 597 1061 827 1143; x_wconf 83' lang='grc' dir='ltr'><strong><em>ἐπιστρέφεται</em></strong></span> <span class='ocrx_word' id='word_1_59' title='bbox 838 1058 922 1140; x_wconf 88' lang='grc' dir='ltr'><strong><em>πρός</em></strong></span> <span class='ocrx_word' id='word_1_60' title='bbox 933 1061 998 1143; x_wconf 84' lang='grc' dir='ltr'><strong><em>ἐμέ,</em></strong></span> <span class='ocrx_word' id='word_1_61' title='bbox 1011 1055 1096 1125; x_wconf 82' lang='grc' dir='ltr'><strong><em>ἀλλά</em></strong></span> 
     </span>
     <span class='ocr_line' id='line_1_9' title="bbox 85 1149 1094 1245; baseline 0.001 -23"><span class='ocrx_word' id='word_1_62' title='bbox 85 1156 168 1242; x_wconf 86' lang='grc' dir='ltr'><strong><em>πρὸς</em></strong></span> <span class='ocrx_word' id='word_1_63' title='bbox 188 1158 250 1225; x_wconf 88' lang='grc' dir='ltr'><strong><em>τόν</em></strong></span> <span class='ocrx_word' id='word_1_64' title='bbox 271 1159 441 1244; x_wconf 75' lang='grc' dir='ltr'><strong><em>ἐρώμενον</em></strong></span> <span class='ocrx_word' id='word_1_65' title='bbox 461 1160 592 1245; x_wconf 89' lang='grc' dir='ltr'><strong><em>βλέπει,</em></strong></span> <span class='ocrx_word' id='word_1_66' title='bbox 617 1164 665 1238; x_wconf 91' lang='grc' dir='ltr'><strong><em>τί,</em></strong></span> <span class='ocrx_word' id='word_1_67' title='bbox 687 1149 714 1223; x_wconf 76' lang='grc' dir='ltr'><em>ὦ</em></span> <span class='ocrx_word' id='word_1_68' title='bbox 733 1164 824 1239; x_wconf 87' lang='grc' dir='ltr'><strong><em>θεοί,</em></strong></span> <span class='ocrx_word' id='word_1_69' title='bbox 847 1156 992 1243; x_wconf 82' lang='grc' dir='ltr'><strong><em>χρηστόν</em></strong></span> <span class='ocrx_word' id='word_1_70' title='bbox 1013 1153 1094 1240; x_wconf 87' lang='grc' dir='ltr'><strong><em>παρ’</em></strong></span> 
     </span>
     <span class='ocr_line' id='line_1_10' title="bbox 84 1253 1096 1344; baseline 0.002 -23"><span class='ocrx_word' id='word_1_71' title='bbox 84 1254 191 1324; x_wconf 83' lang='grc' dir='ltr'><strong><em>αὐτοῦ</em></strong></span> <span class='ocrx_word' id='word_1_72' title='bbox 212 1257 378 1344; x_wconf 76' lang='grc' dir='ltr'><strong><em>λήψεσθαι</em></strong></span> <span class='ocrx_word' id='word_1_73' title='bbox 400 1261 614 1342; x_wconf 78' lang='grc' dir='ltr'><strong><em>προσδοκῶν,</em></strong></span> <span class='ocrx_word' id='word_1_74' title='bbox 637 1253 678 1322; x_wconf 84' lang='grc' dir='ltr'><strong><em>ὃν</em></strong></span> <span class='ocrx_word' id='word_1_75' title='bbox 695 1253 763 1322; x_wconf 79' lang='grc' dir='ltr'><strong><em>οἶδε</em></strong></span> <span class='ocrx_word' id='word_1_76' title='bbox 780 1263 841 1322; x_wconf 84' lang='grc' dir='ltr'><strong><em>τοῦ</em></strong></span> <span class='ocrx_word' id='word_1_77' title='bbox 858 1263 1020 1344; x_wconf 81' lang='grc' dir='ltr'><strong><em>τρίβωνος</em></strong></span> <span class='ocrx_word' id='word_1_78' title='bbox 1035 1253 1096 1323; x_wconf 83' lang='grc' dir='ltr'><strong><em>οὐ-</em></strong></span> 
     </span>
     <span class='ocr_line' id='line_1_11' title="bbox 84 1347 1095 1441; baseline 0 -19"><span class='ocrx_word' id='word_1_79' title='bbox 84 1357 143 1422; x_wconf 80' lang='grc' dir='ltr'><strong><em>δὲν</em></strong></span> <span class='ocrx_word' id='word_1_80' title='bbox 159 1357 262 1424; x_wconf 88' lang='grc' dir='ltr'><strong><em>πλέον</em></strong></span> <span class='ocrx_word' id='word_1_81' title='bbox 274 1361 406 1441; x_wconf 79' lang='grc' dir='ltr'><strong><em>ἔχοντας</em></strong></span> <span class='ocrx_word' id='word_1_82' title='bbox 430 1365 560 1440; x_wconf 71' lang='grc' dir='ltr'><strong><em>εἴρηκα,</em></strong></span> <span class='ocrx_word' id='word_1_83' title='bbox 581 1347 743 1435; x_wconf 79' lang='grc' dir='ltr'><strong><em>άάνδρες</em></strong></span> <span class='ocrx_word' id='word_1_84' title='bbox 758 1359 924 1433; x_wconf 89' lang='grc' dir='ltr'><strong><em>δικασταί,</em></strong></span> <span class='ocrx_word' id='word_1_85' title='bbox 942 1353 1037 1439; x_wconf 87' lang='grc' dir='ltr'><strong><em>ὑμεῖς</em></strong></span> <span class='ocrx_word' id='word_1_86' title='bbox 1048 1355 1095 1437; x_wconf 90' lang='grc' dir='ltr'><strong><em>δέ,</em></strong></span> 
     </span>
     <span class='ocr_line' id='line_1_12' title="bbox 84 1448 1095 1542; baseline 0.002 -24"><span class='ocrx_word' id='word_1_87' title='bbox 84 1448 128 1538; x_wconf 76' lang='grc' dir='ltr'><strong><em>ἣν</em></strong></span> <span class='ocrx_word' id='word_1_88' title='bbox 148 1454 181 1530; x_wconf 82' lang='grc' dir='ltr'><strong><em>ές</em></strong></span> <span class='ocrx_word' id='word_1_89' title='bbox 196 1450 257 1520; x_wconf 88' lang='grc' dir='ltr'><strong><em>τόν</em></strong></span> <span class='ocrx_word' id='word_1_90' title='bbox 277 1451 357 1538; x_wconf 87' lang='grc' dir='ltr'><strong><em>έμόν</em></strong></span> <span class='ocrx_word' id='word_1_91' title='bbox 378 1455 505 1536; x_wconf 88' lang='grc' dir='ltr'><strong><em>τρόπον</em></strong></span> <span class='ocrx_word' id='word_1_92' title='bbox 520 1461 588 1521; x_wconf 76' lang='grc' dir='ltr'><strong><em>τῶν</em></strong></span> <span class='ocrx_word' id='word_1_93' title='bbox 604 1456 715 1540; x_wconf 89' lang='grc' dir='ltr'><strong><em>λόγων</em></strong></span> <span class='ocrx_word' id='word_1_94' title='bbox 737 1452 979 1539; x_wconf 85' lang='grc' dir='ltr'><strong><em>ἀπολογεῖσθαι</em></strong></span> <span class='ocrx_word' id='word_1_95' title='bbox 998 1456 1095 1542; x_wconf 82' lang='grc' dir='ltr'><strong><em>θέλη,</em></strong></span> 
     </span>
     <span class='ocr_line' id='line_1_13' title="bbox 85 1549 1097 1639; baseline 0.001 -22"><span class='ocrx_word' id='word_1_96' title='bbox 85 1558 183 1620; x_wconf 79' lang='grc' dir='ltr'><strong><em>τοῦτο</em></strong></span> <span class='ocrx_word' id='word_1_97' title='bbox 204 1550 266 1636; x_wconf 78' lang='grc' dir='ltr'><strong><em>μὲν</em></strong></span> <span class='ocrx_word' id='word_1_98' title='bbox 281 1549 326 1639; x_wconf 80' lang='grc' dir='ltr'><strong><em>μὴ</em></strong></span> <span class='ocrx_word' id='word_1_99' title='bbox 348 1555 553 1636; x_wconf 85' lang='grc' dir='ltr'><strong><em>ἐπιτρέπετε,</em></strong></span> <span class='ocrx_word' id='word_1_100' title='bbox 574 1593 609 1602; x_wconf 91' lang='grc'>-</span> <span class='ocrx_word' id='word_1_101' title='bbox 630 1549 790 1638; x_wconf 79' lang='grc' dir='ltr'><strong><em>ἀγνῶμον</em></strong></span> <span class='ocrx_word' id='word_1_102' title='bbox 804 1551 869 1638; x_wconf 83' lang='grc' dir='ltr'><strong><em>γὰρ</em></strong></span> <span class='ocrx_word' id='word_1_103' title='bbox 886 1549 937 1619; x_wconf 83' lang='grc' dir='ltr'><strong><em>ἐπ’</em></strong></span> <span class='ocrx_word' id='word_1_104' title='bbox 955 1553 1011 1637; x_wconf 76' lang='grc' dir='ltr'><strong><em>ἐμὲ</em></strong></span> <span class='ocrx_word' id='word_1_105' title='bbox 1035 1550 1097 1638; x_wconf 81' lang='grc' dir='ltr'><strong><em>τὴν</em></strong></span> 
     </span>
     <span class='ocr_line' id='line_1_14' title="bbox 85 1646 1096 1736; baseline -0.002 -21"><span class='ocrx_word' id='word_1_106' title='bbox 85 1646 170 1736; x_wconf 81' lang='grc' dir='ltr'><strong><em>ἐμὴν</em></strong></span> <span class='ocrx_word' id='word_1_107' title='bbox 187 1649 352 1736; x_wconf 89' lang='grc' dir='ltr'><strong><em>μάχαιραν</em></strong></span> <span class='ocrx_word' id='word_1_108' title='bbox 368 1649 497 1720; x_wconf 83' lang='grc' dir='ltr'><strong><em>ἀκονᾶν</em></strong></span> <span class='ocrx_word' id='word_1_109' title='bbox 515 1693 551 1702; x_wconf 83' lang='grc'>-</span> <span class='ocrx_word' id='word_1_110' title='bbox 569 1649 652 1718; x_wconf 81' lang='grc' dir='ltr'><strong><em>κατά</em></strong></span> <span class='ocrx_word' id='word_1_111' title='bbox 672 1651 707 1717; x_wconf 76' lang='grc' dir='ltr'><strong><em>δὲ</em></strong></span> <span class='ocrx_word' id='word_1_112' title='bbox 726 1649 787 1719; x_wconf 86' lang='grc' dir='ltr'><strong><em>τόν</em></strong></span> <span class='ocrx_word' id='word_1_113' title='bbox 805 1648 910 1716; x_wconf 81' lang='grc' dir='ltr'><strong><em>αὑτοῦ</em></strong></span> <span class='ocrx_word' id='word_1_114' title='bbox 924 1649 1096 1730; x_wconf 79' lang='grc' dir='ltr'><strong><em>ε’ροόμενον</em></strong></span> 
     </span>
     <span class='ocr_line' id='line_1_15' title="bbox 83 1745 951 1837; baseline 0 -23"><span class='ocrx_word' id='word_1_115' title='bbox 83 1745 146 1815; x_wconf 86' lang='grc' dir='ltr'><strong><em>τόν</em></strong></span> <span class='ocrx_word' id='word_1_116' title='bbox 161 1751 333 1837; x_wconf 80' lang='grc' dir='ltr'><strong><em>Διάλογον</em></strong></span> <span class='ocrx_word' id='word_1_117' title='bbox 348 1749 455 1829; x_wconf 83' lang='grc' dir='ltr'><strong><em>οὕτως</em></strong></span> <span class='ocrx_word' id='word_1_118' title='bbox 473 1749 724 1836; x_wconf 78' lang='grc' dir='ltr'><strong><em>ἀπολογείσθω,</em></strong></span> <span class='ocrx_word' id='word_1_119' title='bbox 743 1745 787 1836; x_wconf 82' lang='grc' dir='ltr'><strong><em>ἦν</em></strong></span> <span class='ocrx_word' id='word_1_120' title='bbox 801 1749 951 1834; x_wconf 85' lang='grc' dir='ltr'><strong><em>δύνηται.</em></strong></span> 
     </span>
    </p>

    <p class='ocr_par' dir='ltr' id='par_1_3' title="bbox 84 1841 1166 2135">
     <span class='ocr_line' id='line_1_16' title="bbox 171 1841 1166 1934; baseline 0.002 -19"><span class='ocrx_word' id='word_1_121' title='bbox 171 1855 274 1916; x_wconf 89' lang='grc' dir='ltr'><em>ΕΡΜ.</em></span> <span class='ocrx_word' id='word_1_122' title='bbox 296 1855 402 1916; x_wconf 80' lang='grc' dir='ltr'><strong><em>Τοῦτο</em></strong></span> <span class='ocrx_word' id='word_1_123' title='bbox 413 1851 475 1934; x_wconf 74' lang='grc' dir='ltr'><strong><em>μὲν</em></strong></span> <span class='ocrx_word' id='word_1_124' title='bbox 485 1846 674 1916; x_wconf 86' lang='grc' dir='ltr'><strong><em>ἀπίθανον·</em></strong></span> <span class='ocrx_word' id='word_1_125' title='bbox 699 1845 816 1934; x_wconf 79' lang='grc' dir='ltr'><strong><em>οὐγὰρ</em></strong></span> <span class='ocrx_word' id='word_1_126' title='bbox 828 1843 904 1915; x_wconf 87' lang='grc' dir='ltr'><strong><em>οἷόν</em></strong></span> <span class='ocrx_word' id='word_1_127' title='bbox 918 1873 970 1932; x_wconf 86' lang='grc' dir='ltr'><strong><em>τε,</em></strong></span> <span class='ocrx_word' id='word_1_128' title='bbox 986 1841 1097 1932; x_wconf 76' lang='grc' dir='ltr'><strong><em>ὧῬη-</em></strong></span> <span class='ocrx_word' id='word_1_129' title='bbox 1112 1861 1166 1917; x_wconf 72' lang='lat'><strong><em>829</em></strong></span> 
     </span>
     <span class='ocr_line' id='line_1_17' title="bbox 84 1945 1095 2033; baseline -0.001 -20"><span class='ocrx_word' id='word_1_130' title='bbox 84 1946 219 2033; x_wconf 84' lang='grc' dir='ltr'><strong><em>τορικη’,</em></strong></span> <span class='ocrx_word' id='word_1_131' title='bbox 240 1948 347 2033; x_wconf 90' lang='grc' dir='ltr'><strong><em>μόνον</em></strong></span> <span class='ocrx_word' id='word_1_132' title='bbox 369 1946 474 2016; x_wconf 83' lang='grc' dir='ltr'><strong><em>αὐτόν</em></strong></span> <span class='ocrx_word' id='word_1_133' title='bbox 490 1945 730 2031; x_wconf 81' lang='grc' dir='ltr'><strong><em>ἀπολογεῖσθαι</em></strong></span> <span class='ocrx_word' id='word_1_134' title='bbox 751 1945 834 2013; x_wconf 82' lang='grc' dir='ltr'><strong><em>κατά</em></strong></span> <span class='ocrx_word' id='word_1_135' title='bbox 856 1945 892 2012; x_wconf 86' lang='grc' dir='ltr'><strong><em>τό</em></strong></span> <span class='ocrx_word' id='word_1_136' title='bbox 911 1953 1018 2032; x_wconf 81' lang='grc' dir='ltr'><strong><em>σχῆμα</em></strong></span> <span class='ocrx_word' id='word_1_137' title='bbox 1034 1952 1095 2012; x_wconf 84' lang='grc' dir='ltr'><strong><em>τοῦ</em></strong></span> 
     </span>
     <span class='ocr_line' id='line_1_18' title="bbox 85 2045 828 2135; baseline 0 -22"><span class='ocrx_word' id='word_1_138' title='bbox 85 2047 274 2133; x_wconf 80' lang='grc' dir='ltr'><strong><em>Διαλόγου,</em></strong></span> <span class='ocrx_word' id='word_1_139' title='bbox 293 2045 375 2115; x_wconf 79' lang='grc' dir='ltr'><strong><em>ἀλλά</em></strong></span> <span class='ocrx_word' id='word_1_140' title='bbox 391 2052 490 2135; x_wconf 82' lang='grc' dir='ltr'><strong><em>βησιν</em></strong></span> <span class='ocrx_word' id='word_1_141' title='bbox 505 2050 559 2114; x_wconf 85' lang='grc' dir='ltr'><strong><em>καὶ</em></strong></span> <span class='ocrx_word' id='word_1_142' title='bbox 575 2045 676 2125; x_wconf 80' lang='grc' dir='ltr'><strong><em>αὐτὸς</em></strong></span> <span class='ocrx_word' id='word_1_143' title='bbox 692 2049 828 2115; x_wconf 88' lang='grc' dir='ltr'><strong><em>είπάτω.“</em></strong></span> 
     </span>
    </p>

    <p class='ocr_par' dir='ltr' id='par_1_4' title="bbox 82 2138 1176 3627">
     <span class='ocr_line' id='line_1_19' title="bbox 169 2138 1097 2234; baseline 0.001 -22"><span class='ocrx_word' id='word_1_144' title='bbox 169 2151 220 2212; x_wconf 88' lang='grc'><strong><em>30.</em></strong></span> <span class='ocrx_word' id='word_1_145' title='bbox 236 2154 394 2214; x_wconf 59' lang='lat' dir='ltr'><strong><em>mox.</em></strong></span> <span class='ocrx_word' id='word_1_146' title='bbox 415 2144 500 2215; x_wconf 81' lang='grc' dir='ltr'><strong><em>Ἐπεὶ</em></strong></span> <span class='ocrx_word' id='word_1_147' title='bbox 515 2149 570 2213; x_wconf 82' lang='grc' dir='ltr'><strong><em>καὶ</em></strong></span> <span class='ocrx_word' id='word_1_148' title='bbox 585 2152 701 2230; x_wconf 83' lang='grc' dir='ltr'><strong><em>τοῦτο,</em></strong></span> <span class='ocrx_word' id='word_1_149' title='bbox 717 2138 745 2213; x_wconf 77' lang='grc' dir='ltr'><strong><em>ἀ</em></strong></span> <span class='ocrx_word' id='word_1_150' title='bbox 760 2145 881 2228; x_wconf 79' lang='grc' dir='ltr'><strong><em>ἀνδρες</em></strong></span> <span class='ocrx_word' id='word_1_151' title='bbox 896 2151 1059 2232; x_wconf 86' lang='grc' dir='ltr'><strong><em>δικασταί,</em></strong></span> <span class='ocrx_word' id='word_1_152' title='bbox 1075 2143 1097 2234; x_wconf 78' lang='grc' dir='ltr'><em>ἡ</em></span> 
     </span>
     <span class='ocr_line' id='line_1_20' title="bbox 84 2241 1098 2337; baseline 0.003 -28"><span class='ocrx_word' id='word_1_153' title='bbox 84 2241 251 2320; x_wconf 78' lang='grc' dir='ltr'><strong><em>ἀντίδικος</em></strong></span> <span class='ocrx_word' id='word_1_154' title='bbox 267 2243 513 2332; x_wconf 81' lang='grc' dir='ltr'><strong><em>ἠγανάκτησεν,</em></strong></span> <span class='ocrx_word' id='word_1_155' title='bbox 532 2251 562 2313; x_wconf 80' lang='grc' dir='ltr'><strong><em>εί</em></strong></span> <span class='ocrx_word' id='word_1_156' title='bbox 574 2252 692 2334; x_wconf 77' lang='grc' dir='ltr'><strong><em>μακρῷ</em></strong></span> <span class='ocrx_word' id='word_1_157' title='bbox 705 2245 869 2332; x_wconf 84' lang='grc' dir='ltr'><strong><em>χρήσομαι</em></strong></span> <span class='ocrx_word' id='word_1_158' title='bbox 884 2253 930 2337; x_wconf 78' lang='grc' dir='ltr'><strong><em>τῷ</em></strong></span> <span class='ocrx_word' id='word_1_159' title='bbox 942 2247 1032 2337; x_wconf 72' lang='grc' dir='ltr'><strong><em>λόγῳ</em></strong></span> <span class='ocrx_word' id='word_1_160' title='bbox 1042 2248 1098 2313; x_wconf 80' lang='grc' dir='ltr'><strong><em>καὶ</em></strong></span> 
     </span>
     <span class='ocr_line' id='line_1_21' title="bbox 84 2341 1098 2433; baseline 0.003 -24"><span class='ocrx_word' id='word_1_161' title='bbox 84 2341 167 2409; x_wconf 78' lang='grc' dir='ltr'><strong><em>αὐτὸ</em></strong></span> <span class='ocrx_word' id='word_1_162' title='bbox 182 2341 220 2408; x_wconf 86' lang='grc' dir='ltr'><strong><em>τό</em></strong></span> <span class='ocrx_word' id='word_1_163' title='bbox 232 2345 401 2412; x_wconf 84' lang='grc' dir='ltr'><strong><em>δύνασθαι</em></strong></span> <span class='ocrx_word' id='word_1_164' title='bbox 416 2349 526 2431; x_wconf 85' lang='grc' dir='ltr'><strong><em>λέγειν</em></strong></span> <span class='ocrx_word' id='word_1_165' title='bbox 539 2342 619 2429; x_wconf 91' lang='grc' dir='ltr'><strong><em>παρ’</em></strong></span> <span class='ocrx_word' id='word_1_166' title='bbox 633 2351 762 2429; x_wconf 80' lang='grc' dir='ltr'><strong><em>ἐκείνης</em></strong></span> <span class='ocrx_word' id='word_1_167' title='bbox 773 2345 898 2433; x_wconf 70' lang='grc' dir='ltr'><strong><em>λαβών,</em></strong></span> <span class='ocrx_word' id='word_1_168' title='bbox 916 2345 1023 2414; x_wconf 81' lang='grc' dir='ltr'><strong><em>πολλά</em></strong></span> <span class='ocrx_word' id='word_1_169' title='bbox 1035 2343 1098 2431; x_wconf 72' lang='grc' dir='ltr'><strong><em>μέν</em></strong></span> 
     </span>
     <span class='ocr_line' id='line_1_22' title="bbox 86 2439 1097 2530; baseline 0.005 -23"><span class='ocrx_word' id='word_1_170' title='bbox 86 2439 149 2508; x_wconf 83' lang='grc' dir='ltr'><strong><em>οὐκ</em></strong></span> <span class='ocrx_word' id='word_1_171' title='bbox 165 2444 230 2524; x_wconf 78' lang='grc' dir='ltr'><strong><em>έροΞ</em></strong></span> <span class='ocrx_word' id='word_1_172' title='bbox 246 2441 329 2525; x_wconf 87' lang='grc' dir='ltr'><strong><em>πρός</em></strong></span> <span class='ocrx_word' id='word_1_173' title='bbox 346 2441 448 2530; x_wconf 82' lang='grc' dir='ltr'><strong><em>ὑμᾶς,</em></strong></span> <span class='ocrx_word' id='word_1_174' title='bbox 465 2443 505 2512; x_wconf 87' lang='grc' dir='ltr'><strong><em>τά</em></strong></span> <span class='ocrx_word' id='word_1_175' title='bbox 519 2445 686 2529; x_wconf 89' lang='grc' dir='ltr'><strong><em>κεφάλαια</em></strong></span> <span class='ocrx_word' id='word_1_176' title='bbox 701 2444 738 2512; x_wconf 69' lang='grc' dir='ltr'><strong><em>δέ</em></strong></span> <span class='ocrx_word' id='word_1_177' title='bbox 752 2442 836 2512; x_wconf 78' lang='grc' dir='ltr'><strong><em>αὐτά</em></strong></span> <span class='ocrx_word' id='word_1_178' title='bbox 854 2445 1097 2530; x_wconf 83' lang='grc' dir='ltr'><strong><em>ἐπιλυσόμενος</em></strong></span> 
     </span>
     <span class='ocr_line' id='line_1_23' title="bbox 84 2542 1097 2630; baseline 0.004 -23"><span class='ocrx_word' id='word_1_179' title='bbox 84 2548 152 2608; x_wconf 77' lang='grc' dir='ltr'><strong><em>τῶν</em></strong></span> <span class='ocrx_word' id='word_1_180' title='bbox 164 2547 463 2629; x_wconf 84' lang='grc' dir='ltr'><strong><em>κατηγορηθέντων</em></strong></span> <span class='ocrx_word' id='word_1_181' title='bbox 474 2542 554 2630; x_wconf 79' lang='grc' dir='ltr'><strong><em>ὑμῖν</em></strong></span> <span class='ocrx_word' id='word_1_182' title='bbox 563 2543 736 2627; x_wconf 76' lang='grc' dir='ltr'><strong><em>ἀπολείψω</em></strong></span> <span class='ocrx_word' id='word_1_183' title='bbox 748 2561 889 2614; x_wconf 78' lang='grc' dir='ltr'><strong><em>σκοπεῖν</em></strong></span> <span class='ocrx_word' id='word_1_184' title='bbox 899 2548 974 2627; x_wconf 80' lang='grc' dir='ltr'><strong><em>περὶ</em></strong></span> <span class='ocrx_word' id='word_1_185' title='bbox 987 2542 1097 2612; x_wconf 82' lang='grc' dir='ltr'><strong><em>ἁπάν-</em></strong></span> 
     </span>
     <span class='ocr_line' id='line_1_24' title="bbox 83 2641 1096 2730; baseline 0.001 -22"><span class='ocrx_word' id='word_1_186' title='bbox 83 2668 151 2709; x_wconf 86' lang='grc' dir='ltr'><strong><em>των</em></strong></span> <span class='ocrx_word' id='word_1_187' title='bbox 163 2669 168 2679; x_wconf 92' lang='grc'><strong><em>·</em></strong></span> <span class='ocrx_word' id='word_1_188' title='bbox 190 2643 299 2709; x_wconf 84' lang='grc' dir='ltr'><strong><em>πάντα</em></strong></span> <span class='ocrx_word' id='word_1_189' title='bbox 314 2641 379 2727; x_wconf 83' lang='grc' dir='ltr'><strong><em>γάρ</em></strong></span> <span class='ocrx_word' id='word_1_190' title='bbox 392 2642 499 2711; x_wconf 87' lang='grc' dir='ltr'><strong><em>ὁπόσα</em></strong></span> <span class='ocrx_word' id='word_1_191' title='bbox 511 2644 691 2729; x_wconf 80' lang='grc' dir='ltr'><strong><em>διηγήσατο</em></strong></span> <span class='ocrx_word' id='word_1_192' title='bbox 706 2648 782 2728; x_wconf 86' lang='grc' dir='ltr'><strong><em>περλ</em></strong></span> <span class='ocrx_word' id='word_1_193' title='bbox 794 2647 876 2730; x_wconf 82' lang='grc' dir='ltr'><strong><em>ἐμοῦ</em></strong></span> <span class='ocrx_word' id='word_1_194' title='bbox 891 2641 1004 2730; x_wconf 80' lang='grc' dir='ltr'><strong><em>ἀληθῆ</em></strong></span> <span class='ocrx_word' id='word_1_195' title='bbox 1015 2642 1096 2710; x_wconf 85' lang='grc' dir='ltr'><strong><em>ὄντα</em></strong></span> 
     </span>
     <span class='ocr_line' id='line_1_25' title="bbox 84 2741 1097 2830; baseline 0.002 -22"><span class='ocrx_word' id='word_1_196' title='bbox 84 2741 282 2827; x_wconf 83' lang='grc' dir='ltr'><strong><em>διηγήσατο·</em></strong></span> <span class='ocrx_word' id='word_1_197' title='bbox 311 2745 364 2809; x_wconf 83' lang='grc' dir='ltr'><strong><em>καὶ</em></strong></span> <span class='ocrx_word' id='word_1_198' title='bbox 382 2741 447 2828; x_wconf 81' lang='grc' dir='ltr'><strong><em>γάρ</em></strong></span> <span class='ocrx_word' id='word_1_199' title='bbox 465 2747 638 2810; x_wconf 78' lang='grc' dir='ltr'><strong><em>ἐπαίδευσε</em></strong></span> <span class='ocrx_word' id='word_1_200' title='bbox 653 2747 707 2810; x_wconf 82' lang='grc' dir='ltr'><strong><em>καὶ</em></strong></span> <span class='ocrx_word' id='word_1_201' title='bbox 722 2745 979 2830; x_wconf 83' lang='grc' dir='ltr'><strong><em>σνναπεδήμησε</em></strong></span> <span class='ocrx_word' id='word_1_202' title='bbox 994 2745 1050 2812; x_wconf 81' lang='grc' dir='ltr'><strong><em>καὶ</em></strong></span> <span class='ocrx_word' id='word_1_203' title='bbox 1064 2746 1097 2821; x_wconf 87' lang='grc' dir='ltr'><strong><em>ἐς</em></strong></span> 
     </span>
     <span class='ocr_line' id='line_1_26' title="bbox 83 2838 1097 2930; baseline 0.003 -24"><span class='ocrx_word' id='word_1_204' title='bbox 83 2838 333 2926; x_wconf 84' lang='grc' dir='ltr'><strong><em>τούςἛλληνας</em></strong></span> <span class='ocrx_word' id='word_1_205' title='bbox 348 2844 527 2927; x_wconf 85' lang='grc' dir='ltr'><strong><em>ἐνέγραψε,</em></strong></span> <span class='ocrx_word' id='word_1_206' title='bbox 542 2846 596 2911; x_wconf 80' lang='grc' dir='ltr'><strong><em>καὶ</em></strong></span> <span class='ocrx_word' id='word_1_207' title='bbox 613 2843 697 2910; x_wconf 89' lang='grc' dir='ltr'><strong><em>κατά</em></strong></span> <span class='ocrx_word' id='word_1_208' title='bbox 712 2869 751 2929; x_wconf 89' lang='grc' dir='ltr'><strong><em>γε</em></strong></span> <span class='ocrx_word' id='word_1_209' title='bbox 764 2852 863 2912; x_wconf 80' lang='grc' dir='ltr'><strong><em>τοῦτο</em></strong></span> <span class='ocrx_word' id='word_1_210' title='bbox 877 2845 975 2930; x_wconf 86' lang='grc' dir='ltr'><strong><em>χάριν</em></strong></span> <span class='ocrx_word' id='word_1_211' title='bbox 990 2839 1034 2910; x_wconf 79' lang='grc' dir='ltr'><strong><em>ἀν</em></strong></span> <span class='ocrx_word' id='word_1_212' title='bbox 1049 2850 1097 2910; x_wconf 90' lang='grc' dir='ltr'><strong><em>εί-</em></strong></span> 
     </span>
     <span class='ocr_line' id='line_1_27' title="bbox 83 2938 1096 3031; baseline 0.006 -25"><span class='ocrx_word' id='word_1_213' title='bbox 83 2945 178 3026; x_wconf 87' lang='grc' dir='ltr'><strong><em>δείην</em></strong></span> <span class='ocrx_word' id='word_1_214' title='bbox 198 2946 244 3027; x_wconf 78' lang='grc' dir='ltr'><strong><em>τῷ</em></strong></span> <span class='ocrx_word' id='word_1_215' title='bbox 264 2939 369 3030; x_wconf 80' lang='grc' dir='ltr'><strong><em>γάμῳ.</em></strong></span> <span class='ocrx_word' id='word_1_216' title='bbox 404 2940 449 3007; x_wconf 88' lang='grc' dir='ltr'><strong><em>δι’</em></strong></span> <span class='ocrx_word' id='word_1_217' title='bbox 475 2938 513 3019; x_wconf 80' lang='grc' dir='ltr'><strong><em>άς</em></strong></span> <span class='ocrx_word' id='word_1_218' title='bbox 538 2943 573 3011; x_wconf 71' lang='grc' dir='ltr'><strong><em>δὲ</em></strong></span> <span class='ocrx_word' id='word_1_219' title='bbox 596 2950 701 3022; x_wconf 87' lang='grc' dir='ltr'><strong><em>αίτίας</em></strong></span> <span class='ocrx_word' id='word_1_220' title='bbox 722 2942 896 3013; x_wconf 79' lang='grc' dir='ltr'><strong><em>ἀπολιπών</em></strong></span> <span class='ocrx_word' id='word_1_221' title='bbox 917 2943 1024 3031; x_wconf 78' lang='grc' dir='ltr'><strong><em>αὐτὴν</em></strong></span> <span class='ocrx_word' id='word_1_222' title='bbox 1045 2946 1096 3012; x_wconf 77' lang='grc' dir='ltr'><strong><em>ἐπὶ</em></strong></span> 
     </span>
     <span class='ocr_line' id='line_1_28' title="bbox 83 3037 1098 3130; baseline 0.004 -24"><span class='ocrx_word' id='word_1_223' title='bbox 83 3041 219 3107; x_wconf 84' lang='grc' dir='ltr'><strong><em>τουτονὶ</em></strong></span> <span class='ocrx_word' id='word_1_224' title='bbox 235 3037 296 3106; x_wconf 85' lang='grc' dir='ltr'><strong><em>τόν</em></strong></span> <span class='ocrx_word' id='word_1_225' title='bbox 310 3041 481 3126; x_wconf 78' lang='grc' dir='ltr'><strong><em>Διάλογον</em></strong></span> <span class='ocrx_word' id='word_1_226' title='bbox 497 3043 707 3129; x_wconf 76' lang='grc' dir='ltr'><strong><em>ἐτραπόμην,</em></strong></span> <span class='ocrx_word' id='word_1_227' title='bbox 728 3042 909 3130; x_wconf 80' lang='grc' dir='ltr'><strong><em>ἀκούσατε,</em></strong></span> <span class='ocrx_word' id='word_1_228' title='bbox 933 3038 960 3111; x_wconf 78' lang='grc' dir='ltr'><strong><em>ά</em></strong></span> <span class='ocrx_word' id='word_1_229' title='bbox 976 3042 1098 3127; x_wconf 83' lang='grc' dir='ltr'><strong><em>ἀνδρες</em></strong></span> 
     </span>
     <span class='ocr_line' id='line_1_29' title="bbox 83 3140 1098 3230; baseline 0.002 -22"><span class='ocrx_word' id='word_1_230' title='bbox 83 3147 252 3226; x_wconf 85' lang='grc' dir='ltr'><strong><em>δικασταί,</em></strong></span> <span class='ocrx_word' id='word_1_231' title='bbox 277 3149 335 3209; x_wconf 91' lang='grc' dir='ltr'><strong><em>καί</em></strong></span> <span class='ocrx_word' id='word_1_232' title='bbox 347 3167 387 3228; x_wconf 81' lang='grc' dir='ltr'><strong><em>με</em></strong></span> <span class='ocrx_word' id='word_1_233' title='bbox 409 3140 512 3228; x_wconf 76' lang='grc' dir='ltr'><strong><em>μηδὲν</em></strong></span> <span class='ocrx_word' id='word_1_234' title='bbox 533 3151 594 3208; x_wconf 84' lang='grc' dir='ltr'><strong><em>τοῦ</em></strong></span> <span class='ocrx_word' id='word_1_235' title='bbox 614 3151 779 3230; x_wconf 89' lang='grc' dir='ltr'><strong><em>χρησίμου</em></strong></span> <span class='ocrx_word' id='word_1_236' title='bbox 794 3146 891 3212; x_wconf 80' lang='grc' dir='ltr'><strong><em>ἕνεκα</em></strong></span> <span class='ocrx_word' id='word_1_237' title='bbox 910 3144 1098 3224; x_wconf 82' lang='grc' dir='ltr'><strong><em>ψεύδεσθαι</em></strong></span> 
     </span>
     <span class='ocr_line' id='line_1_30' title="bbox 84 3240 1096 3330; baseline -0.001 -22"><span class='ocrx_word' id='word_1_238' title='bbox 84 3241 283 3330; x_wconf 77' lang='grc' dir='ltr'><strong><em>ὑπολάβητε.</em></strong></span> <span class='ocrx_word' id='word_1_239' title='bbox 307 3249 358 3311; x_wconf 88' lang='grc'><strong><em>31.</em></strong></span> <span class='ocrx_word' id='word_1_240' title='bbox 377 3241 441 3330; x_wconf 71' lang='grc' dir='ltr'><strong><em>ἐγώ</em></strong></span> <span class='ocrx_word' id='word_1_241' title='bbox 457 3241 521 3330; x_wconf 80' lang='grc' dir='ltr'><strong><em>γάρ</em></strong></span> <span class='ocrx_word' id='word_1_242' title='bbox 533 3242 625 3326; x_wconf 83' lang='grc' dir='ltr'><strong><em>ὁρῶν</em></strong></span> <span class='ocrx_word' id='word_1_243' title='bbox 635 3244 762 3328; x_wconf 82' lang='grc' dir='ltr'><strong><em>ταύτην</em></strong></span> <span class='ocrx_word' id='word_1_244' title='bbox 773 3240 885 3311; x_wconf 81' lang='grc' dir='ltr'><strong><em>οὐκέτι</em></strong></span> <span class='ocrx_word' id='word_1_245' title='bbox 895 3249 1096 3327; x_wconf 84' lang='grc' dir='ltr'><strong><em>σωφρονοῦ-</em></strong></span> 
     </span>
     <span class='ocr_line' id='line_1_31' title="bbox 82 3339 1097 3428; baseline 0 -21"><span class='ocrx_word' id='word_1_246' title='bbox 82 3363 146 3408; x_wconf 88' lang='grc' dir='ltr'><strong><em>σαν</em></strong></span> <span class='ocrx_word' id='word_1_247' title='bbox 164 3341 243 3409; x_wconf 79' lang='grc' dir='ltr'><strong><em>οὐδὲ</em></strong></span> <span class='ocrx_word' id='word_1_248' title='bbox 260 3347 431 3428; x_wconf 89' lang='grc' dir='ltr'><strong><em>μένουσαν</em></strong></span> <span class='ocrx_word' id='word_1_249' title='bbox 442 3346 493 3410; x_wconf 77' lang='grc' dir='ltr'><strong><em>ἐπὶ</em></strong></span> <span class='ocrx_word' id='word_1_250' title='bbox 504 3351 566 3410; x_wconf 81' lang='grc' dir='ltr'><strong><em>τοῦ</em></strong></span> <span class='ocrx_word' id='word_1_251' title='bbox 583 3352 725 3426; x_wconf 89' lang='grc' dir='ltr'><strong><em>κοσμίου</em></strong></span> <span class='ocrx_word' id='word_1_252' title='bbox 740 3343 914 3427; x_wconf 83' lang='grc' dir='ltr'><strong><em>σχήματος,</em></strong></span> <span class='ocrx_word' id='word_1_253' title='bbox 932 3339 1006 3410; x_wconf 85' lang='grc' dir='ltr'><strong><em>οἷόν</em></strong></span> <span class='ocrx_word' id='word_1_254' title='bbox 1017 3367 1097 3409; x_wconf 89' lang='grc' dir='ltr'><strong><em>ποτε</em></strong></span> 
     </span>
     <span class='ocr_line' id='line_1_32' title="bbox 83 3438 1096 3528; baseline -0.002 -22"><span class='ocrx_word' id='word_1_255' title='bbox 83 3444 369 3528; x_wconf 81' lang='grc' dir='ltr'><strong><em>ἐσχηματισμένην</em></strong></span> <span class='ocrx_word' id='word_1_256' title='bbox 397 3440 503 3528; x_wconf 77' lang='grc' dir='ltr'><strong><em>αὐτὴν</em></strong></span> <span class='ocrx_word' id='word_1_257' title='bbox 534 3439 551 3508; x_wconf 87' lang='grc' dir='ltr'><strong>ὁ</strong></span> <span class='ocrx_word' id='word_1_258' title='bbox 579 3439 764 3519; x_wconf 76' lang='grc' dir='ltr'><strong><em>Παιανιεὺς</em></strong></span> <span class='ocrx_word' id='word_1_259' title='bbox 793 3445 918 3518; x_wconf 81' lang='grc' dir='ltr'><strong><em>ἐκεῖνος</em></strong></span> <span class='ocrx_word' id='word_1_260' title='bbox 942 3438 1096 3527; x_wconf 73' lang='grc' dir='ltr'><strong><em>ἠγάγετο,</em></strong></span> 
     </span>
     <span class='ocr_line' id='line_1_33' title="bbox 83 3536 1176 3627; baseline 0.001 -22"><span class='ocrx_word' id='word_1_261' title='bbox 83 3543 318 3627; x_wconf 82' lang='grc' dir='ltr'><strong><em>κοσμουμένην</em></strong></span> <span class='ocrx_word' id='word_1_262' title='bbox 335 3539 371 3607; x_wconf 75' lang='grc' dir='ltr'><strong><em>δὲ</em></strong></span> <span class='ocrx_word' id='word_1_263' title='bbox 386 3544 440 3608; x_wconf 83' lang='grc' dir='ltr'><strong><em>καλ</em></strong></span> <span class='ocrx_word' id='word_1_264' title='bbox 454 3540 512 3618; x_wconf 86' lang='grc' dir='ltr'><strong><em>τάς</em></strong></span> <span class='ocrx_word' id='word_1_265' title='bbox 526 3550 637 3626; x_wconf 86' lang='grc' dir='ltr'><strong><em>τρίχας</em></strong></span> <span class='ocrx_word' id='word_1_266' title='bbox 653 3536 893 3622; x_wconf 75' lang='grc' dir='ltr'><strong><em>εὐθετίζουσαν</em></strong></span> <span class='ocrx_word' id='word_1_267' title='bbox 908 3541 941 3616; x_wconf 86' lang='grc' dir='ltr'><strong><em>ές</em></strong></span> <span class='ocrx_word' id='word_1_268' title='bbox 955 3536 991 3606; x_wconf 85' lang='grc' dir='ltr'><strong><em>τό</em></strong></span> <span class='ocrx_word' id='word_1_269' title='bbox 1008 3541 1095 3605; x_wconf 85' lang='grc' dir='ltr'><strong><em>ἑται-</em></strong></span> <span class='ocrx_word' id='word_1_270' title='bbox 1113 3549 1176 3606; x_wconf 45' lang='lat'><strong><em>8301</em></strong></span> 
     </span>
    </p>
   </div>
   <div class='ocr_carea' id='block_1_3' title="bbox 0 0 1318 4092">
    <p class='ocr_par' dir='ltr' id='par_1_5' title="bbox 0 0 1318 4092">
     <span class='ocr_line' id='line_1_34' title="bbox 0 0 1318 4092; baseline 0 0"><span class='ocrx_word' id='word_1_271' title='bbox 0 0 1318 4092; x_wconf 95' lang='lat' dir='ltr'><strong><em> </em></strong></span> 
     </span>
    </p>
   </div>
  </div>
 </body>
</html>
