2625 4092
258 266 321 332 418
609 267 917 345 [κοναικαον]

256 431 310 500 ἐπὶ
325 431 361 500 δὲ
375 439 436 498 τοῦ
450 431 601 517 μεγάλου
612 427 825 514 Ἡρακλέους,

295 526 377 599 οὐδὲ
391 526 457 616 γάρ
471 526 552 597 οὐδὲ
565 535 621 616 βίη
633 526 811 614 Ἡρακλείη
828 530 915 616 φάγε
930 537 1027 616 κῆρα,

298 627 403 713 ὅσπερ
421 636 577 714 φίλτατος
592 633 667 696 ἔσκε
683 629 740 695 Διὶ
757 633 926 712 Κρονίωνι
941 625 1070 713 άνακτι,

186 743 238 799 600
299 725 384 794 άλλά
399 729 417 794 ἑ
429 724 535 810 Μοῖρ’
552 725 718 811 ἐδάμασσε
732 727 788 794 καὶ
802 725 963 811 ἀργαλέος
975 725 1193 818 χόλοςἯρης.
1282 717 1283 754 ³

257 822 342 895 άλλά
357 826 413 896 καί
435 822 518 894 ὅλου
534 821 595 892 τόν
614 831 691 912 βίον
706 826 936 910 καθειμάρθαι
952 826 1007 892 καὶ
1028 823 1085 904 τὰς
1106 830 1251 917 ἐντούτῳ

258 924 456 1012 μεταβολάς·

832 1030 916 1094 ἔνθα
934 1023 966 1093 δ’
983 1033 1093 1094 ἔπειτα

187 1113 189 1120 ’
298 1129 444 1189 πείσεται
460 1121 546 1190 άσσα
563 1127 597 1190 οἱ
608 1121 695 1190 Αἷσα
711 1125 936 1203 Κατακλῶθές
950 1151 985 1192 τε
1002 1130 1134 1211 βαρεὶαι

297 1224 486 1309 γιγνομένῳ
502 1222 648 1308 νήσαντο
663 1227 759 1312 λίνφ,
777 1219 831 1288 ὅτε
846 1247 904 1306 μιν
919 1226 991 1290 τέκε
1007 1220 1126 1308 μήτηρ.

256 1324 309 1387 καὶ
323 1317 381 1398 τάς
395 1323 432 1388 ἐν
447 1324 523 1408 ξένη
541 1319 660 1407 ἐποχὰς
673 1318 730 1388 ἀπ’
748 1323 874 1407 ἐκείνης
888 1328 1060 1405 γίνεσθαι·

297 1417 388 1506 ἠδ’
366 1447 411 1496 ως
425 1428 552 1488 Αἱολον
567 1416 719 1506 ἱκόμεθ’,
739 1417 775 1497 ὅς
790 1443 830 1505 με
846 1417 1011 1503 πρόφρων
1028 1415 1207 1504 ὑπέδεκτο,

297 1522 351 1587 καὶ
366 1516 488 1604 πέμπ’·
511 1516 643 1587 οὐδέπω
660 1515 736 1586 αίσα
752 1525 854 1604 φίλην
869 1520 901 1597 ἐς
915 1521 1035 1602 πατρὶδ
1001 1513 1214 1586 ἱδ’ἱκέσθαι.

256 1616 338 1684 ὥστε
351 1617 460 1735 πάντα
472 1614 539 1684 ὑπὸ
551 1623 618 1684 τῶν
628 1625 772 1699 Μοιρῶν
784 1613 967 1700 γίνεσθαι
950 1643 970 1683 ο
986 1607 1128 1702 ποιητής
1140 1641 1254 1702 μεμαρ·

256 1714 387 1800 τάρηκε.
410 1712 471 1782 τὸν
488 1715 524 1782 δὲ
539 1721 606 1783 Δία
621 1711 666 1800 μή
682 1720 823 1799 θελήσαι
838 1711 898 1780 τὸν
916 1709 994 1780 υἱὸν

548 1872 550 1877 .
627 1813 791 1880 θανάτοιο
807 1814 965 1898 δυσηχέος
979 1815 1199 1894 ἐξαναλῦσαι,

253 1907 336 1978 λιιι
354 1918 482 1996 μειιοι

295 2012 512 2094 αἱματοέσσας
527 2011 562 2076 66
578 2009 701 2089 τριάδας
717 2014 893 2096 κατέχευεν
908 2013 1000 2093 ἔραζε

295 2113 397 2176 παῖδα
412 2115 514 2194 φίλον
527 2116 650 2196 τιμῶν,
667 2107 727 2176 τόν
741 2114 776 2178 οἱ
787 2109 982 2191 Πάτροκλος
996 2113 1113 2194 ἔμελλε

295 2215 434 2293 φθίσειν
450 2211 486 2276 ἐν
504 2216 615 2298 Τροίη.

253 2307 346 2390 ὥστε,
363 2300 390 2375 ά
409 2315 573 2392 Τριεφων,
592 2306 647 2375 διὰ
662 2315 761 2375 τοῦτο
773 2307 878 2393 μηδὲν
889 2316 1091 2390 προσθεῖναι
1105 2310 1225 2390 περι
1202 2336 1225 2375 τ

253 2413 396 2488 Μοιροιν
412 2404 636 2495 ἐθελήσης,εί
605 2407 700 2475 εκαὶ
714 2406 796 2524 τάχα
811 2405 990 2487 πεδάρσιος
1002 2405 1177 2493 ἐγεγόνεις
1188 2433 1283 2493 με

251 2531 313 2572 του
299 2506 532 2573 διδασκάλου
550 2509 605 2573 καὶ
622 2503 662 2573 τά
681 2505 854 2628 άπόρρητμ
872 2505 1031 2592 ἐμυήθης.

179 2621 230 2678 601
337 2611 386 2672 15.
408 2611 550 2674 ΤΡΙΕΦ.
572 2606 637 2672 Καὶ
648 2630 860 2682 παςοαντος
873 2631 1027 2692 ποιητης,
1046 2632 1072 2674 ω
1062 2609 1220 2678 mm
1282 2671 1283 2694 ,

251 2711 303 2770 τὶα
311 2699 449 2790 ,διττήν
465 2702 659 2790 ἐπιλέγει
624 2731 686 2791 την
702 2706 905 2790 εἱμαρμένην
922 2707 976 2772 καὶ
992 2703 1210 2793 ἀμφίβολον,

250 2803 327 2870 τόδε
344 2805 406 2889 μέν
421 2830 451 2870 τι
463 2805 641 2890 πράξαντι,
663 2809 780 2894 τοιῷδε
795 2805 879 2872 τέλει
896 2813 1102 2890 συγκὺρσαι,
1119 2821 1216 2877 τοῖσι

250 2903 440 2988 ποιήσαντι,
457 2903 557 2991 ετέρφ
573 2903 659 2970 τέλει
674 2900 886 2989 ἐνταχελν,’
865 2929 908 2982 ως
923 2902 975 2972 ἐπ’
991 2905 1180 2992 Ἀχιλλέως,
1282 2921 1283 3012 6

293 3005 467 3087 διχθαδίας
480 3009 594 3086 Κῆρας
609 3006 753 3086 φερέμεν
770 3004 933 3072 θανάτοιο
948 3007 1100 3074 τέλοσδε·

294 3108 323 3169 εί
294 3107 397 3186 εμέν
412 3127 432 3168 κ
438 3094 549 3168 ἀυθι
565 3106 676 3187 μένων
698 3104 823 3223 Τρώιον
837 3102 970 3171 πολιν’
952 3106 1215 3192 αμφιμάχωμπι

293 3198 394 3268 ὤλετο
413 3205 474 3284 μέν
488 3227 545 3286 μοι
562 3199 696 3286 νόστος,
714 3198 797 3288 ἀτάρ
812 3203 906 3280 κλέος
922 3200 1071 3288 ἄφθιτον
1090 3212 1203 3275 ἐσται.

292 3305 322 3366 εί
336 3301 375 3364 δέ
385 3324 444 3365 κεν
460 3298 568 3365 οἴκαδ’
584 3303 717 3386 ἵκωμαι,

292 3393 394 3462 ὤλετό
406 3420 463 3480 μοι
478 3398 574 3476 κλέος
589 3399 730 3476 ἐσθλόν,
749 3401 801 3467 ἐπὶ
817 3396 922 3484 δηρὸν
937 3403 975 3468 δέ
985 3427 1041 3485 μοι
1056 3400 1153 3471 αἱαὶν
1282 3463 1283 3466 ,

292 3499 429 3558 ἔσσεται.
