2625 4092
219 273 283 337 399
576 272 883 333 ΛΘΥΚΙΑΝΟΤ

220 460 276 505 σαι
292 436 355 523 τήν
375 438 475 505 πόλιν
495 437 548 503 καὶ
566 434 692 520 στήλην
706 436 876 520 ἐπιστῆσαι
893 431 967 503 άντλ
984 442 1113 522 βωμοῦ.
1142 433 1190 523 ἢν
1204 440 1240 505 δι’

219 566 267 616 τις
282 536 479 623 παρακούσῃ
493 543 554 601 τοῦ
570 534 781 618 κηρύγματος
795 536 850 601 καὶ
865 532 910 620 μή
927 537 1075 621 ἐθελήσῃ
1091 539 1146 602 ἐπὶ
1161 535 1238 613 τούς
1298 540 1300 559 ¹

221 635 450 721 ἐπιγνώμονας
465 637 592 716 ἐλθεῖν,
608 633 736 718 ἐρήμην
750 630 856 699 αὐτοῦ
870 638 1236 720 καταδιαιτησάτωσαν.

221 743 319 802 τοῦτο
335 734 396 819 μὲν
410 731 488 818 ἡμῖν
503 732 539 798 τό
556 731 719 817 ψήφισμα.

307 839 355 901 19.
373 838 499 900 ΖΕΥΣ.
524 831 764 914 Δικαιότατον,
787 823 815 896 ιό
830 837 955 916 Μῶμε,
978 834 1034 900 καὶ
1049 831 1119 921 ὅτῳ
1136 837 1238 906 δοκεῖ,

221 930 425 1000 ἀνατεινάτω
435 929 496 1016 τήν
505 944 611 1014 χεῖρα·
625 930 799 1015 μᾶλλονδὲ
808 928 897 996 οὕτω
906 932 1087 1015 γιγνέσθω.
1101 937 1239 1007 πλείους

221 1028 285 1116 γάρ
303 1028 365 1097 οἷδ’
386 1028 436 1096 ότι
458 1036 589 1096 ε”σονται
612 1032 644 1095 οί
662 1023 708 1113 μή
730 1029 1029 1113 χειροτονήσοντες.
1059 1026 1150 1095 ἄλλά
1174 1037 1239 1095 νῦν
1298 1086 1300 1091 .

222 1133 285 1215 μὲν
299 1126 410 1195 άπιτε·
434 1124 561 1194 ὁπόταν
579 1126 618 1193 δὲ’
630 1127 758 1213 κηρύξῃ
774 1123 791 1193 ὁ
808 1124 945 1212 Ἑρμῆς,
968 1125 1064 1212 ἥκετε
1080 1154 1163 1211 κομι
1181 1153 1239 1192 ον-
1298 1098 1300 1227 Ι

218 1244 273 1304 τες
291 1229 426 1303 ἕκαστος
441 1229 564 1309 ἐναργῆ
582 1224 622 1292 τά
637 1232 850 1310 γνωρίσματα
870 1227 924 1293 καὶ
939 1240 1057 1310 σαφεῖς
1073 1224 1136 1303 τὰς
1152 1223 1239 1291 ιἰπο-

223 1331 352 1405 δειξεις,
375 1321 500 1405 πατρὸς
520 1322 626 1408 ὄνομα
649 1324 705 1391 καὶ
724 1322 864 1409 μητρός,
890 1325 945 1391 καλ
961 1322 1047 1391 ὅθεν
1065 1326 1123 1392 καλ
1146 1322 1239 1399 ὅπως

222 1421 302 1500 θεὸς
317 1426 463 1507 ἐγένετο,
483 1424 537 1488 καὶ
553 1419 666 1505 φυλήν
680 1422 735 1489 καλ
751 1422 930 1506 φράτορας.
962 1418 1006 1499 ὡς
1023 1420 1117 1501 ὅστις
1132 1419 1180 1489 ἂν
1194 1418 1237 1507 μή

221 1530 324 1590 ταῦτα
341 1522 563 1606 παράσχηται,
587 1516 687 1587 οὐδὲν
701 1520 837 1605 μελήσει
853 1534 920 1597 τοῖς
940 1518 1191 1607 ἐπιγνώμοσιν,
1213 1525 1241 1587 εί

221 1623 310 1690 νεάν
324 1648 375 1698 τις
394 1624 498 1706 μέγαν
519 1622 556 1686 ἐν
577 1626 616 1707 τῇ
639 1628 683 1705 γῃ
705 1626 769 1705 ἔχει
789 1623 843 1686 καλ
861 1626 890 1685 εί
904 1624 937 1687 οί
950 1619 1133 1700 ἄνθρωποι
1152 1620 1241 1688 θεὸν

222 1718 327 1787 αὐτόν
341 1718 424 1787 εἶναι
440 1724 641 1803 νομίζουσιν.

528 2080 923 2149 ΚΥΝΙΚΟΣ.

307 2236 333 2311 λ.
347 2240 563 2311 ΛΥΚῙΝΟΣ.
584 2248 625 2309 Τί
631 2266 710 2307 ποτε
722 2240 776 2323 σύ,
793 2228 902 2322 οὗτος,
919 2238 1066 2322 πώγωνα
1078 2237 1143 2322 μὲν
1155 2243 1239 2321 ἔχεις

220 2344 274 2408 καὶ
293 2342 411 2427 κόμην,
427 2348 548 2425 χιτῶνα
564 2340 599 2407 δὲ
615 2336 678 2406 οόκ
690 2344 772 2422 ἔχεις
785 2340 839 2405 καὶ
854 2343 1066 2423 γυμνοδερκῃ
1078 2336 1135 2402 καλ
1148 2332 1239 2399 ἄνυ-

220 2446 372 2526 ποδητείς
383 2437 443 2507 τόν
458 2436 582 2524 άλήτην
599 2440 652 2505 καὶ
665 2434 899 2520 ἀπάνθρωπον
913 2443 988 2523 βίον
1007 2437 1061 2501 καὶ
1074 2434 1238 2517 θηριώδη

221 2538 453 2623 ἐπιλεξάμενος
475 2539 529 2603 καλ
549 2535 599 2603 άελ
620 2550 688 2613 τοῖς
709 2538 870 2613 ἐναντίοις
890 2534 927 2601 τό
945 2537 1033 2602 ίδιον
1053 2534 1157 2617 δέμας
1172 2530 1239 2616 οὐχ

222 2635 266 2713 ὡς
281 2641 313 2704 οί
327 2638 443 2704 πολλοὶ
456 2636 718 2720 διαχρησάμενος
731 2646 935 2715 περινοστεῖς
951 2630 1067 2699 άλλοτε
1082 2627 1239 2714 άλλαχοῦ

222 2732 439 2820 εόναξόμενος
461 2735 512 2800 ε’πλ
536 2737 640 2819 ξηροῦ
661 2734 824 2807 δαπέδου,
853 2728 897 2809 ὡς
920 2730 1007 2816 ἄσην
1031 2730 1239 2814 πάμπολλον

221 2837 312 2900 τουτὶ
327 2831 363 2899 τὸ
381 2830 563 2919 τριβώνιον
579 2834 712 2916 φέρειν,
735 2826 777 2896 οὐ
792 2832 904 2915 μέντοι
919 2831 973 2897 καὶ
994 2836 1092 2895 τοῦτο
1107 2824 1239 2894 λεπτόν

221 2927 299 2998 οὐδὲ
314 2926 466 3014 μαλακόν
482 2926 560 2995 οὐδὲ
577 2926 749 3013 άνθηρόν;

306 3024 524 3098 ΚΤΝΙΚΟΣ.
551 3026 639 3097 Οὐδὲ
658 3025 723 3113 γάρ
739 3027 868 3112 δέομαι·
892 3033 1046 3094 τοιοῦτον
1060 3025 1097 3091 δὲ
1113 3020 1237 3090 ὁποῖον

220 3124 265 3197 άν
289 3134 467 3213 πορισθείη
491 3130 595 3217 ῥᾷστα
621 3128 676 3195 καλ
700 3133 746 3215 τῷ
770 3127 963 3212 κτησαμένῳ
986 3122 1165 3207 πράγματα
1189 3118 1237 3197 ως

148 3243 203 3300 540
222 3226 374 3313 ἐλάχιστα
396 3230 556 3313 παρέχον·
584 3234 741 3294 τοιοῦτον
763 3222 829 3309 γάρ
852 3219 950 3304 ιἰρκιῖ
969 3247 1034 3306 μοι.
1073 3226 1103 3286 2.
1131 3216 1178 3285 σὺ
1198 3222 1234 3285 δὲ

220 3324 304 3408 πρὸς
324 3333 416 3391 θεοῖν
434 3327 505 3391 εἰπέ
520 3352 592 3409 μοι,
621 3332 660 3409 τῃ
680 3328 876 3406 πολυτελείᾳ
895 3316 937 3385 οὗ
953 3322 1093 3404 νομιζεις
1111 3324 1238 3385 κακίαν

221 3436 413 3504 προσείναι;

306 3522 405 3586 ΛΤΚ.
429 3522 493 3583 Καὶ
509 3520 605 3595 μάλα.
