<?xml version="1.0" encoding="UTF-8"?>
<!DOCTYPE html PUBLIC "-//W3C//DTD XHTML 1.0 Transitional//EN"
    "http://www.w3.org/TR/xhtml1/DTD/xhtml1-transitional.dtd">
<html xmlns="http://www.w3.org/1999/xhtml" xml:lang="en" lang="en">
 <head>
  <title>
</title>
<meta http-equiv="Content-Type" content="text/html;charset=utf-8" />
  <meta name='ocr-system' content='tesseract 3.04.00' />
  <meta name='ocr-capabilities' content='ocr_page ocr_carea ocr_par ocr_line ocrx_word'/>
</head>
<body>
  <div class='ocr_page' id='page_1' title='image "./lucianisamosate04jacogoog/lucianisamosate04jacogoog_0475.png"; bbox 0 0 2625 4092; ppageno 0'>
   <div class='ocr_carea' id='block_1_1' title="bbox 435 290 1053 365">
    <p class='ocr_par' dir='ltr' id='par_1_1' title="bbox 435 290 1053 365">
     <span class='ocr_line' id='line_1_1' title="bbox 435 290 1053 365; baseline -0.006 -8"><span class='ocrx_word' id='word_1_1' title='bbox 435 294 670 365; x_wconf 68' lang='lat' dir='ltr'><strong><em>KPNIKOZ.</em></strong></span> <span class='ocrx_word' id='word_1_2' title='bbox 991 290 1053 358; x_wconf 73' lang='lat'><strong><em>401</em></strong></span> 
     </span>
    </p>
   </div>
   <div class='ocr_carea' id='block_1_2' title="bbox 47 456 1126 3494">
    <p class='ocr_par' dir='ltr' id='par_1_2' title="bbox 47 456 1126 3494">
     <span class='ocr_line' id='line_1_2' title="bbox 48 456 1054 551; baseline 0 -28"><span class='ocrx_word' id='word_1_3' title='bbox 48 458 166 541; x_wconf 85' lang='grc' dir='ltr'><strong><em>θέρος,</em></strong></span> <span class='ocrx_word' id='word_1_4' title='bbox 184 459 309 551; x_wconf 87' lang='grc' dir='ltr'><strong><em>θέρους</em></strong></span> <span class='ocrx_word' id='word_1_5' title='bbox 324 458 359 523; x_wconf 79' lang='grc' dir='ltr'><strong><em>δὲ</em></strong></span> <span class='ocrx_word' id='word_1_6' title='bbox 373 462 533 540; x_wconf 81' lang='grc' dir='ltr'><strong><em>χειμῶνα,</em></strong></span> <span class='ocrx_word' id='word_1_7' title='bbox 550 457 604 521; x_wconf 80' lang='grc' dir='ltr'><strong><em>καὶ</em></strong></span> <span class='ocrx_word' id='word_1_8' title='bbox 618 457 786 541; x_wconf 81' lang='grc' dir='ltr'><strong><em>καύματος</em></strong></span> <span class='ocrx_word' id='word_1_9' title='bbox 800 458 861 541; x_wconf 75' lang='grc' dir='ltr'><strong><em>μὲν</em></strong></span> <span class='ocrx_word' id='word_1_10' title='bbox 875 459 981 541; x_wconf 70' lang='grc' dir='ltr'><strong><em>ῥῖγος,</em></strong></span> <span class='ocrx_word' id='word_1_11' title='bbox 1002 456 1054 540; x_wconf 77' lang='grc' dir='ltr'><strong><em>ρί-</em></strong></span> 
     </span>
     <span class='ocr_line' id='line_1_3' title="bbox 49 554 1054 643; baseline -0.004 -20"><span class='ocrx_word' id='word_1_12' title='bbox 49 582 130 643; x_wconf 71' lang='grc' dir='ltr'><strong><em>γοῖις</em></strong></span> <span class='ocrx_word' id='word_1_13' title='bbox 153 558 188 627; x_wconf 85' lang='grc' dir='ltr'><strong><em>δὲ</em></strong></span> <span class='ocrx_word' id='word_1_14' title='bbox 213 561 324 639; x_wconf 84' lang='grc' dir='ltr'><strong><em>καῦμα</em></strong></span> <span class='ocrx_word' id='word_1_15' title='bbox 345 554 499 637; x_wconf 85' lang='grc' dir='ltr'><strong><em>καθάπερ</em></strong></span> <span class='ocrx_word' id='word_1_16' title='bbox 521 557 555 621; x_wconf 86' lang='grc' dir='ltr'><strong><em>οί</em></strong></span> <span class='ocrx_word' id='word_1_17' title='bbox 579 562 759 633; x_wconf 73' lang='grc' dir='ltr'><strong><em>νοσοῦντες</em></strong></span> <span class='ocrx_word' id='word_1_18' title='bbox 779 555 977 635; x_wconf 75' lang='grc' dir='ltr'><em>δυσάρεστοι</em></span> <span class='ocrx_word' id='word_1_19' title='bbox 999 555 1054 622; x_wconf 81' lang='grc' dir='ltr'><strong><em>καὶ</em></strong></span> 
     </span>
     <span class='ocr_line' id='line_1_4' title="bbox 48 646 1054 740; baseline -0.004 -19"><span class='ocrx_word' id='word_1_20' title='bbox 48 661 266 740; x_wconf 73' lang='grc' dir='ltr'><strong><em>μεμψίμοιροι</em></strong></span> <span class='ocrx_word' id='word_1_21' title='bbox 280 651 388 731; x_wconf 88' lang='grc' dir='ltr'><strong><em>ὅντες·</em></strong></span> <span class='ocrx_word' id='word_1_22' title='bbox 416 657 502 722; x_wconf 87' lang='grc' dir='ltr'><strong><em>αίτία</em></strong></span> <span class='ocrx_word' id='word_1_23' title='bbox 517 653 553 720; x_wconf 77' lang='grc' dir='ltr'><strong><em>δέ</em></strong></span> <span class='ocrx_word' id='word_1_24' title='bbox 572 655 712 731; x_wconf 79' lang='grc' dir='ltr'><strong><em>ἐκείνοις</em></strong></span> <span class='ocrx_word' id='word_1_25' title='bbox 726 650 823 737; x_wconf 75' lang='grc' dir='ltr'><strong><em>μὲνὴ</em></strong></span> <span class='ocrx_word' id='word_1_26' title='bbox 840 653 954 734; x_wconf 87' lang='grc' dir='ltr'><strong><em>νόσος,</em></strong></span> <span class='ocrx_word' id='word_1_27' title='bbox 972 646 1054 735; x_wconf 83' lang='grc' dir='ltr'><strong><em>ὑμῖν</em></strong></span> 
     </span>
     <span class='ocr_line' id='line_1_5' title="bbox 49 747 1048 836; baseline -0.005 -17"><span class='ocrx_word' id='word_1_28' title='bbox 49 757 85 821; x_wconf 80' lang='grc' dir='ltr'><strong><em>δὲ</em></strong></span> <span class='ocrx_word' id='word_1_29' title='bbox 102 750 119 819; x_wconf 89' lang='grc' dir='ltr'><strong>ὁ</strong></span> <span class='ocrx_word' id='word_1_30' title='bbox 136 753 267 836; x_wconf 89' lang='grc' dir='ltr'><strong><em>τρόπος.</em></strong></span> <span class='ocrx_word' id='word_1_31' title='bbox 292 758 340 828; x_wconf 88' lang='grc'><strong><em>18.</em></strong></span> <span class='ocrx_word' id='word_1_32' title='bbox 358 748 495 821; x_wconf 75' lang='grc' dir='ltr'><strong><em>κᾶπειτα</em></strong></span> <span class='ocrx_word' id='word_1_33' title='bbox 506 748 543 819; x_wconf 72' lang='grc' dir='ltr'><strong><em>δέ</em></strong></span> <span class='ocrx_word' id='word_1_34' title='bbox 558 747 643 836; x_wconf 76' lang='grc' dir='ltr'><strong><em>ἡμᾶς</em></strong></span> <span class='ocrx_word' id='word_1_35' title='bbox 654 758 893 834; x_wconf 71' lang='grc' dir='ltr'><strong><em>μετατίθεσθαι</em></strong></span> <span class='ocrx_word' id='word_1_36' title='bbox 908 750 962 816; x_wconf 75' lang='grc' dir='ltr'><strong><em>καί</em></strong></span> <span class='ocrx_word' id='word_1_37' title='bbox 974 750 1048 815; x_wconf 85' lang='grc' dir='ltr'><strong><em>ἐπα-</em></strong></span> 
     </span>
     <span class='ocr_line' id='line_1_6' title="bbox 50 846 1121 935; baseline -0.002 -20"><span class='ocrx_word' id='word_1_38' title='bbox 50 856 203 932; x_wconf 88' lang='grc' dir='ltr'><strong><em>νορθοῦν</em></strong></span> <span class='ocrx_word' id='word_1_39' title='bbox 213 852 253 917; x_wconf 87' lang='grc' dir='ltr'><strong><em>τά</em></strong></span> <span class='ocrx_word' id='word_1_40' title='bbox 265 847 405 935; x_wconf 80' lang='grc' dir='ltr'><strong><em>ἡμέτερα</em></strong></span> <span class='ocrx_word' id='word_1_41' title='bbox 417 846 563 932; x_wconf 80' lang='grc' dir='ltr'><strong><em>ἀξιοῦτε,</em></strong></span> <span class='ocrx_word' id='word_1_42' title='bbox 582 855 691 926; x_wconf 79' lang='grc' dir='ltr'><strong><em>κακῶς</em></strong></span> <span class='ocrx_word' id='word_1_43' title='bbox 702 851 959 935; x_wconf 77' lang='grc' dir='ltr'><strong><em>βουλευομένων</em></strong></span> <span class='ocrx_word' id='word_1_44' title='bbox 970 853 1053 913; x_wconf 85' lang='grc' dir='ltr'><strong><em>πολ·</em></strong></span> <span class='ocrx_word' id='word_1_45' title='bbox 1071 866 1121 919; x_wconf 80' lang='lat'><strong><em>550</em></strong></span> 
     </span>
     <span class='ocr_line' id='line_1_7' title="bbox 48 941 1054 1033; baseline -0.007 -16"><span class='ocrx_word' id='word_1_46' title='bbox 48 952 144 1029; x_wconf 89' lang='grc' dir='ltr'><strong><em>λάκις</em></strong></span> <span class='ocrx_word' id='word_1_47' title='bbox 155 952 230 1033; x_wconf 75' lang='grc' dir='ltr'><strong><em>περὶ</em></strong></span> <span class='ocrx_word' id='word_1_48' title='bbox 242 941 291 1017; x_wconf 74' lang='grc' dir='ltr'><strong><em>οἷν</em></strong></span> <span class='ocrx_word' id='word_1_49' title='bbox 303 948 506 1033; x_wconf 76' lang='grc' dir='ltr'><strong><em>πράττομεν,</em></strong></span> <span class='ocrx_word' id='word_1_50' title='bbox 523 944 618 1019; x_wconf 72' lang='grc' dir='ltr'><strong><em>αὐτοὶ</em></strong></span> <span class='ocrx_word' id='word_1_51' title='bbox 629 947 787 1017; x_wconf 74' lang='grc' dir='ltr'><strong><em>ἄσκεπτοι</em></strong></span> <span class='ocrx_word' id='word_1_52' title='bbox 798 945 892 1024; x_wconf 84' lang='grc' dir='ltr'><strong><em>ὄντες</em></strong></span> <span class='ocrx_word' id='word_1_53' title='bbox 902 947 976 1030; x_wconf 75' lang='grc' dir='ltr'><strong><em>περὶ</em></strong></span> <span class='ocrx_word' id='word_1_54' title='bbox 987 953 1054 1013; x_wconf 76' lang='grc' dir='ltr'><strong><em>τῶν</em></strong></span> 
     </span>
     <span class='ocr_line' id='line_1_8' title="bbox 48 1044 1053 1134; baseline -0.006 -17"><span class='ocrx_word' id='word_1_55' title='bbox 48 1053 144 1117; x_wconf 71' lang='grc' dir='ltr'><strong><em>ἰδίων</em></strong></span> <span class='ocrx_word' id='word_1_56' title='bbox 164 1050 218 1114; x_wconf 84' lang='grc' dir='ltr'><strong><em>καὶ</em></strong></span> <span class='ocrx_word' id='word_1_57' title='bbox 239 1047 344 1133; x_wconf 73' lang='grc' dir='ltr'><strong><em>μηδὲν</em></strong></span> <span class='ocrx_word' id='word_1_58' title='bbox 365 1044 477 1117; x_wconf 75' lang='grc' dir='ltr'><strong><em>αὐτῶν</em></strong></span> <span class='ocrx_word' id='word_1_59' title='bbox 494 1052 599 1129; x_wconf 86' lang='grc' dir='ltr'><strong><em>κρίσει</em></strong></span> <span class='ocrx_word' id='word_1_60' title='bbox 622 1048 678 1115; x_wconf 76' lang='grc' dir='ltr'><strong><em>καὶ</em></strong></span> <span class='ocrx_word' id='word_1_61' title='bbox 699 1052 845 1134; x_wconf 78' lang='grc' dir='ltr'><strong><em>λογισμῷ</em></strong></span> <span class='ocrx_word' id='word_1_62' title='bbox 869 1052 1053 1129; x_wconf 88' lang='grc' dir='ltr'><strong><em>ποιοῦντες,</em></strong></span> 
     </span>
     <span class='ocr_line' id='line_1_9' title="bbox 48 1141 1054 1232; baseline -0.002 -21"><span class='ocrx_word' id='word_1_63' title='bbox 48 1144 124 1213; x_wconf 81' lang='grc' dir='ltr'><strong><em>ἀλλ’</em></strong></span> <span class='ocrx_word' id='word_1_64' title='bbox 137 1152 208 1215; x_wconf 75' lang='grc' dir='ltr'><strong><em>ἔθει</em></strong></span> <span class='ocrx_word' id='word_1_65' title='bbox 221 1149 274 1213; x_wconf 82' lang='grc' dir='ltr'><strong><em>καὶ</em></strong></span> <span class='ocrx_word' id='word_1_66' title='bbox 286 1148 456 1232; x_wconf 80' lang='grc' dir='ltr'><strong><em>ἐπιθυμίη.</em></strong></span> <span class='ocrx_word' id='word_1_67' title='bbox 473 1152 653 1230; x_wconf 77' lang='grc' dir='ltr'><strong><em>τοιγαροῦν</em></strong></span> <span class='ocrx_word' id='word_1_68' title='bbox 665 1143 767 1216; x_wconf 70' lang='grc' dir='ltr'><strong><em>οὐδὲν</em></strong></span> <span class='ocrx_word' id='word_1_69' title='bbox 778 1141 870 1228; x_wconf 79' lang='grc' dir='ltr'><strong><em>ὑμεῖς</em></strong></span> <span class='ocrx_word' id='word_1_70' title='bbox 882 1146 1054 1227; x_wconf 77' lang='grc' dir='ltr'><strong><em>διαφέρετε</em></strong></span> 
     </span>
     <span class='ocr_line' id='line_1_10' title="bbox 48 1236 1055 1335; baseline -0.002 -26"><span class='ocrx_word' id='word_1_71' title='bbox 48 1250 118 1311; x_wconf 78' lang='grc' dir='ltr'><strong><em>τῶν</em></strong></span> <span class='ocrx_word' id='word_1_72' title='bbox 129 1241 195 1311; x_wconf 81' lang='grc' dir='ltr'><strong><em>ὑπὸ</em></strong></span> <span class='ocrx_word' id='word_1_73' title='bbox 207 1244 388 1329; x_wconf 72' lang='grc' dir='ltr'><strong><em>χειμάρρου</em></strong></span> <span class='ocrx_word' id='word_1_74' title='bbox 399 1246 610 1335; x_wconf 83' lang='grc' dir='ltr'><strong><em>φερομένων·</em></strong></span> <span class='ocrx_word' id='word_1_75' title='bbox 632 1246 755 1311; x_wconf 82' lang='grc' dir='ltr'><strong><em>ἐκεῖνοί</em></strong></span> <span class='ocrx_word' id='word_1_76' title='bbox 767 1268 802 1310; x_wconf 88' lang='grc' dir='ltr'><strong><em>τε</em></strong></span> <span class='ocrx_word' id='word_1_77' title='bbox 816 1240 899 1327; x_wconf 91' lang='grc' dir='ltr'><strong><em>γάρ,</em></strong></span> <span class='ocrx_word' id='word_1_78' title='bbox 914 1238 1001 1311; x_wconf 86' lang='grc' dir='ltr'><strong><em>ὅπου</em></strong></span> <span class='ocrx_word' id='word_1_79' title='bbox 1011 1236 1055 1307; x_wconf 84' lang='grc' dir='ltr'><strong><em>άυ</em></strong></span> 
     </span>
     <span class='ocr_line' id='line_1_11' title="bbox 48 1336 1055 1431; baseline -0.004 -19"><span class='ocrx_word' id='word_1_80' title='bbox 48 1354 84 1431; x_wconf 79' lang='grc' dir='ltr'><strong><em>λη</em></strong></span> <span class='ocrx_word' id='word_1_81' title='bbox 101 1342 138 1410; x_wconf 90' lang='grc' dir='ltr'><strong><em>τό</em></strong></span> <span class='ocrx_word' id='word_1_82' title='bbox 154 1346 277 1430; x_wconf 71' lang='grc' dir='ltr'><strong><em>ῥεῦμα,</em></strong></span> <span class='ocrx_word' id='word_1_83' title='bbox 299 1344 369 1411; x_wconf 88' lang='grc' dir='ltr'><strong><em>ε’κεῖ</em></strong></span> <span class='ocrx_word' id='word_1_84' title='bbox 384 1346 559 1426; x_wconf 90' lang='grc' dir='ltr'><strong><em>φέρονται,</em></strong></span> <span class='ocrx_word' id='word_1_85' title='bbox 583 1344 637 1411; x_wconf 79' lang='grc' dir='ltr'><strong><em>καὶ</em></strong></span> <span class='ocrx_word' id='word_1_86' title='bbox 658 1340 751 1427; x_wconf 86' lang='grc' dir='ltr'><strong><em>ὑμεῖς</em></strong></span> <span class='ocrx_word' id='word_1_87' title='bbox 766 1340 854 1408; x_wconf 82' lang='grc' dir='ltr'><strong><em>ὅπου</em></strong></span> <span class='ocrx_word' id='word_1_88' title='bbox 874 1336 919 1406; x_wconf 84' lang='grc' dir='ltr'><strong><em>άν</em></strong></span> <span class='ocrx_word' id='word_1_89' title='bbox 934 1345 970 1407; x_wconf 83' lang='grc' dir='ltr'><strong><em>αί</em></strong></span> <span class='ocrx_word' id='word_1_90' title='bbox 982 1342 1055 1408; x_wconf 83' lang='grc' dir='ltr'><strong><em>έπι-</em></strong></span> 
     </span>
     <span class='ocr_line' id='line_1_12' title="bbox 47 1438 1055 1526; baseline -0.008 -15"><span class='ocrx_word' id='word_1_91' title='bbox 47 1448 179 1526; x_wconf 88' lang='grc' dir='ltr'><strong><em>θυμίαι.</em></strong></span> <span class='ocrx_word' id='word_1_92' title='bbox 207 1440 346 1525; x_wconf 80' lang='grc' dir='ltr'><strong><em>πάσχετε</em></strong></span> <span class='ocrx_word' id='word_1_93' title='bbox 364 1440 399 1510; x_wconf 73' lang='grc' dir='ltr'><strong><em>δὲ</em></strong></span> <span class='ocrx_word' id='word_1_94' title='bbox 414 1439 646 1525; x_wconf 79' lang='grc' dir='ltr'><strong><em>παραπλήσιόν</em></strong></span> <span class='ocrx_word' id='word_1_95' title='bbox 660 1466 690 1507; x_wconf 92' lang='grc' dir='ltr'><strong><em>τι</em></strong></span> <span class='ocrx_word' id='word_1_96' title='bbox 708 1438 728 1508; x_wconf 87' lang='grc' dir='ltr'><strong><em>ό</em></strong></span> <span class='ocrx_word' id='word_1_97' title='bbox 743 1446 828 1525; x_wconf 92' lang='grc' dir='ltr'><strong><em>φασί</em></strong></span> <span class='ocrx_word' id='word_1_98' title='bbox 839 1465 915 1508; x_wconf 88' lang='grc' dir='ltr'><strong><em>τινα</em></strong></span> <span class='ocrx_word' id='word_1_99' title='bbox 931 1448 1055 1505; x_wconf 86' lang='grc' dir='ltr'><strong><em>παθεῖν</em></strong></span> 
     </span>
     <span class='ocr_line' id='line_1_13' title="bbox 48 1532 1055 1625; baseline -0.007 -17"><span class='ocrx_word' id='word_1_100' title='bbox 48 1537 104 1623; x_wconf 76' lang='grc' dir='ltr'><strong><em>ἐφ’</em></strong></span> <span class='ocrx_word' id='word_1_101' title='bbox 128 1541 232 1608; x_wconf 78' lang='grc' dir='ltr'><strong><em>ἵππον</em></strong></span> <span class='ocrx_word' id='word_1_102' title='bbox 250 1536 420 1624; x_wconf 78' lang='grc' dir='ltr'><strong><em>ἀναβάντα</em></strong></span> <span class='ocrx_word' id='word_1_103' title='bbox 441 1540 661 1625; x_wconf 86' lang='grc' dir='ltr'><strong><em>μαινόμενον·</em></strong></span> <span class='ocrx_word' id='word_1_104' title='bbox 694 1536 846 1619; x_wconf 80' lang='grc' dir='ltr'><strong><em>ἁρπάσας</em></strong></span> <span class='ocrx_word' id='word_1_105' title='bbox 862 1536 927 1622; x_wconf 82' lang='grc' dir='ltr'><strong><em>γάρ</em></strong></span> <span class='ocrx_word' id='word_1_106' title='bbox 951 1532 1055 1602; x_wconf 82' lang='grc' dir='ltr'><strong><em>αὑτόν</em></strong></span> 
     </span>
     <span class='ocr_line' id='line_1_14' title="bbox 47 1631 1056 1722; baseline -0.006 -17"><span class='ocrx_word' id='word_1_107' title='bbox 47 1645 172 1722; x_wconf 75' lang='grc' dir='ltr'><strong><em>ἔφερεν</em></strong></span> <span class='ocrx_word' id='word_1_108' title='bbox 189 1634 253 1718; x_wconf 84' lang='grc' dir='ltr'><strong><em>άρα</em></strong></span> <span class='ocrx_word' id='word_1_109' title='bbox 275 1632 424 1715; x_wconf 83' lang='grc' dir='ltr'><strong><em>ὁίππος·</em></strong></span> <span class='ocrx_word' id='word_1_110' title='bbox 451 1631 521 1703; x_wconf 71' lang='grc' dir='ltr'><strong><em>ὁδε</em></strong></span> <span class='ocrx_word' id='word_1_111' title='bbox 543 1633 653 1706; x_wconf 82' lang='grc' dir='ltr'><strong><em>οὐκέτι</em></strong></span> <span class='ocrx_word' id='word_1_112' title='bbox 671 1642 853 1722; x_wconf 78' lang='grc' dir='ltr'><strong><em>καταβῆναι</em></strong></span> <span class='ocrx_word' id='word_1_113' title='bbox 874 1640 935 1700; x_wconf 89' lang='grc' dir='ltr'><strong><em>τοῦ</em></strong></span> <span class='ocrx_word' id='word_1_114' title='bbox 950 1636 1056 1701; x_wconf 82' lang='grc' dir='ltr'><strong><em>ἵππου</em></strong></span> 
     </span>
     <span class='ocr_line' id='line_1_15' title="bbox 48 1728 1055 1819; baseline -0.007 -16"><span class='ocrx_word' id='word_1_115' title='bbox 48 1737 191 1812; x_wconf 76' lang='grc' dir='ltr'><strong><em>θέοντος</em></strong></span> <span class='ocrx_word' id='word_1_116' title='bbox 210 1732 360 1800; x_wconf 86' lang='grc' dir='ltr'><strong><em>ε’δόνατο.</em></strong></span> <span class='ocrx_word' id='word_1_117' title='bbox 394 1740 453 1809; x_wconf 84' lang='grc' dir='ltr'><strong><em>καί</em></strong></span> <span class='ocrx_word' id='word_1_118' title='bbox 471 1760 520 1810; x_wconf 89' lang='grc' dir='ltr'><strong><em>τις</em></strong></span> <span class='ocrx_word' id='word_1_119' title='bbox 544 1732 735 1819; x_wconf 76' lang='grc' dir='ltr'><strong><em>ἀπαντησας</em></strong></span> <span class='ocrx_word' id='word_1_120' title='bbox 757 1729 928 1817; x_wconf 77' lang='grc' dir='ltr'><strong><em>ἠρώτησεν</em></strong></span> <span class='ocrx_word' id='word_1_121' title='bbox 951 1728 1055 1797; x_wconf 83' lang='grc' dir='ltr'><strong><em>αὑτὸν</em></strong></span> 
     </span>
     <span class='ocr_line' id='line_1_16' title="bbox 49 1826 1056 1919; baseline -0.007 -18"><span class='ocrx_word' id='word_1_122' title='bbox 49 1840 152 1900; x_wconf 87' lang='grc' dir='ltr'><strong><em>ποίαν</em></strong></span> <span class='ocrx_word' id='word_1_123' title='bbox 169 1830 318 1911; x_wconf 80' lang='grc' dir='ltr'><strong><em>άπεισιυ;</em></strong></span> <span class='ocrx_word' id='word_1_124' title='bbox 340 1827 412 1899; x_wconf 75' lang='grc' dir='ltr'><strong><em>ὁδὲ</em></strong></span> <span class='ocrx_word' id='word_1_125' title='bbox 433 1828 540 1916; x_wconf 80' lang='grc' dir='ltr'><strong><em>εἶπεν,</em></strong></span> <span class='ocrx_word' id='word_1_126' title='bbox 556 1830 663 1898; x_wconf 83' lang='grc' dir='ltr'><strong><em>Ὅπου</em></strong></span> <span class='ocrx_word' id='word_1_127' title='bbox 683 1826 728 1896; x_wconf 82' lang='grc' dir='ltr'><strong><em>άυ</em></strong></span> <span class='ocrx_word' id='word_1_128' title='bbox 741 1830 848 1919; x_wconf 85' lang='grc' dir='ltr'><strong><em>τοότφ</em></strong></span> <span class='ocrx_word' id='word_1_129' title='bbox 866 1834 963 1917; x_wconf 90' lang='grc' dir='ltr'><strong><em>δοκῇ,</em></strong></span> <span class='ocrx_word' id='word_1_130' title='bbox 986 1832 1056 1895; x_wconf 90' lang='grc' dir='ltr'><strong><em>δει-</em></strong></span> 
     </span>
     <span class='ocr_line' id='line_1_17' title="bbox 49 1926 1056 2017; baseline -0.007 -19"><span class='ocrx_word' id='word_1_131' title='bbox 49 1929 135 2007; x_wconf 87' lang='grc' dir='ltr'><strong><em>κνῦς</em></strong></span> <span class='ocrx_word' id='word_1_132' title='bbox 155 1926 214 1995; x_wconf 87' lang='grc' dir='ltr'><strong><em>τόν</em></strong></span> <span class='ocrx_word' id='word_1_133' title='bbox 229 1931 342 1995; x_wconf 82' lang='grc' dir='ltr'><strong><em>ἵππον.</em></strong></span> <span class='ocrx_word' id='word_1_134' title='bbox 370 1930 424 1995; x_wconf 86' lang='grc' dir='ltr'><strong><em>καὶ</em></strong></span> <span class='ocrx_word' id='word_1_135' title='bbox 442 1926 527 2015; x_wconf 82' lang='grc' dir='ltr'><strong><em>ὑμᾶς</em></strong></span> <span class='ocrx_word' id='word_1_136' title='bbox 545 1928 587 1995; x_wconf 81' lang='grc' dir='ltr'><strong><em>ἄν</em></strong></span> <span class='ocrx_word' id='word_1_137' title='bbox 608 1955 657 2007; x_wconf 89' lang='grc' dir='ltr'><strong><em>τις</em></strong></span> <span class='ocrx_word' id='word_1_138' title='bbox 677 1933 798 2017; x_wconf 78' lang='grc' dir='ltr'><strong><em>ἐρωτᾷ,</em></strong></span> <span class='ocrx_word' id='word_1_139' title='bbox 820 1942 880 1994; x_wconf 89' lang='grc' dir='ltr'><strong><em>ποῖ</em></strong></span> <span class='ocrx_word' id='word_1_140' title='bbox 892 1930 1056 2013; x_wconf 87' lang='grc' dir='ltr'><strong><em>φέρεσθε;</em></strong></span> 
     </span>
     <span class='ocr_line' id='line_1_18' title="bbox 47 2019 1056 2112; baseline -0.004 -18"><span class='ocrx_word' id='word_1_141' title='bbox 47 2026 193 2112; x_wconf 80' lang='grc' dir='ltr'><strong><em>τάληθὲς</em></strong></span> <span class='ocrx_word' id='word_1_142' title='bbox 211 2028 382 2103; x_wconf 85' lang='grc' dir='ltr'><strong><em>ἐθέλοντες</em></strong></span> <span class='ocrx_word' id='word_1_143' title='bbox 398 2029 507 2110; x_wconf 88' lang='grc' dir='ltr'><strong><em>λέγειν</em></strong></span> <span class='ocrx_word' id='word_1_144' title='bbox 521 2029 622 2107; x_wconf 78' lang='grc' dir='ltr'><strong><em>ἐρεῖτε</em></strong></span> <span class='ocrx_word' id='word_1_145' title='bbox 638 2024 749 2105; x_wconf 79' lang='grc' dir='ltr'><strong><em>ἁπλῶς</em></strong></span> <span class='ocrx_word' id='word_1_146' title='bbox 763 2027 841 2112; x_wconf 89' lang='grc' dir='ltr'><strong><em>μέν,</em></strong></span> <span class='ocrx_word' id='word_1_147' title='bbox 862 2024 1001 2106; x_wconf 82' lang='grc' dir='ltr'><strong><em>ὅποιπερ</em></strong></span> <span class='ocrx_word' id='word_1_148' title='bbox 1012 2019 1056 2090; x_wconf 82' lang='grc' dir='ltr'><strong><em>άν</em></strong></span> 
     </span>
     <span class='ocr_line' id='line_1_19' title="bbox 47 2118 1056 2217; baseline -0.019 -13"><span class='ocrx_word' id='word_1_149' title='bbox 47 2139 121 2202; x_wconf 74' lang='grc' dir='ltr'><em>ταῖς</em></span> <span class='ocrx_word' id='word_1_150' title='bbox 130 2126 321 2208; x_wconf 63' lang='grc' dir='ltr'><strong><em>ἐπιθυμίαις</em></strong></span> <span class='ocrx_word' id='word_1_151' title='bbox 332 2127 424 2217; x_wconf 71' lang='grc' dir='ltr'><strong><em>δοκῇ,</em></strong></span> <span class='ocrx_word' id='word_1_152' title='bbox 435 2122 517 2197; x_wconf 77' lang='grc' dir='ltr'><strong><em>κατὰ</em></strong></span> <span class='ocrx_word' id='word_1_153' title='bbox 529 2128 628 2210; x_wconf 80' lang='grc' dir='ltr'><strong><em>μέρος</em></strong></span> <span class='ocrx_word' id='word_1_154' title='bbox 638 2127 686 2208; x_wconf 90' lang='grc' dir='ltr'><strong><em>δέ,</em></strong></span> <span class='ocrx_word' id='word_1_155' title='bbox 697 2124 837 2209; x_wconf 83' lang='grc' dir='ltr'><strong><em>ὅποιπερ</em></strong></span> <span class='ocrx_word' id='word_1_156' title='bbox 849 2118 893 2190; x_wconf 85' lang='grc' dir='ltr'><strong><em>άν</em></strong></span> <span class='ocrx_word' id='word_1_157' title='bbox 902 2130 942 2211; x_wconf 93' lang='grc' dir='ltr'><strong><em>τῇ</em></strong></span> <span class='ocrx_word' id='word_1_158' title='bbox 951 2119 1056 2209; x_wconf 79' lang='grc' dir='ltr'><strong><em>ἡδονῇ</em></strong></span> 
     </span>
     <span class='ocr_line' id='line_1_20' title="bbox 48 2214 1057 2311; baseline -0.004 -23"><span class='ocrx_word' id='word_1_159' title='bbox 48 2228 151 2310; x_wconf 89' lang='grc' dir='ltr'><strong><em>δοκῇ,</em></strong></span> <span class='ocrx_word' id='word_1_160' title='bbox 170 2220 249 2289; x_wconf 75' lang='grc' dir='ltr'><strong><em>ποτέ</em></strong></span> <span class='ocrx_word' id='word_1_161' title='bbox 267 2224 319 2305; x_wconf 88' lang='grc' dir='ltr'><strong><em>δέ,</em></strong></span> <span class='ocrx_word' id='word_1_162' title='bbox 340 2218 428 2289; x_wconf 80' lang='grc' dir='ltr'><strong><em>ὅπου</em></strong></span> <span class='ocrx_word' id='word_1_163' title='bbox 443 2230 483 2311; x_wconf 90' lang='grc' dir='ltr'><strong><em>τῇ</em></strong></span> <span class='ocrx_word' id='word_1_164' title='bbox 498 2223 593 2310; x_wconf 80' lang='grc' dir='ltr'><strong><em>δόξη,</em></strong></span> <span class='ocrx_word' id='word_1_165' title='bbox 614 2223 692 2290; x_wconf 77' lang='grc' dir='ltr'><strong><em>ποτὲ</em></strong></span> <span class='ocrx_word' id='word_1_166' title='bbox 710 2224 746 2291; x_wconf 77' lang='grc' dir='ltr'><strong><em>δὲ</em></strong></span> <span class='ocrx_word' id='word_1_167' title='bbox 761 2214 821 2306; x_wconf 83' lang='grc' dir='ltr'><strong><em>αὑ,</em></strong></span> <span class='ocrx_word' id='word_1_168' title='bbox 843 2226 882 2308; x_wconf 89' lang='grc' dir='ltr'><strong><em>τῇ</em></strong></span> <span class='ocrx_word' id='word_1_169' title='bbox 899 2226 1057 2303; x_wconf 52' lang='grc' dir='ltr'><strong><em>φιλοκερα</em></strong></span> 
     </span>
     <span class='ocr_line' id='line_1_21' title="bbox 49 2316 1057 2410; baseline -0.006 -21"><span class='ocrx_word' id='word_1_170' title='bbox 49 2328 124 2410; x_wconf 79' lang='grc' dir='ltr'><strong><em>δίᾳ·</em></strong></span> <span class='ocrx_word' id='word_1_171' title='bbox 145 2323 225 2389; x_wconf 76' lang='grc' dir='ltr'><strong><em>ποτὲ</em></strong></span> <span class='ocrx_word' id='word_1_172' title='bbox 240 2320 276 2387; x_wconf 74' lang='grc' dir='ltr'><strong><em>δὲ</em></strong></span> <span class='ocrx_word' id='word_1_173' title='bbox 293 2316 311 2394; x_wconf 78' lang='grc' dir='ltr'><strong>ὁ</strong></span> <span class='ocrx_word' id='word_1_174' title='bbox 328 2324 454 2409; x_wconf 87' lang='grc' dir='ltr'><strong><em>θυμός,</em></strong></span> <span class='ocrx_word' id='word_1_175' title='bbox 469 2324 547 2389; x_wconf 76' lang='grc' dir='ltr'><strong><em>ποτὲ</em></strong></span> <span class='ocrx_word' id='word_1_176' title='bbox 563 2318 627 2387; x_wconf 76' lang='grc' dir='ltr'><strong><em>δέό</em></strong></span> <span class='ocrx_word' id='word_1_177' title='bbox 642 2322 764 2407; x_wconf 90' lang='grc' dir='ltr'><strong><em>φόβος,</em></strong></span> <span class='ocrx_word' id='word_1_178' title='bbox 782 2320 860 2386; x_wconf 77' lang='grc' dir='ltr'><strong><em>ποτὲ</em></strong></span> <span class='ocrx_word' id='word_1_179' title='bbox 875 2320 911 2385; x_wconf 75' lang='grc' dir='ltr'><strong><em>δὲ</em></strong></span> <span class='ocrx_word' id='word_1_180' title='bbox 927 2317 1008 2385; x_wconf 77' lang='grc' dir='ltr'><strong><em>ἄλλο</em></strong></span> <span class='ocrx_word' id='word_1_181' title='bbox 1026 2344 1057 2384; x_wconf 94' lang='grc' dir='ltr'><strong><em>τι</em></strong></span> 
     </span>
     <span class='ocr_line' id='line_1_22' title="bbox 48 2414 1054 2507; baseline -0.002 -20"><span class='ocrx_word' id='word_1_182' title='bbox 48 2428 206 2489; x_wconf 86' lang='grc' dir='ltr'><strong><em>τοιοῦτον</em></strong></span> <span class='ocrx_word' id='word_1_183' title='bbox 222 2416 308 2507; x_wconf 79' lang='grc' dir='ltr'><strong><em>,ὑμᾶς</em></strong></span> <span class='ocrx_word' id='word_1_184' title='bbox 322 2424 475 2507; x_wconf 78' lang='grc' dir='ltr'><strong><em>ἐκφέρειν</em></strong></span> <span class='ocrx_word' id='word_1_185' title='bbox 490 2421 645 2489; x_wconf 83' lang='grc' dir='ltr'><strong><em>δύναται·</em></strong></span> <span class='ocrx_word' id='word_1_186' title='bbox 669 2418 710 2487; x_wconf 84' lang='grc' dir='ltr'><strong><em>οὐ</em></strong></span> <span class='ocrx_word' id='word_1_187' title='bbox 723 2417 788 2505; x_wconf 85' lang='grc' dir='ltr'><strong><em>γάρ</em></strong></span> <span class='ocrx_word' id='word_1_188' title='bbox 804 2415 859 2504; x_wconf 76' lang='grc' dir='ltr'><strong><em>ἐφ’</em></strong></span> <span class='ocrx_word' id='word_1_189' title='bbox 875 2418 966 2499; x_wconf 81' lang='grc' dir='ltr'><strong><em>ἑνός,</em></strong></span> <span class='ocrx_word' id='word_1_190' title='bbox 980 2414 1054 2485; x_wconf 80' lang='grc' dir='ltr'><strong><em>ἀλλ’</em></strong></span> 
     </span>
     <span class='ocr_line' id='line_1_23' title="bbox 50 2518 1057 2607; baseline -0.008 -16"><span class='ocrx_word' id='word_1_191' title='bbox 50 2526 107 2591; x_wconf 79' lang='grc' dir='ltr'><strong><em>ἐπὶ</em></strong></span> <span class='ocrx_word' id='word_1_192' title='bbox 121 2529 254 2590; x_wconf 78' lang='grc' dir='ltr'><strong><em>πολλῶν</em></strong></span> <span class='ocrx_word' id='word_1_193' title='bbox 265 2519 358 2606; x_wconf 87' lang='grc' dir='ltr'><strong><em>ὑμεῖς</em></strong></span> <span class='ocrx_word' id='word_1_194' title='bbox 369 2546 407 2606; x_wconf 88' lang='grc' dir='ltr'><strong><em>γε</em></strong></span> <span class='ocrx_word' id='word_1_195' title='bbox 422 2523 536 2591; x_wconf 77' lang='grc' dir='ltr'><strong><em>ἳππων</em></strong></span> <span class='ocrx_word' id='word_1_196' title='bbox 546 2521 722 2607; x_wconf 86' lang='grc' dir='ltr'><strong><em>βεβηκότες</em></strong></span> <span class='ocrx_word' id='word_1_197' title='bbox 732 2518 849 2596; x_wconf 82' lang='grc' dir='ltr'><strong><em>άλλοτε</em></strong></span> <span class='ocrx_word' id='word_1_198' title='bbox 864 2519 986 2598; x_wconf 79' lang='grc' dir='ltr'><strong><em>ἄλλων,</em></strong></span> <span class='ocrx_word' id='word_1_199' title='bbox 1003 2519 1057 2584; x_wconf 77' lang='grc' dir='ltr'><strong><em>καί</em></strong></span> 
     </span>
     <span class='ocr_line' id='line_1_24' title="bbox 48 2619 1057 2707; baseline -0.006 -20"><span class='ocrx_word' id='word_1_200' title='bbox 48 2625 265 2707; x_wconf 83' lang='grc' dir='ltr'><strong><em>μαινομένων</em></strong></span> <span class='ocrx_word' id='word_1_201' title='bbox 289 2619 440 2701; x_wconf 89' lang='grc' dir='ltr'><strong><em>πάντων,</em></strong></span> <span class='ocrx_word' id='word_1_202' title='bbox 468 2622 622 2704; x_wconf 81' lang='grc' dir='ltr'><strong><em>φέρεσθε.</em></strong></span> <span class='ocrx_word' id='word_1_203' title='bbox 656 2624 835 2703; x_wconf 73' lang='grc' dir='ltr'><strong><em>τοιγαροῦν</em></strong></span> <span class='ocrx_word' id='word_1_204' title='bbox 858 2619 1057 2700; x_wconf 76' lang='grc' dir='ltr'><strong><em>ἐκφέρουσιν</em></strong></span> 
     </span>
     <span class='ocr_line' id='line_1_25' title="bbox 49 2714 1120 2805; baseline -0.006 -18"><span class='ocrx_word' id='word_1_205' title='bbox 49 2718 140 2805; x_wconf 83' lang='grc' dir='ltr'><strong><em>ὑμᾶς</em></strong></span> <span class='ocrx_word' id='word_1_206' title='bbox 156 2726 201 2797; x_wconf 83' lang='grc' dir='ltr'><strong><em>εἰς</em></strong></span> <span class='ocrx_word' id='word_1_207' title='bbox 216 2720 375 2805; x_wconf 76' lang='grc' dir='ltr'><strong><em>βάραθρα</em></strong></span> <span class='ocrx_word' id='word_1_208' title='bbox 390 2722 444 2785; x_wconf 78' lang='grc' dir='ltr'><strong><em>καὶ</em></strong></span> <span class='ocrx_word' id='word_1_209' title='bbox 464 2719 642 2803; x_wconf 84' lang='grc' dir='ltr'><strong><em>κρημνούς.</em></strong></span> <span class='ocrx_word' id='word_1_210' title='bbox 674 2728 744 2786; x_wconf 85' lang='grc' dir='ltr'><strong><em>ίστε</em></strong></span> <span class='ocrx_word' id='word_1_211' title='bbox 761 2714 792 2782; x_wconf 91' lang='grc' dir='ltr'><strong><em>δ’</em></strong></span> <span class='ocrx_word' id='word_1_212' title='bbox 811 2714 964 2802; x_wconf 73' lang='grc' dir='ltr'><strong><em>οὐδαμῶς</em></strong></span> <span class='ocrx_word' id='word_1_213' title='bbox 978 2720 1057 2798; x_wconf 82' lang='grc' dir='ltr'><strong><em>πρὶν</em></strong></span> <span class='ocrx_word' id='word_1_214' title='bbox 1115 2777 1120 2788; x_wconf 72' lang='grc'><strong><em>,</em></strong></span> 
     </span>
     <span class='ocr_line' id='line_1_26' title="bbox 48 2806 1058 2903; baseline -0.005 -18"><span class='ocrx_word' id='word_1_215' title='bbox 48 2832 167 2885; x_wconf 81' lang='grc' dir='ltr'><strong><em>πεσεῖν</em></strong></span> <span class='ocrx_word' id='word_1_216' title='bbox 182 2816 231 2884; x_wconf 86' lang='grc' dir='ltr'><strong><em>ότι</em></strong></span> <span class='ocrx_word' id='word_1_217' title='bbox 246 2828 420 2884; x_wconf 84' lang='grc' dir='ltr'><strong><em>πεσεῖσθαι</em></strong></span> <span class='ocrx_word' id='word_1_218' title='bbox 434 2822 577 2903; x_wconf 80' lang='grc' dir='ltr'><strong><em>μέλλετε.</em></strong></span> <span class='ocrx_word' id='word_1_219' title='bbox 603 2822 650 2885; x_wconf 87' lang='grc'><strong><em>19.</em></strong></span> <span class='ocrx_word' id='word_1_220' title='bbox 668 2814 736 2885; x_wconf 71' lang='grc' dir='ltr'><strong><em>ὁδε</em></strong></span> <span class='ocrx_word' id='word_1_221' title='bbox 747 2823 871 2903; x_wconf 87' lang='grc' dir='ltr'><strong><em>τρίβων</em></strong></span> <span class='ocrx_word' id='word_1_222' title='bbox 886 2807 999 2898; x_wconf 83' lang='grc' dir='ltr'><strong><em>οὗτος,</em></strong></span> <span class='ocrx_word' id='word_1_223' title='bbox 1015 2806 1058 2880; x_wconf 84' lang='grc' dir='ltr'><strong><em>οὑ</em></strong></span> 
     </span>
     <span class='ocr_line' id='line_1_27' title="bbox 49 2911 1057 3001; baseline -0.007 -16"><span class='ocrx_word' id='word_1_224' title='bbox 49 2924 269 3001; x_wconf 80' lang='grc' dir='ltr'><strong><em>καταγελᾶτε,</em></strong></span> <span class='ocrx_word' id='word_1_225' title='bbox 293 2918 346 2984; x_wconf 87' lang='grc' dir='ltr'><strong><em>καὶ</em></strong></span> <span class='ocrx_word' id='word_1_226' title='bbox 365 2914 384 2999; x_wconf 80' lang='grc' dir='ltr'><em>ἡ</em></span> <span class='ocrx_word' id='word_1_227' title='bbox 406 2917 491 3001; x_wconf 89' lang='grc' dir='ltr'><strong><em>κόμη</em></strong></span> <span class='ocrx_word' id='word_1_228' title='bbox 508 2917 562 2984; x_wconf 82' lang='grc' dir='ltr'><strong><em>καὶ</em></strong></span> <span class='ocrx_word' id='word_1_229' title='bbox 579 2914 615 2982; x_wconf 88' lang='grc' dir='ltr'><strong><em>τό</em></strong></span> <span class='ocrx_word' id='word_1_230' title='bbox 633 2921 740 3000; x_wconf 84' lang='grc' dir='ltr'><strong><em>σχημα</em></strong></span> <span class='ocrx_word' id='word_1_231' title='bbox 758 2912 885 2998; x_wconf 81' lang='grc' dir='ltr'><strong><em>τούμόν</em></strong></span> <span class='ocrx_word' id='word_1_232' title='bbox 899 2911 1057 2999; x_wconf 79' lang='grc' dir='ltr'><strong><em>τηλικαό·</em></strong></span> 
     </span>
     <span class='ocr_line' id='line_1_28' title="bbox 48 3010 1057 3101; baseline -0.001 -21"><span class='ocrx_word' id='word_1_233' title='bbox 48 3041 115 3101; x_wconf 85' lang='grc' dir='ltr'><strong><em>την</em></strong></span> <span class='ocrx_word' id='word_1_234' title='bbox 130 3020 193 3100; x_wconf 81' lang='grc' dir='ltr'><strong><em>ἔχει</em></strong></span> <span class='ocrx_word' id='word_1_235' title='bbox 208 3015 368 3100; x_wconf 82' lang='grc' dir='ltr'><strong><em>δύναμιν,</em></strong></span> <span class='ocrx_word' id='word_1_236' title='bbox 388 3013 471 3081; x_wconf 81' lang='grc' dir='ltr'><strong><em>ιόστε</em></strong></span> <span class='ocrx_word' id='word_1_237' title='bbox 483 3018 637 3100; x_wconf 84' lang='grc' dir='ltr'><strong><em>παρέχειν</em></strong></span> <span class='ocrx_word' id='word_1_238' title='bbox 648 3040 704 3099; x_wconf 92' lang='grc' dir='ltr'><strong><em>μοι</em></strong></span> <span class='ocrx_word' id='word_1_239' title='bbox 718 3019 776 3099; x_wconf 80' lang='grc' dir='ltr'><strong><em>ζῇν</em></strong></span> <span class='ocrx_word' id='word_1_240' title='bbox 788 3010 842 3096; x_wconf 78' lang='grc' dir='ltr'><strong><em>ἐφ’</em></strong></span> <span class='ocrx_word' id='word_1_241' title='bbox 858 3010 994 3100; x_wconf 78' lang='grc' dir='ltr'><strong><em>ἡσυχίας</em></strong></span> <span class='ocrx_word' id='word_1_242' title='bbox 1005 3015 1057 3085; x_wconf 75' lang='grc' dir='ltr'><strong><em>καὶ</em></strong></span> 
     </span>
     <span class='ocr_line' id='line_1_29' title="bbox 49 3108 1060 3200; baseline -0.005 -17"><span class='ocrx_word' id='word_1_243' title='bbox 49 3112 232 3195; x_wconf 89' lang='grc' dir='ltr'><strong><em>πράττοντι</em></strong></span> <span class='ocrx_word' id='word_1_244' title='bbox 247 3110 266 3177; x_wconf 85' lang='grc' dir='ltr'><strong><em>ό</em></strong></span> <span class='ocrx_word' id='word_1_245' title='bbox 273 3139 312 3183; x_wconf 88' lang='grc' dir='ltr'><strong><em>τι</em></strong></span> <span class='ocrx_word' id='word_1_246' title='bbox 326 3114 490 3200; x_wconf 85' lang='grc' dir='ltr'><strong><em>βούλομαι</em></strong></span> <span class='ocrx_word' id='word_1_247' title='bbox 506 3117 560 3183; x_wconf 77' lang='grc' dir='ltr'><strong><em>καὶ</em></strong></span> <span class='ocrx_word' id='word_1_248' title='bbox 574 3114 712 3180; x_wconf 90' lang='grc' dir='ltr'><strong><em>συνόντι</em></strong></span> <span class='ocrx_word' id='word_1_249' title='bbox 727 3108 775 3189; x_wconf 89' lang='grc' dir='ltr'><strong><em>οἷς</em></strong></span> <span class='ocrx_word' id='word_1_250' title='bbox 791 3113 970 3197; x_wconf 86' lang='grc' dir='ltr'><strong><em>βούλομαι·</em></strong></span> <span class='ocrx_word' id='word_1_251' title='bbox 992 3120 1060 3179; x_wconf 81' lang='grc' dir='ltr'><strong><em>των</em></strong></span> 
     </span>
     <span class='ocr_line' id='line_1_30' title="bbox 49 3208 1059 3301; baseline 0 -22"><span class='ocrx_word' id='word_1_252' title='bbox 49 3211 118 3301; x_wconf 80' lang='grc' dir='ltr'><strong><em>γάρ</em></strong></span> <span class='ocrx_word' id='word_1_253' title='bbox 134 3210 278 3298; x_wconf 85' lang='grc' dir='ltr'><strong><em>άμαθῶν</em></strong></span> <span class='ocrx_word' id='word_1_254' title='bbox 293 3209 487 3295; x_wconf 79' lang='grc' dir='ltr'><strong><em>ἀνθρώπων</em></strong></span> <span class='ocrx_word' id='word_1_255' title='bbox 502 3217 556 3279; x_wconf 84' lang='grc' dir='ltr'><strong><em>καὶ</em></strong></span> <span class='ocrx_word' id='word_1_256' title='bbox 572 3210 782 3278; x_wconf 77' lang='grc' dir='ltr'><strong><em>ἀπαιδεύτων</em></strong></span> <span class='ocrx_word' id='word_1_257' title='bbox 798 3208 906 3289; x_wconf 78' lang='grc' dir='ltr'><strong><em>οὐδεὶς</em></strong></span> <span class='ocrx_word' id='word_1_258' title='bbox 923 3208 967 3278; x_wconf 84' lang='grc' dir='ltr'><strong><em>άν</em></strong></span> <span class='ocrx_word' id='word_1_259' title='bbox 982 3214 1059 3283; x_wconf 78' lang='grc' dir='ltr'><strong><em>ἐθέ-</em></strong></span> 
     </span>
     <span class='ocr_line' id='line_1_31' title="bbox 50 3309 1059 3397; baseline -0.006 -16"><span class='ocrx_word' id='word_1_260' title='bbox 50 3320 107 3381; x_wconf 87' lang='grc' dir='ltr'><strong><em>λοι</em></strong></span> <span class='ocrx_word' id='word_1_261' title='bbox 125 3339 180 3395; x_wconf 93' lang='grc' dir='ltr'><strong><em>μοι</em></strong></span> <span class='ocrx_word' id='word_1_262' title='bbox 196 3316 368 3394; x_wconf 87' lang='grc' dir='ltr'><strong><em>προσιέναι</em></strong></span> <span class='ocrx_word' id='word_1_263' title='bbox 379 3310 433 3378; x_wconf 83' lang='grc' dir='ltr'><strong><em>διά</em></strong></span> <span class='ocrx_word' id='word_1_264' title='bbox 448 3310 485 3377; x_wconf 88' lang='grc' dir='ltr'><strong><em>τό</em></strong></span> <span class='ocrx_word' id='word_1_265' title='bbox 502 3318 624 3397; x_wconf 79' lang='grc' dir='ltr'><strong><em>σχῆμα,</em></strong></span> <span class='ocrx_word' id='word_1_266' title='bbox 643 3315 677 3377; x_wconf 87' lang='grc' dir='ltr'><strong><em>οί</em></strong></span> <span class='ocrx_word' id='word_1_267' title='bbox 691 3310 727 3377; x_wconf 76' lang='grc' dir='ltr'><strong><em>δὲ</em></strong></span> <span class='ocrx_word' id='word_1_268' title='bbox 744 3314 886 3395; x_wconf 82' lang='grc' dir='ltr'><strong><em>μαλακοὶ</em></strong></span> <span class='ocrx_word' id='word_1_269' title='bbox 899 3313 955 3380; x_wconf 79' lang='grc' dir='ltr'><strong><em>καὶ</em></strong></span> <span class='ocrx_word' id='word_1_270' title='bbox 968 3309 1059 3376; x_wconf 93' lang='grc' dir='ltr'><strong><em>πάνυ</em></strong></span> 
     </span>
     <span class='ocr_line' id='line_1_32' title="bbox 50 3409 1126 3494; baseline -0.006 -18"><span class='ocrx_word' id='word_1_271' title='bbox 50 3410 235 3493; x_wconf 89' lang='grc' dir='ltr'><strong><em>πόρρωθεν</em></strong></span> <span class='ocrx_word' id='word_1_272' title='bbox 252 3412 481 3493; x_wconf 82' lang='grc' dir='ltr'><strong><em>ἐκτρέπονται·</em></strong></span> <span class='ocrx_word' id='word_1_273' title='bbox 509 3416 665 3494; x_wconf 90' lang='grc' dir='ltr'><strong><em>προσίασι</em></strong></span> <span class='ocrx_word' id='word_1_274' title='bbox 687 3409 722 3475; x_wconf 79' lang='grc' dir='ltr'><strong><em>δὲ</em></strong></span> <span class='ocrx_word' id='word_1_275' title='bbox 738 3412 773 3476; x_wconf 84' lang='grc' dir='ltr'><strong><em>οί</em></strong></span> <span class='ocrx_word' id='word_1_276' title='bbox 785 3410 988 3493; x_wconf 79' lang='grc' dir='ltr'><strong><em>κομψότατοι</em></strong></span> <span class='ocrx_word' id='word_1_277' title='bbox 1003 3412 1057 3476; x_wconf 84' lang='grc' dir='ltr'><strong><em>καὶ</em></strong></span> <span class='ocrx_word' id='word_1_278' title='bbox 1077 3419 1126 3473; x_wconf 76' lang='grc'><strong><em>561</em></strong></span> 
     </span>
    </p>
   </div>
   <div class='ocr_carea' id='block_1_3' title="bbox 52 3501 1060 3659">
    <p class='ocr_par' dir='ltr' id='par_1_3' title="bbox 52 3501 1060 3659">
     <span class='ocr_line' id='line_1_33' title="bbox 52 3501 1060 3657; baseline -0.002 -82"><span class='ocrx_word' id='word_1_279' title='bbox 52 3510 290 3577; x_wconf 80' lang='grc' dir='ltr'><strong><em>ἐπιεικέστατοι</em></strong></span> <span class='ocrx_word' id='word_1_280' title='bbox 310 3512 364 3576; x_wconf 83' lang='grc' dir='ltr'><strong><em>καὶ</em></strong></span> <span class='ocrx_word' id='word_1_281' title='bbox 383 3506 500 3594; x_wconf 80' lang='grc' dir='ltr'><strong><em>αρετῆς</em></strong></span> <span class='ocrx_word' id='word_1_282' title='bbox 521 3513 774 3593; x_wconf 83' lang='grc' dir='ltr'><strong><em>ἐπιθυμοῦντες.</em></strong></span> <span class='ocrx_word' id='word_1_283' title='bbox 808 3501 901 3657; x_wconf 49' lang='grc' dir='ltr'><strong><em>οὗτοῗι</em></strong></span> <span class='ocrx_word' id='word_1_284' title='bbox 920 3507 1060 3593; x_wconf 87' lang='grc' dir='ltr'><strong><em>μάλιστά</em></strong></span> 
     </span>
     <span class='ocr_line' id='line_1_34' title="bbox 140 3599 922 3659; baseline 0 -3"><span class='ocrx_word' id='word_1_285' title='bbox 140 3619 245 3659; x_wconf 67' lang='lat' dir='ltr'><strong>mem«.</strong></span> <span class='ocrx_word' id='word_1_286' title='bbox 266 3604 310 3659; x_wconf 88' lang='grc' dir='ltr'><strong><em>ΠΙ.</em></strong></span> <span class='ocrx_word' id='word_1_287' title='bbox 902 3599 922 3656; x_wconf 91' lang='grc'><strong>6</strong></span> 
     </span>
    </p>
   </div>
   <div class='ocr_carea' id='block_1_4' title="bbox 0 0 1322 4092">
    <p class='ocr_par' dir='ltr' id='par_1_4' title="bbox 0 0 1322 4092">
     <span class='ocr_line' id='line_1_35' title="bbox 0 0 1322 4092; baseline 0 0"><span class='ocrx_word' id='word_1_288' title='bbox 0 0 1322 4092; x_wconf 95' lang='lat' dir='ltr'><strong><em> </em></strong></span> 
     </span>
    </p>
   </div>
  </div>
 </body>
</html>
