2625 4092
362 270 565 336 ’ΠΛΟΙΟΝ
583 271 612 333 Η
631 265 798 337 EYXAI.
1022 277 1084 342 215

167 447 261 507 TIM.
290 441 479 524 Μηδαμῶς,
506 434 590 503 ἀλλὰ
611 443 797 523 προΐωμεν·
828 438 915 518 εἰκὸς
934 441 997 524 γάρ
1019 438 1085 527 ἤδη

74 540 345 622 παρεληλυθέναι
368 539 497 602 ἐκεῖνον
517 533 751 624 ἀποσοβοῦντα
773 541 805 617 ές
826 537 863 606 τὸ
886 541 987 626 ἀστυ,
1014 541 1084 610 ἐπεὶ

73 634 198 721 μηκέθ’
219 635 305 722 ἡμᾶς
329 634 441 719 εύρελν
460 636 617 704 ἐδύνατο
650 641 681 703 εί
700 636 735 703 δὲ
756 636 818 722 μή,
841 635 915 706 ἀλλ’
932 636 1001 706 οἶδε
1021 638 1083 726 τὴν

73 729 157 800 ὁδδν
168 730 392 819 Ἀδείμαντος,
415 735 470 800 καὶ
490 735 564 810 δέος
578 730 679 800 οῦδὲν
694 731 738 819 μη
756 731 973 819 ἀπολειφθεὶς
989 731 1083 821 ἡμῶν

72 828 345 918 ἀποβουκοληθῇ.

159 935 258 996 ΛΤΚ.
275 927 407 1014 Ὁρᾶτε,
428 926 473 1014 μὴ
488 926 609 997 σκαιὸν
623 923 647 1018 ᾗ
661 935 762 1014 φίλον
778 927 1003 1008 ἀπολιπόντας
1018 927 1082 995 αῦ-

70 1023 152 1104 τούς
167 1023 309 1094 ἀπιέναι.
331 1031 516 1113 βαδίζωμεν
527 1025 558 1094 δ’
574 1027 680 1114 ὅμως,
700 1034 730 1096 εί
738 1030 793 1096 καὶ
802 1035 969 1114 Σαμίππω
980 1036 1079 1096 τοῦτο
1099 1048 1148 1100 251

71 1128 173 1190 δοκεῖ.

157 1229 268 1290 ΣΑΜ.
291 1225 357 1289 Καὶ
373 1224 461 1308 μάλα
477 1228 583 1306 δοκεῖ,
604 1223 649 1310 ἤν
665 1250 734 1302 πως
749 1223 937 1315 ἀνεῳγυῖαν
952 1231 998 1292 έτι
1019 1222 1081 1310 τὴν

71 1325 278 1403 παλαίστραν
292 1321 540 1408 καταλάβωμεν.
563 1326 593 1388 5.
609 1319 693 1389 ἀλλά
705 1321 827 1408 μεταξύ
841 1323 968 1409 λόγων,
983 1321 1080 1408 ἡλίκη
1161 1333 1164 1338 “

70 1424 171 1502 ναῦς,
200 1426 304 1485 εἴκοσι
320 1419 376 1484 καὶ
391 1416 509 1484 ἑκατὸν
529 1419 662 1504 πήχεων
676 1423 766 1503 ἔλεγε
788 1417 825 1487 τὸ
841 1427 944 1505 μῆκος
958 1417 977 1487 ὁ
994 1445 1080 1486 ναυ-

70 1514 195 1600 πηγός,
213 1507 311 1596 εὖρος
328 1519 364 1581 δὲ
379 1511 462 1598 ὑπὲρ
478 1513 515 1581 τὸ
532 1521 691 1600 τέταρτον
707 1517 848 1600 μάλιστα
861 1518 1004 1602 τούτου,
1025 1519 1081 1585 καὶ

70 1611 137 1679 ἀπὸ
154 1619 215 1680 τοῦ
235 1613 510 1699 καταστρώματος
524 1617 556 1692 ές
572 1613 633 1682 τὸν
647 1617 822 1701 πυθμένα,
844 1607 866 1704 ᾖ
886 1615 1080 1703 βαθύτατον

69 1711 155 1798 κατὰ
166 1709 226 1780 τὸν
237 1711 375 1796 ἄντλον,
391 1717 488 1782 ἐννέα
503 1716 586 1797 πρὸς
596 1729 665 1792 τοῖς
679 1725 794 1784 εἴκοσι.
813 1715 854 1782 τά
866 1711 897 1780 δ’
911 1713 994 1782 ἀλλα
1006 1713 1080 1800 ἡλί-

70 1838 129 1890 κος
150 1809 212 1896 μέν
233 1809 250 1876 ὁ
272 1812 378 1897 ίστός,
401 1811 485 1899 ὅσην
505 1815 541 1880 δὲ
558 1811 667 1899 ἀνέχει
686 1811 748 1900 την
764 1819 916 1900 κεραίαν,
941 1817 1000 1903 οἴω
1024 1816 1079 1881 καὶ

68 1909 226 2000 προτόνῳ
243 1911 395 1996 κέχρηται
417 1915 472 1979 καὶ
494 1914 681 1998 συνέχεται,
706 1910 750 1990 ὡς
766 1912 801 1980 δὲ
822 1909 842 1998 ἡ
863 1913 1000 1998 πρύμνα
1017 1913 1079 1997 μὲν

68 2009 294 2092 ἐπανέστηκεν
312 2006 418 2095 ἡρέμα
436 2008 591 2094 καμπύλη
611 2017 761 2094 χρυσοῦν
775 2018 934 2096 χηνίσκον
955 2013 1079 2077 ἐπικει-

69 2107 174 2191 μένη,
190 2106 393 2191 καταντικρύ
409 2109 445 2175 δέ
460 2105 630 2192 ἀνάλογον
643 2105 664 2195 ἡ
675 2116 792 2198 πρῷρα
806 2107 1035 2195 ὑπερβέβηκεν
1046 2112 1078 2186 ἐς

68 2200 107 2269 τὰ
123 2201 240 2286 πρόσω
251 2201 550 2292 ἀπομηκυνομένη,
565 2204 625 2290 τὴν
637 2207 816 2292 ἐπώνυμον
827 2214 884 2292 τῆς
898 2203 982 2284 νεάς
993 2203 1079 2273 θεὸν

69 2309 193 2388 ἔχουσα
208 2302 270 2388 τὴν
286 2296 366 2373 Ἰσιν
382 2307 605 2390 ἑκατέρωθεν·
634 2303 652 2373 ὁ
667 2307 729 2390 μὲν
748 2304 812 2392 γάρ
828 2304 928 2383 ἀλλος
943 2305 1077 2391 κόσμος,
1096 2321 1148 2374 25⁶2

69 2406 108 2468 αι’
121 2404 248 2487 γραφαὶ
264 2405 319 2470 καὶ
333 2412 394 2470 τοῦ
415 2409 524 2472 ίστίου
538 2403 576 2472 τὸ
597 2406 782 2488 παράσειον
801 2406 986 2487 πυραυγές,
1011 2400 1077 2488 πρὸ

69 2501 201 2567 τούτων
216 2505 253 2568 αί
264 2501 407 2587 ἀγκυραι
427 2505 482 2570 καὶ
497 2518 654 2590 στροφεῖα
671 2505 724 2570 καὶ
741 2514 959 2587 περιαγωγεῖς
973 2504 1027 2568 καὶ
1044 2505 1081 2569 αί

69 2597 155 2667 κατά
172 2599 233 2686 τὴν
251 2600 410 2688 πρύμναν
429 2603 573 2688 οἰκήσεις
587 2603 762 2688 θαυμάσια
779 2603 887 2668 πάντα
902 2627 958 2686 μοι
976 2603 1077 2679 ἔδοξε.

69 2708 100 2768 6.
119 2701 175 2766 καὶ
193 2697 231 2766 τδ
248 2707 316 2768 τῶν
334 2709 469 2768 ναυτῶν
484 2709 614 2788 πλῆθος
627 2704 841 2792 στρατοπέδω
863 2699 906 2766 ἀν
923 2727 973 2776 τις
988 2700 1079 2767 είκά-

69 2819 170 2866 σειεν.
200 2802 328 2885 ἐλέγετο
348 2801 385 2868 δὲ
401 2802 458 2868 καὶ
477 2808 640 2868 τοσοῦτον
654 2799 750 2886 ἀγειν
765 2814 874 2884 σῖτον,
901 2796 944 2876 ὡς
959 2796 1079 2866 ίκανόν

69 2896 156 2964 εἷναι
176 2904 257 2964 πᾶσι
279 2912 348 2976 τοῖς
373 2901 410 2965 έν
430 2907 471 2987 τῇ
489 2897 617 2989 Ἀττικη
638 2899 809 2968 ἐνιαύσιον
831 2895 915 2982 πρὸς
936 2898 1077 2983 τροφήν.

68 2994 208 3064 κάκεῖνα
222 2997 331 3065 πάντα
344 3000 463 3084 μικρός
478 3027 528 3078 τις
541 2998 778 3083 ἀνθρωπίσκος
794 3003 904 3085 γέρων
918 2996 981 3083 ἤδη
994 3003 1078 3064 έσω-

68 3102 124 3176 ξεν
140 3092 206 3162 ύπδ
228 3103 330 3185 λεπτῇ
345 3097 469 3182 κάμακι
486 3096 526 3164 τά
545 3106 724 3184 τηλικαῦτα
744 3098 889 3184 πηδάλια
904 3098 1078 3182 περιστρέ-

68 3220 162 3281 φων·
183 3198 316 3281 ἐδείχθη
330 3197 395 3283 γάρ
410 3222 467 3282 μοι
484 3196 734 3283 ἀναφαλαντίας
743 3222 809 3283 τις,
827 3189 1078 3281 οῦλος,Ἥρων,

67 3293 176 3380 οἶμαι,
189 3293 349 3380 τοῦνομα.

158 3400 254 3462 ΤΙΜ.
278 3393 471 3478 Θαυμάσιος
490 3392 553 3479 τὴν
572 3398 708 3482 τέχνην,
734 3391 778 3473 ὡς
796 3397 945 3479 ἔφασκον
966 3398 1001 3460 ολ
1018 3393 1077 3475 έμ-

66 3494 243 3578 πλέοντες,
274 3494 329 3560 καὶ
353 3489 393 3559 τά
418 3493 582 3560 θαλάττια
610 3491 717 3579 σοφὸς
738 3491 822 3578 ὑπὲρ
847 3489 908 3559 τὸν
927 3495 1078 3575 Πρωτέα.
