2625 4092
286 301 413 359 ΠΡΟΣ
434 301 530 361 ΤΟΝ
551 302 893 361 ΑΠΑΙΔΕΤΤΟΝ.
1030 298 1091 364 149

88 463 260 546 ἐπείσθης,
278 457 322 539 ῶς
335 467 467 546 βασιλεῖ
476 487 542 527 τινι
564 458 741 547 ῶμοιῶθης
757 460 818 547 τὴν
837 461 915 540 όψιν
932 461 1086 545 καθάπερ
1108 483 1157 540 115

86 555 103 622 ὁ
126 561 411 640 ψευδαλέξανδρος
433 558 488 624 καὶ
508 561 772 641 ψευδοφίλιππος
792 562 918 637 ἐκεῖνος
940 555 1089 643 κναφεῦς

85 657 141 720 καλ
155 651 173 719 ὁ
190 651 271 720 κατὰ
286 650 364 731 τοὺς
375 655 586 737 προπάτορας
598 652 693 740 ἡμῶν
708 660 923 742 ψευδονέρων
937 659 990 723 καὶ
1002 665 1036 724 εἰ
1041 681 1090 732 τις

85 755 186 831 άλλος
200 762 269 821 τῶν
285 751 351 822 ὑπὸ
368 752 404 821 τό
421 760 544 835 ψεῦδος
565 758 781 840 τεταγμένων.
811 761 860 824 21.
882 756 936 821 καὶ
953 761 986 821 τί
999 763 1089 819 θαυ-

84 851 227 935 μαστόν,
244 857 274 918 εἰ
282 859 380 917 τοῦτο
393 857 515 930 ἔπαθες
526 849 667 937 άνόητος
678 855 732 919 καί
743 851 939 930 ἀπαίδευτος
950 849 1087 936 άνθρω-

84 977 147 1028 πος
161 951 215 1017 καὶ
226 949 360 1038 προῄεις
375 952 575 1031 ἐξυπτιάζων
589 953 643 1018 καί
656 951 858 1037 μιμούμενος
871 948 1017 1037 βάδισμα
1032 951 1086 1016 καὶ

83 1057 190 1135 σχῆμα
212 1051 265 1116 καὶ
280 1051 408 1133 βλέμμα
428 1050 574 1131 ἐκείνου,
598 1041 627 1137 φ’
642 1047 784 1116 σεαυτόν
800 1051 935 1129 εἰκάζων
950 1053 1085 1132 ἔχαιρες,

83 1145 172 1212 ὅπου
186 1147 241 1213 καί
257 1144 397 1228 Πύρρον
412 1145 492 1228 φασὶ
509 1142 568 1211 τόν
580 1143 784 1231 Ἠπειριότην
798 1145 837 1213 τά
850 1146 933 1213 ἄλλα
949 1154 1085 1229 θαυμα-

81 1240 163 1309 στδν
181 1241 286 1328 ἄνδρα
301 1239 408 1318 οὕτως
421 1239 487 1309 ὑπό
503 1242 656 1310 κολάκων
672 1247 722 1310 έπὶ
738 1251 783 1334 τῷ
798 1243 900 1333 ὁμοίω
916 1245 993 1310 ποτὲ
1010 1248 1084 1310 δια·

81 1348 268 1426 φθαρῆναι,
277 1337 320 1418 ῶς
328 1340 496 1407 πιστεύειν
506 1341 556 1408 ὅτι
565 1340 678 1427 ὅμοιος
686 1337 730 1428 ἦν
742 1343 943 1431 Ἀλεξάνδρφ
953 1345 1082 1430 ἐκείνως

81 1449 189 1506 καίτοι
197 1438 234 1506 τό
246 1448 313 1507 τῶν
328 1446 498 1524 μουσικῶν
511 1449 626 1523 τοῦτο,
644 1444 694 1519 δὶς
705 1439 759 1509 διά
772 1448 888 1509 πασῶν
898 1440 935 1506 τό
948 1447 1082 1525 πρᾶγμα

79 1534 139 1624 ἦν·
162 1538 251 1606 εἰδον
262 1538 325 1624 γάρ
338 1536 463 1624 καίτην
474 1547 534 1608 τοῦ
544 1540 686 1625 Πύρρου
698 1541 827 1625 εἰκόνα,
845 1543 898 1608 καί
909 1537 997 1625 ὅμως
1008 1541 1082 1606 ἐπέ-

79 1659 195 1706 πειστο
215 1641 419 1724 ἐκμεμάχθαι
440 1648 501 1707 τοῦ
512 1636 731 1722 Ἀλεξάνδρου
750 1640 813 1727 τὴν
832 1638 975 1726 μορφήν.
1005 1635 1079 1705 ἀλλ’

78 1740 179 1803 ἕνεκα
195 1736 255 1821 μὲν
267 1734 308 1822 δὴ
324 1737 452 1804 τούτων
463 1735 621 1824 ὕβρισταί
627 1765 683 1824 μοι
696 1743 729 1816 ές
740 1738 801 1807 τόν
811 1739 965 1822 Πύρρον,
981 1735 1032 1803 ότι
1044 1737 1080 1802 σὲ

77 1845 195 1902 εἴκασα
213 1833 296 1901 κατὰ
307 1843 405 1900 τοῦτο
417 1832 515 1925 αύτῷ.
537 1835 574 1902 τό
590 1835 626 1902 δὲ
640 1834 705 1903 άπό
721 1837 842 1904 τούτου
856 1837 909 1902 καί
924 1835 1015 1901 πάνυ
1026 1853 1077 1900 σοι
1102 1845 1148 1901 117

75 1934 209 2014 πρέπον
232 1928 276 1998 δν
299 1941 364 2017 εἰη·
399 1935 467 2000 ε’πελ
487 1930 551 2017 γάρ
568 1931 656 2000 ούτω
674 1939 810 2001 διέκειτο
833 1933 850 2000 ὁ
870 1934 1005 2016 Πύρρος
1026 1934 1080 2009 καλ

76 2037 182 2096 ταῦτα
193 2028 277 2113 ὑπὲρ
289 2032 409 2098 ἑαυτοῦ
420 2032 606 2110 ἐπέπειστο,
618 2031 727 2109 οὐδεὶς
737 2029 826 2108 ὅστις
837 2028 879 2098 οῦ
890 2033 1079 2109 ξυνετίθετο

76 2133 133 2198 καί
151 2134 352 2215 ξυνέπασχεν
366 2129 471 2220 αύτῷ,
488 2130 562 2216 άχρι
577 2132 617 2216 δή
627 2159 676 2210 τις
691 2134 727 2199 έν
738 2138 887 2218 Λαρίσσῃ
903 2137 1080 2215 πρεσβῦτις

75 2231 154 2312 ξένη
170 2225 259 2318 αύτῷ
273 2228 414 2314 τάληθὲς
430 2235 567 2296 εἰποῦσα
581 2234 726 2295 ἔπαυσεν
739 2227 843 2296 αὐτόν
853 2235 910 2312 τῆς
928 2228 1075 2311 κορύζης.

74 2324 94 2392 ὁ
113 2326 174 2411 μὲν
193 2324 256 2410 γὰρ
273 2327 407 2409 Πύρρος
427 2329 587 2406 ἐπιδείξας
604 2323 689 2414 αὐτῇ
707 2326 819 2393 εἰκόνα
834 2333 1002 2394 Φιλίππου
1024 2327 1076 2393 καὶ

77 2426 266 2506 Περδίκκου
286 2427 339 2491 καὶ
358 2422 577 2507 Ἀλεξάνδρου
597 2429 652 2492 καὶ
668 2427 869 2506 Κασάνδρου
889 2429 942 2492 καὶ
965 2425 1076 2492 ἄλλων

74 2525 241 2609 βασιλέων
254 2520 350 2608 ἤρετο
372 2531 437 2590 τίνι
457 2522 571 2609 ὅμοιος
594 2533 660 2610 εἰη,
687 2524 778 2591 πάνυ
795 2524 1010 2608 πεπεισμένος
1024 2525 1075 2590 ε’πὶ

77 2620 136 2687 τόν
154 2618 367 2700 Ἀλέξανδρον
386 2621 478 2706 ἥξειν
498 2619 619 2707 αύτήν,
646 2620 718 2708 ἡδὲ
737 2621 847 2690 πολύν
863 2624 985 2707 χρόνον
1005 2624 1077 2688 ἐπι-

72 2725 216 2803 σχοῦσα,
231 2727 453 2805 Βοιιραχίωνι,
470 2726 549 2806 ἔφη,
566 2726 612 2808 τῷ
629 2728 789 2808 μαγείρῳ·
818 2717 950 2805 καὶγὰρ
970 2713 1012 2804 ἦν
1028 2745 1076 2794 τις

71 2820 111 2883 έν
132 2824 171 2904 τῇ
188 2825 339 2904 Λαρίσση
351 2825 544 2903 Βατραχίων
564 2821 719 2905 μάγειρος
741 2827 785 2911 τῷ
806 2820 932 2905 Πύρρφ
953 2816 1074 2901 ὅμοιος.

71 2922 126 2983 22.
145 2916 199 2983 καὶ
214 2912 256 2981 σῦ
280 2915 320 3001 δη
341 2908 434 3004 ῶτινι
451 2918 512 3002 μὲν
533 2925 602 2983 τῶν
621 2933 689 2996 τοῖς
706 2917 877 3003 ὀρχησταῖς
900 2917 1074 2983 συνόντων

71 3017 233 3082 κιναίδων
250 3020 359 3093 ἔοικας
374 3013 436 3082 οῦκ
452 3011 496 3081 ῶν
513 3026 653 3101 εἰποιμι,
675 3015 725 3083 ὅτι
743 3017 778 3083 δέ
792 3023 914 3100 μανίαν
929 3019 1073 3100 ἐρρωμε-

71 3140 138 3200 νην
153 3119 200 3182 ἔτι
222 3116 274 3181 καὶ
294 3121 359 3179 νῦν
373 3120 552 3198 μαίνεσθαι
573 3120 682 3192 δοκεῖς
699 3113 824 3182 ἅπασιν
841 3113 894 3181 ἐπ’
911 3117 1019 3201 ἐκείνη
1034 3121 1073 3200 τῇ

71 3213 197 3291 εἰκόνι,
219 3213 310 3278 πάνυ
325 3220 440 3296 σαφῶς
453 3209 535 3279 οἰδα.
566 3210 692 3277 ούκουν
708 3211 923 3296 θαυμαστόν,
946 3216 976 3278 εἰ
995 3209 1072 3278 άπί-
1094 3227 1142 3280 118

69 3323 180 3389 θανος
192 3309 298 3388 οὕτως
314 3311 486 3396 ζωγράφος
501 3306 549 3376 ῶν
564 3312 617 3375 καὶ
632 3323 699 3386 τοῖς
714 3312 987 3394 πεπαιδευμένοις
1002 3313 1053 3388 ἐξο

68 3415 254 3494 μαιοῦσθαι
280 3412 405 3486 ἐθέλεις
426 3408 592 3475 πιστεύων
611 3421 680 3484 τοῖς
700 3406 738 3473 τά
763 3410 899 3476 τοιαῦτά
919 3426 956 3475 σε
980 3411 1073 3474 ἐπαι-

70 3514 179 3574 νοῦσι.
203 3513 308 3573 καίτοι
322 3513 357 3573 τί
367 3513 471 3573 ταῦτα
487 3514 593 3592 ληρεῖς
614 3506 780 3591 πρόδηλος
795 3504 859 3589 γάρ
877 3505 896 3592 ἡ
914 3511 1001 3574 αίτία
1017 3512 1073 3588 τῆς
