2625 4092
220 270 283 335 378
575 273 881 335 AOYKIANOY

220 430 317 520 ήμίνς
338 436 375 501 αί
385 432 447 520 μὲν
463 434 609 520 τριήρεις
621 435 675 501 καί
689 429 707 501 ό
719 430 897 517 Πειραιεύς
911 434 967 525 καὶ
980 431 1021 499 τά
1036 429 1164 515 νεύρια
1176 439 1226 518 λῆ-

222 556 278 611 ρος
294 536 406 617 ἔμοιγε
421 532 476 599 καὶ
498 532 686 617 φλήναφος.
718 536 752 597 τί
765 526 799 596 δ’
816 525 860 597 άν
876 528 1226 619 άνθρωποιπράξαιεν

221 628 513 714 διοννσιάζοντες,
526 632 563 697 ἐν
583 636 797 722 κρεανομίαις
812 634 1014 709 καταζόντες
1034 630 1091 697 καί
1105 641 1227 715 χορολςς

151 742 202 799 617
223 735 253 797 εί
264 730 300 797 δδ
313 725 357 814 μὴ
374 732 605 821 Δημοσθένης,
615 726 661 821 εἷς
674 733 711 799 ἐν
723 728 912 815 Ἀθηναίοις
926 732 1075 815 ἐγένετο,
1088 731 1176 817 ῥᾷον
1190 724 1227 793 άν

221 837 352 912 είχομεν
363 824 426 912 τήν
441 828 542 919 πόλιν
555 823 579 913 ή
590 835 758 913 Θηβαίους
767 829 822 895 καί
832 825 1019 905 Θετταλούς
1028 824 1228 909 ἀπατῶντες,

221 924 428 1012 βιαζόμενοι,
446 926 654 1011 φθάνοντες,
673 922 877 1012 ὠνούμενοι·
905 932 972 1017 νῦν
986 926 1023 993 δέ
1043 919 1092 1003 είς
1106 927 1229 1000 ἐκεῖνος

221 1022 382 1110 ἐγρήγορε
397 1023 451 1093 καὶ
466 1030 548 1093 πᾶσι
564 1038 632 1102 τοῖς
645 1037 775 1114 καιροῖς
790 1025 950 1109 ἐφέστηκε
962 1024 1018 1094 καί
1030 1037 1102 1099 ταῖς
1114 1018 1226 1109 ἡμετέ-
1292 1041 1294 1074 ῑ

221 1147 295 1204 ραις
310 1117 427 1206 ὃρμαίς
449 1124 676 1189 ἐπακολουθεῖ
693 1124 748 1192 καί
769 1135 837 1199 τοῖς
851 1122 1122 1207 στρατηγήμασιν
1141 1118 1228 1186 ἀντι-

221 1216 469 1299 παρατάττεται.
485 1219 705 1304 λανθάνομεν
715 1218 752 1287 δέ
763 1215 921 1287 αύτδνού
931 1212 1229 1304 τεχνάζοντες,,ούιι

220 1316 534 1404 ἐπιχειροῦντες,ού
544 1318 1230 1407 βουλευόμενοι,καθάπαξκάλυμάτεκαὶ
1292 1335 1294 1338 ’

220 1415 385 1504 πρόβολος
405 1412 486 1501 ἡμῖν
510 1414 694 1499 ἅνθρωπός
711 1420 796 1502 ἐστι,
817 1414 861 1504 μή
883 1412 982 1506 πάντ’
1001 1423 1092 1503 ἔχειν
1106 1420 1142 1497 ἐξ
1163 1421 1230 1484 έπι-

221 1519 355 1600 δρομής.
385 1513 423 1581 τό
439 1518 481 1601 γέ
495 1540 547 1583 τοι
567 1511 642 1583 κατ’
662 1511 768 1584 αὐτόν
786 1510 849 1583 ούκ
865 1513 1066 1603 Ἀμφίπολιν
1087 1517 1231 1600 εἵλομεν,

220 1610 282 1681 ούκ
291 1609 479 1697 Ὄλυνθον,
496 1610 538 1680 ού
553 1614 759 1691 Φακέαςκαὶ
774 1612 889 1691 Πύλας
906 1620 1062 1700 ἔσχομεν,
1086 1608 1133 1679 ού
1147 1621 1232 1697 Χερ-

221 1709 368 1796 ρονήσου
381 1712 436 1779 καὶ
455 1718 524 1777 τῶν
540 1712 616 1794 περὶ
631 1708 692 1778 τόν
708 1708 953 1798 Ἑλλήσποντον
966 1711 1230 1798 κεκρατήκαμεν.

219 1814 270 1877 36.
297 1806 371 1876 άλλ’
396 1805 548 1895 άνίστησι
575 1810 638 1895 μὲν
663 1809 806 1888 άκοντας
831 1805 904 1877 οἷον
920 1814 966 1886 ,ἐκ
991 1811 1233 1895 μανδραγόρου

220 1904 451 1984 καθεύδοντας
462 1904 546 1997 τούς
562 1905 668 1974 αὑτοῦ
689 1914 842 1993 πολίτας,
864 1907 975 1991 ὥσπερ
993 1916 1079 1996 τομῇ
1092 1934 1165 1975 τινι
1182 1907 1233 1974 καί

219 2002 336 2071 καύσει
351 2012 408 2089 τῆς
421 2006 591 2093 ῥᾳθυμίας
603 2014 643 2094 τῇ
657 2014 825 2093 παρρησία
838 2032 1023 2092 χραμενος,
1039 2004 1161 2092 ὀλίγον
1175 2011 1232 2073 τοῦ

220 2097 304 2184 πρός
326 2098 455 2187 ἡδονήν
471 2111 660 2187 φροντίσας.
694 2113 888 2191 μετατίθησι
910 2106 946 2173 δὲ
966 2111 1035 2172 τῶν
1050 2104 1233 2190 χρημάτων

220 2197 298 2277 τούς
310 2200 437 2285 πόρους
451 2201 515 2272 άπὸ
532 2212 600 2284 τῶν
614 2206 771 2287 θεάτρων
785 2207 837 2272 ἐπὶ
851 2202 892 2286 τά
906 2204 1136 2291 στρατόπεδα,
1150 2225 1234 2272 συν·

219 2306 333 2385 τίθησι
345 2302 382 2368 δὲ
395 2298 433 2370 τό
445 2301 606 2389 ναυτικόν
618 2303 736 2388 νόμοις
747 2317 990 2389 τριηραρχικοϊς
1001 2300 1068 2369 ὑπὸ
1080 2310 1142 2388 τῆς
1152 2300 1234 2369 άτα-

219 2404 288 2479 ξίας
302 2399 408 2483 μόνον
424 2398 465 2467 ού
475 2405 593 2479 τελέως
606 2405 874 2487 διεφθαρμένον,
889 2405 1008 2486 ἐγείρει
1022 2396 1057 2466 δ’
1075 2402 1234 2487 ἐρριμμέ-

149 2517 203 2572 518
222 2523 284 2565 νου
297 2495 361 2589 ἤδη
377 2497 503 2585 χρόνον
522 2497 605 2580 πρός
621 2497 683 2586 τήν
698 2499 850 2588 δραχμήν
867 2504 922 2569 καλ
936 2501 974 2569 τὸ
990 2501 1185 2587 τριώβολον
1199 2497 1233 2567 τό

219 2603 276 2683 τῆς
290 2597 417 2675 πόλεως
434 2595 576 2684 ἀξίωμα,
593 2600 697 2667 πάλαι
712 2600 854 2678 τούτους
868 2600 1176 2683 κατακεκλιμένους
1192 2604 1235 2674 είς

220 2695 299 2774 τούς
313 2697 504 2780 προγόνους
517 2698 697 2785 ἐπανάγων
707 2698 835 2767 καὶτὸν
846 2704 944 2785 ζῆλον
955 2706 1024 2765 τῶν
1034 2704 1235 2781 Μαραθῶνι

220 2798 456 2881 καί-Σαλαμῖνι
471 2800 779 2883 κατειργασμένων,
797 2806 970 2884 συνίστησι
982 2794 1014 2865 δ’
1028 2798 1083 2865 ἐπί
1097 2816 1236 2884 συμμα-

218 2902 290 2980 χίας
304 2897 358 2962 καὶ
373 2895 545 2974 συντάξεις
562 2893 764 2983 Ἑλληνικάς.
793 2905 914 2965 τοῦτον
927 2894 970 2963 ού
990 2904 1114 2964 λαθείν
1134 2899 1236 2973 ἐστιν,

219 2990 261 3061 ού
277 3000 470 3079 φενακίσαι,
486 2991 526 3061 ού
542 3002 707 3076 πρίασθαι
721 2994 763 3062 ού
778 3002 907 3081 μᾶλλον
920 2989 1015 3081 ἢτόν
1025 2991 1237 3082 Ἀριστείδην

220 3094 348 3159 ἐκείνου
366 3089 383 3158 ὁ
399 3099 541 3174 Περσῶν
557 3090 715 3178 βασιλεύς
731 3096 875 3175 ἐπρίατο.
898 3096 950 3162 37.
967 3099 1092 3159 τοῦτον
1107 3084 1238 3170 οὖν,ό

216 3188 422 3275 Ἀντίπατρε,
444 3188 504 3277 χρὴ
531 3193 676 3274 δεδιέναι
692 3198 820 3277 μᾶλλον
839 3185 861 3276 ἢ
879 3190 990 3270 πάσας
1010 3191 1164 3275 τριήρεις
1183 3194 1237 3259 καὶ

220 3287 347 3367 πάντας
360 3285 583 3373 ἀποστόλους·
608 3286 628 3355 δ
642 3288 707 3374 γάρ
721 3290 911 3377 Ἀθηναίοις
923 3302 992 3367 τοῖς
1007 3290 1117 3358 πάλαι
1133 3298 1238 3377 Θεμι-

220 3394 359 3472 στοκλῆς
376 3389 431 3454 καί
444 3394 608 3473 Περικλῆς
625 3390 770 3474 ἐγένετο,
791 3395 889 3455 τοῦτο
906 3400 975 3466 τοῖς
991 3385 1095 3454 νύνό
1116 3399 1238 3476 Δημο-

220 3489 361 3571 σθένης,
376 3486 556 3569 ἐφάμιλλος
572 3493 789 3572 Θεμιστοκλεῖ
802 3485 863 3573 μέν
876 3483 939 3571 τήν
952 3486 1116 3573 σύνεσιν,
1133 3496 1237 3569 Περι-
