2625 4092
114 279 236 337 ηυντ
259 278 355 338 νινε
372 243 696 340 οωνννντάον
715 280 990 340 mmm.
1034 278 1093 342 νει

86 436 284 508 ἀποδειλιᾶν
293 461 306 522 ,·
330 429 378 508 οἷν
397 445 426 507 εί
442 439 503 506 δύο
521 440 801 525 συγκατασπάσας
816 442 951 526 ἐμπέσοι
973 447 1019 520 είς
1035 439 1096 528 τήν

86 537 219 622 πυράν,
235 545 334 606 τοῦτο
345 538 453 624 μόνον
464 538 580 624 χάριεν
594 532 638 604 ἀν
652 536 838 622 ἐργάσαιτο.
861 543 911 606 27.
922 538 1049 625 ήκουον
1061 539 1097 610 δέ

86 632 132 714 ὥς
158 633 236 704 ούδὲ
258 634 417 719 Πρωτεύς
442 641 690 704 ἐπικαλεῖσθαι
719 633 818 718 ἀξιοῖ,
850 633 933 705 ἀλλά
954 643 1096 706 Φοίνικα

83 734 323 821 μετωνόμασεν
337 735 475 812 ἑαυτόν,
493 732 544 802 ὅτι
561 736 614 803 καὶ
631 736 742 819 φοίνιξ
763 734 800 801 τὸ
818 732 960 807 Ἰνδικόν
975 731 1096 819 ὄρνεον

83 835 270 919 ἐπιβαίνειν
282 841 390 916 πυρᾶς
400 835 528 920 λέγεται
537 833 742 917 πορρωτάτω
751 834 860 921 γήρως
869 836 1094 922 προβεβηκώς.

84 929 171 1000 ἀλλὰ
187 934 241 1001 καὶ
252 943 424 1019 λογοποιεῖ
435 935 489 1001 καὶ
504 933 673 1020 χρησμούς
685 959 777 1010 τινας
788 935 920 1012 διέξεισι
934 932 1097 1012 παλαιούς

85 1031 145 1115 δή,
165 1027 208 1108 ύς
224 1029 334 1116 χρεων
346 1030 431 1100 εἶναι
447 1036 589 1118 δαίμονα
604 1032 844 1117 νυκτοφύλακα
862 1035 1020 1116 γενέσθαι
1034 1030 1098 1098 αύ-

87 1127 164 1212 τόν,
187 1129 240 1197 καὶ
261 1131 360 1216 δήλός
375 1133 441 1198 ἐστι
456 1138 580 1218 βωμῶν
600 1127 664 1216 ήδη
682 1133 860 1216 ἐπιθυμῶν
881 1131 938 1198 καί
951 1135 1098 1216 χρυσοῦς

84 1223 334 1313 ἀναστήσεσθαι
350 1231 497 1310 ἐλπίζων.
521 1233 571 1298 28.
590 1230 643 1296 καὶ
659 1227 704 1312 μά
717 1234 783 1296 Δία
799 1226 899 1296 οὐδέν
913 1226 1050 1307 ἀπεικός
1061 1232 1096 1296 ἐν

82 1337 154 1402 τοῖς
169 1332 303 1404 πολλοῖς
319 1341 386 1406 τοῖς
407 1325 561 1413 ἀνοήτοις
576 1322 828 1411 εὑρεθήσεσθαί
844 1353 937 1407 τινας
951 1325 1029 1406 τούς
1043 1328 1097 1394 καὶ

84 1429 287 1504 τεταρταίων
302 1421 513 1512 ἀπηλλάχθαι
529 1421 573 1491 δι’
590 1421 696 1491 αὐτοῦ
711 1424 879 1511 φήσοντας
894 1428 947 1493 καὶ
963 1425 1096 1511 νύκτωρ

84 1522 336 1607 ἐντετυχηκέναι
351 1533 396 1613 τῷ
407 1528 540 1608 δαίμονι
552 1529 597 1612 τῷ
608 1522 849 1607 νυκτοφύλακι.
874 1528 909 1591 οἱ
916 1525 1094 1605 κατάρατοι

86 1616 122 1686 δὲ
139 1609 232 1687 οὗτοι
247 1626 394 1708 μαθηταὶ
406 1620 512 1689 αὐτοῦ
524 1622 577 1689 καὶ
589 1619 806 1707 χρηστήριον,
821 1619 927 1708 οἶμαι,
943 1624 996 1689 καὶ
1011 1620 1095 1688 άδυ-

84 1743 145 1785 τον
162 1720 213 1786 ἐπὶ
231 1727 269 1808 τη
286 1728 377 1811 πυρᾷ
392 1723 654 1808 μηχανήσονται,
673 1719 758 1786 διότι
775 1720 829 1787 καὶ
839 1717 999 1802 Πρωτεύς
1009 1723 1095 1788 ἐκεῖ·
1113 1733 1161 1790 ³⁶1

87 1841 146 1894 νος
167 1813 184 1882 ὁ
205 1816 306 1901 Διός,
329 1817 347 1885 ὃ
368 1820 550 1902 προπάτωρ
572 1824 633 1884 τοῦ
655 1813 834 1902 ὀνόματος,
862 1815 1020 1902 μαντικὸς
1042 1810 1093 1904 ήν.

84 1914 297 2000 μαρτύρομαι
312 1919 348 1984 δὲ
364 1910 463 2004 ήμην
475 1919 529 1984 καὶ
547 1920 653 2000 ἱερέας
669 1912 775 1982 αύτού
789 1912 1095 2003 ἀποδειχθήσεσθαι

85 2020 257 2098 μαστίγων
274 2008 296 2099 ή
314 2023 503 2102 καυτηρίων
526 2013 546 2101 ή
563 2040 653 2091 τινος
671 2013 826 2099 τοιαύτης
848 2020 1094 2100 τερατουργίας,

85 2107 180 2196 ήκαὶ
202 2109 243 2198 νή
259 2123 326 2182 Δία
346 2116 480 2201 τελετήν
500 2141 574 2182 τινα
592 2110 643 2182 ἐπ’
667 2109 757 2199 αύτῷ
778 2112 960 2198 στήσεσθαι
977 2116 1096 2180 νυκτέ-

85 2235 163 2292 ριον
174 2213 227 2278 καὶ
238 2215 419 2299 δᾳδουχίαν
429 2218 480 2281 ἐπὶ
489 2220 528 2302 τή
538 2221 638 2302 πυρᾷ.
664 2217 714 2280 29.
725 2215 893 2296 Θεαγένης
901 2212 936 2278 δὲ
949 2216 1095 2297 ἔναγχος,

87 2307 133 2388 ὣς
152 2317 212 2395 μοί
229 2338 277 2389 τις
297 2319 364 2378 τῶν
386 2314 526 2395 ἐταίρων
545 2309 741 2399 ἀπήγγειλε,
769 2313 823 2380 καλ
837 2318 1012 2398 Σίβυλλαν
1033 2317 1097 2396 ἔφη

86 2413 320 2496 προειρηκέναι
344 2413 588 2496 περὶτούτων·
623 2413 678 2478 καὶ
702 2408 741 2476 τά
765 2416 825 2496 έπη
853 2407 918 2496 γάρ
948 2409 1097 2495 ἀπεμνη-

85 2535 250 2593 μονενευ·

131 2648 203 2718 ἀλλ’
217 2647 345 2718 ὁπόταν
353 2651 513 2731 Πρωτεύς
524 2656 684 2718 Κυνικῶν
695 2646 746 2733 ὄχ’
760 2645 893 2730 ἀριστος
904 2643 1063 2711 ἁπάντων

131 2748 238 2836 Ζηνός
249 2753 452 2836 ἐριγδούπου
467 2755 601 2836 τέμενος
617 2749 700 2816 κάτα
716 2754 784 2827 πυρ
800 2743 993 2822 ἀνακαύσας

130 2853 163 2927 ἐς
179 2848 288 2935 φλόγα
306 2851 456 2937 πηδήσας
473 2856 556 2938 ἐλθη
573 2852 606 2926 ἐς
620 2842 943 2934 μακρὸνὌλυμπου,

132 2946 172 3034 δή
189 2948 263 3015 τότε
277 2947 521 3034 πάνταςὸμοός,
539 2955 572 3016 οἳ
585 2945 733 3031 ἀρούρης
748 2942 879 3026 καρπὸν
892 2948 1015 3026 ἔδουσι,

130 3048 334 3116 νυκτιπόλον
349 3055 448 3133 τιμάν
462 3052 598 3133 κέλομαι
616 3044 710 3132 ήρωα
726 3047 882 3130 μέγιστον

130 3149 327 3227 σύνθρονον
336 3144 504 3235 Ἡφαίστφ
519 3150 574 3214 καὶ
584 3145 746 3230 Ἡρακλῆϊ
758 3141 884 3211 ἄνακτι.

88 3289 138 3354 30.
154 3290 257 3350 ταῦτα
269 3284 331 3368 μὲν
342 3289 508 3371 Θεαγένης
519 3285 691 3372 Σιβύλλης
703 3281 881 3368 ἀκηκοέναι
894 3288 1007 3367 φησίν.
1031 3280 1095 3366 ἐγώ
1113 3296 1166 3350 352

88 3386 124 3451 δέ
138 3383 280 3461 Βάκιδος
297 3381 386 3473 αὐτῷ
404 3383 554 3471 χρησμόν
569 3383 653 3468 ὑπὲρ
674 3384 804 3450 τούτων
823 3384 904 3465 ἐρῶ·
927 3381 1007 3465 φησὶ
1025 3381 1061 3446 δὲ
1079 3373 1096 3446 ο

91 3483 191 3559 Βάκις
206 3479 313 3561 ούτως
328 3483 459 3568 σφόδρα
476 3476 515 3551 εύ
529 3483 685 3564 ἐπειπών,
