2625 4092
221 277 262 341 74
577 279 877 338 ΛΟΤΚΙΑΝΟΤ

219 438 388 525 γυμνάσια
403 445 598 523 προθυμίαν
610 437 717 516 οὕτως
727 434 772 504 άν
785 446 886 507 πλείω
898 444 1095 525 ἐγγενέσθαι
1105 443 1230 524 αύτοίς,

221 542 251 603 εί
264 533 343 613 τούς
364 531 599 619 ἀριστεύοντας
616 537 652 600 ἐν
674 534 803 611 τούτοις
820 539 924 600 ίδοιεν
946 538 1153 620 τιμωμένους
1175 536 1231 603 καὶ

220 630 550 719 ἀνακηρυττομένους
567 635 603 699 έν
618 634 730 718 μέσοις
746 648 813 710 τοῖς
821 630 965 717 Ἕλλησι.
989 636 1042 700 καὶ
1059 631 1114 700 διὰ
1128 640 1230 699 τοῦτο

222 732 266 818 ῶς
279 733 312 809 ἐς
326 732 507 808 τοσούτους
522 729 771 816 ἀποδυσόμενοι
792 728 917 809 εὐεξίας
932 756 968 797 τε
981 734 1230 816 ἐπιμελοῦνται,

221 828 265 905 ῶς
277 827 320 916 μη
334 830 545 915 αἰσχύνοιντο
556 832 808 914 γυμνωθέντες,
824 830 878 895 καί
889 828 1138 908 ἀξιονικότατον
1149 831 1230 895 ἕκα-

221 953 297 1009 στος
311 928 415 997 αὑτὸν
428 927 651 1014 ἀπεργάζεται.
676 931 730 996 καί
741 925 781 995 τά
793 922 895 1014 ἆθλα,
911 927 1022 1014 ῶσπερ
1035 936 1232 1017 ἔμπροσθεν

222 1025 331 1111 εἶπον,
355 1022 396 1091 ού
411 1026 530 1110 μικρά,
555 1024 572 1091 ὁ
592 1032 726 1104 ἔπαινος
741 1022 759 1093 δ
775 1024 864 1109 παρά
884 1033 953 1093 τῶν
967 1035 1100 1096 θεατῶν
1120 1030 1176 1095 καὶ
1191 1027 1230 1095 τό

221 1124 461 1209 ἐπισημότατον
475 1125 635 1207 γενέσθαι
649 1125 703 1190 καὶ
715 1127 913 1191 δείκνυσθαι
924 1131 969 1213 τῷ
984 1125 1136 1214 δακτύλῳ
1153 1124 1231 1208 άρι-

220 1241 301 1293 στου
317 1218 400 1287 εἶναι
416 1228 483 1285 τῶν
504 1216 585 1286 καθ’
602 1218 707 1286 αὑτὸν
722 1225 896 1288 δοκοῦντα.
926 1222 1094 1307 τοιγάρτοι
1110 1223 1231 1288 πολλοὶ

220 1325 287 1384 τῶν
303 1322 452 1401 θεατῶν,
470 1314 518 1395 οἷς
529 1315 610 1385 καθ’
626 1316 758 1403 ἡλικίαν
772 1318 851 1405 ἒτιὴ
867 1318 1019 1404 άσκησις,
1037 1316 1175 1387 άπίασιν
1187 1317 1230 1386 ού

220 1420 358 1499 μετρίως
373 1417 409 1479 ἐκ
425 1420 492 1480 τῶν
507 1415 670 1481 τοιούτων
686 1412 804 1500 ἀρετῆς
818 1417 872 1482 καὶ
886 1416 1002 1481 πόνων
1013 1417 1228 1499 ἐρασθέντες·

221 1510 264 1590 ῶς
282 1521 314 1578 εί
324 1514 364 1597 γέ
372 1538 436 1589 τις,
456 1505 483 1577 ῶ
496 1509 688 1597 Ἀνάχαρσι,
704 1509 765 1579 τόν
776 1520 832 1597 τῆς
845 1509 995 1591 εὐκλείας
1008 1519 1113 1596 ἔρωτα
1126 1516 1229 1599 ἐκβά-

219 1620 271 1680 λοι
288 1613 322 1677 ἐκ
338 1616 398 1675 τοῦ
412 1616 505 1695 βίον,
524 1616 556 1676 τί
566 1605 609 1675 άν
625 1616 672 1677 ἔτι
687 1609 821 1696 ιἰγαθδν
834 1608 914 1696 ἡμῖν
924 1618 1070 1697 γένοιτο;
1092 1610 1173 1698 ἢτίς
1185 1612 1229 1679 άν

219 1736 250 1775 τι
271 1704 426 1793 λαμπρόν
447 1708 653 1792 ἐργάσασθαι
675 1710 909 1795 ἐπιθυμησειες
938 1718 1005 1778 νῦν
1025 1710 1061 1777 δὲ
1084 1713 1138 1779 καί
1161 1709 1229 1778 άπὸ

219 1806 349 1873 τούτων
371 1806 511 1885 εἰκάζειν
525 1810 701 1891 παρέχοιεν
721 1807 765 1873 άν
786 1831 856 1891 σοι,
883 1806 992 1877 ὁποῖοι
1015 1812 1051 1874 ἐν
1070 1813 1229 1893 πολέμοις

149 1914 201 1971 918
219 1900 304 1985 ὑπὲρ
327 1907 484 1985 πατρίδος
506 1906 559 1969 καὶ
575 1909 704 1971 παίδων
720 1906 774 1971 καὶ
793 1914 965 1990 γυναικῶν
985 1907 1040 1971 καί
1055 1910 1157 1985 ίερῶν
1169 1909 1230 1990 γέ·

219 1997 326 2066 νοιντ’
339 1995 382 2067 άν
394 1998 479 2067 ὅπλα
491 2006 619 2085 ἔχοντες
631 2006 666 2067 οί
674 2009 811 2069 κοτίνου
821 2006 897 2086 πέρι
912 2005 965 2071 καὶ
976 2005 1092 2089 μήλων
1102 2005 1230 2087 γυμνοί

219 2100 387 2185 τοσαύτην
402 2108 596 2185 προθυμίαν
610 2104 643 2179 ἐς
657 2100 693 2168 τδ
711 2110 810 2168 νικᾶν
825 2101 1064 2187 είσφερόμενοι.
1086 2106 1137 2170 37.
1150 2110 1227 2169 καί·

218 2220 268 2261 τοι
283 2191 369 2263 τίάν
380 2197 520 2276 πάθοις,
539 2204 570 2265 εί
578 2198 719 2265 θεάσαιο
734 2200 789 2266 καὶ
804 2196 958 2284 ὀρτύγων
973 2201 1026 2265 καὶ
1041 2196 1228 2283 ἀλεκτρυό-

219 2318 289 2360 νων
304 2293 436 2379 άγῶνας
453 2294 532 2381 παρ’
554 2295 635 2382 ἡμῖν
650 2300 705 2365 καὶ
726 2292 878 2383 σπουδὴν
892 2300 945 2365 ἐπὶ
960 2298 1090 2374 τούτοις
1105 2294 1148 2364 ού
1167 2326 1227 2383 μι-

218 2393 322 2476 κράνς
348 2390 370 2479 ἢ
391 2394 515 2483 γελάση
537 2400 638 2480 δῆλον
661 2394 728 2480 ότι,
749 2399 804 2463 καὶ
825 2396 965 2481 μάλιστα
986 2392 1030 2481 ἦν
1052 2398 1165 2484 μάθης
1182 2394 1229 2476 ῶς

218 2488 285 2558 ὑπό
305 2492 400 2583 νόμω
417 2491 497 2559 αύτδ
521 2497 652 2579 δρῶμεν
668 2498 723 2561 καί
739 2495 976 2575 προστέτακται
994 2502 1075 2562 πᾶσι
1095 2512 1165 2573 τοῖς
1188 2500 1228 2563 ἐν

218 2586 327 2679 ἡλικίᾳ
343 2606 496 2675 παρεῖναι
511 2594 566 2660 καὶ
582 2591 666 2676 ὁρᾶν
679 2591 719 2660 τὰ
736 2590 837 2675 ὄρνεα
853 2594 1118 2660 διαπυκτεύοντα
1129 2596 1228 2679 μέχρι

217 2696 274 2772 τῆς
291 2691 427 2775 ἐσχάτης
448 2688 722 2777 άπαγορεύσεως;
750 2689 824 2758 ἀλλ’
848 2687 927 2757 ούδὲ
951 2698 1050 2758 τοῦτο
1072 2700 1225 2776 γελοῖον·

217 2784 400 2853 ὑποδύεται
416 2788 480 2872 γάρ
495 2818 544 2867 τις
560 2788 665 2876 ἠρέμα
681 2805 751 2867 ταῖς
764 2804 883 2874 ψυχαῖς
901 2787 985 2874 ὁρμὴ
1004 2793 1037 2866 ἐς
1052 2787 1132 2868 τούς
1149 2817 1227 2858 κιν-

217 2883 357 2965 δύνους,
382 2884 425 2963 ὡς
440 2886 484 2973 μὴ
504 2886 734 2973 ἀγεννέστεροι
749 2890 803 2955 καλ
818 2886 1033 2972 ἀτολμότεροι
1048 2895 1227 2973 φαίνοιντο

216 2989 285 3048 τῶν
303 2981 538 3066 άλεκτρυόνων
553 2987 634 3072 μηδὲ
654 2986 963 3071 προαπαγορεύοιεν
984 2983 1050 3053 ὑπὸ
1072 2990 1227 3070 τραυμά-

217 3106 284 3147 των
303 3076 325 3165 ἢ
345 3082 503 3167 καμάτων
523 3082 545 3169 ἥ
564 3111 625 3151 του
645 3085 751 3154 άλλου
778 3090 966 3169 δυσχεροῦς.
1000 3082 1037 3151 τό
1064 3089 1100 3152 δὲ
1124 3087 1164 3172 δὴ
1188 3090 1227 3154 ἐν

216 3175 332 3256 ὅπλοις
340 3186 521 3261 πειρᾶσθαι
532 3180 644 3249 αὐτῶν
653 3187 707 3251 καὶ
717 3184 801 3267 ὁρᾶν
809 3189 1092 3270 τιτρωσκομένους
1101 3184 1225 3271 άπαγε·

216 3282 382 3362 θηριῶδες
399 3275 464 3363 γάρ
484 3282 537 3347 καλ
555 3286 672 3360 δεινῶς
687 3281 806 3350 σκαιόν
826 3284 881 3349 καὶ
895 3285 1030 3365 προσέτι
1048 3308 1087 3368 γε
1105 3282 1225 3350 άλυσι-

216 3377 305 3453 τελὲς
319 3375 543 3462 άποσφάττειν
563 3376 640 3458 τούς
655 3378 811 3461 άρίστους
825 3381 879 3447 καλ
895 3376 944 3457 οἷς
959 3378 1002 3446 άν
1019 3406 1069 3459 τις
1082 3378 1225 3467 άμεινον

216 3476 372 3557 χρήσαιτο
386 3473 469 3542 κατά
483 3482 551 3543 τῶν
567 3481 743 3560 δυσμενῶν
781 3484 831 3547 38.
849 3480 918 3545 ἐπεὶ
930 3478 966 3544 δὲ
984 3479 1066 3565 φης,
1081 3471 1109 3546 ῶ
1124 3480 1224 3550 Ἀνά-
