2625 4092
366 295 485 352 ΠΕΡΙ
503 295 805 354 ΠΑΡΑΣΙΤΟΥ.
1052 295 1094 355 29

80 483 143 533 τως
161 455 266 540 άδηλα
281 455 336 523 καὶ
356 453 469 540 ἀφανῆ
487 461 617 540 μᾶλλον
630 463 688 540 της
707 463 868 540 μαντικῆς
889 463 1042 542 γνωρίζει
1057 485 1093 525 τε

81 557 134 622 καὶ
157 553 233 622 οἶδε.
267 553 352 622 5.τό
375 557 414 620 δέ
431 580 468 640 γε
487 559 685 621 ἐπίστασθαι
705 554 828 638 λόγους
849 558 959 639 λέγειν
978 559 1092 642 ἐπιτη-

80 658 189 732 δείους
210 657 266 721 καὶ
288 653 465 737 πράγματα
489 653 647 735 πράττειν
669 650 714 719 δι’
740 645 789 719 όν
809 653 1014 720 οἰκειώσεται
1037 656 1102 722 καῖ’

81 749 304 819 εὐνούστατον
315 749 437 820 ἑαυτὸν
446 758 493 840 τῷ
505 754 660 835 τρέφοντι
673 748 849 834 ἀποδείξει,
864 743 922 836 ἀρ’
934 748 976 816 οά
988 756 1090 819 σννέ-

80 873 161 928 σεοτς
177 852 231 919 καὶ
244 851 460 937 καταλήψεως
477 852 666 935 ἐρρωμένης
683 847 771 916 εἷναί
778 868 832 918 σοι
849 854 955 930 δοκεῖς

167 955 261 1018 m.
286 952 350 1016 Καὶ
366 950 464 1036 μάλα.
853 1021 857 1031 Ι

162 1055 259 1116 ΠΛΡ.
288 1046 333 1114 Τό
347 1051 386 1114 δέ
395 1075 431 1134 γε
444 1051 479 1114 έν
491 1061 562 1125 ταῖς
573 1049 760 1114 ἑστιάσεσιν
769 1044 886 1125 αόταῖς
900 1045 991 1124 ὅπως
1002 1071 1088 1114 παν-

77 1145 131 1224 τός
145 1145 288 1215 ἀπέλθοι
306 1150 408 1215 πλέον
424 1154 508 1233 ἔχων
524 1151 577 1215 καὶ
595 1151 854 1233 παρευδοκιμῶν
871 1145 950 1224 τούς
967 1151 1012 1232 μη
1027 1145 1089 1232 τὴν

76 1243 181 1330 αὐτὴν
198 1242 289 1334 αὐτῷ
305 1247 528 1331 κεκτημένους
542 1248 677 1330 τέχνην,
700 1245 785 1312 ἀνευ
804 1243 897 1322 τινός
911 1246 1016 1329 λόγου
1033 1246 1087 1312 καὶ

75 1349 195 1428 σοφίας
210 1344 416 1424 πράττεσθαι
432 1353 512 1423 σίας

162 1447 259 1508 ΤΤΧ.
283 1437 456 1525 Οὐδαμῶς.

156 1546 257 1607 ΠΛΡ.
285 1545 327 1605 Τί
339 1541 392 1624 δέ,
415 1538 452 1606 τό
468 1542 667 1607 ἐπίστασθαι
688 1538 747 1618 τάς
769 1537 888 1621 άρετάς
902 1542 956 1607 καὶ
971 1549 1087 1619 κακίας

73 1644 141 1703 τεᾶν
163 1644 278 1705 σιτίων
301 1638 447 1705 καὶτῶν
473 1634 568 1716 όψων
590 1637 921 1723 πολυπραγμοσύνην
946 1636 1086 1724 ἀτέχνου

74 1732 164 1813 τινός
180 1733 267 1802 εἶναί
277 1753 331 1802 σοι
346 1740 454 1821 δοκεῖ,
473 1737 526 1803 καὶ
543 1743 646 1803 ταῦτα
665 1744 725 1803 τοῦ
739 1738 979 1822 γενναιοτάτου
988 1739 1084 1805 Πλά-

73 1858 178 1911 τωνος
197 1831 318 1904 οὑτωσὶ
334 1839 506 1920 λέγοντος,
531 1841 600 1900 Τοῦ
615 1837 795 1919 μέλλοντος
809 1837 1021 1903 ἑστιάσεσθαι
1037 1832 1082 1921 μὴ
1102 1853 1154 1908 844

73 1938 270 2016 μαγειρικοῦ
281 1929 387 2014 ὄντος,
399 1934 640 2018 σκευαζομένης
651 1938 771 2016 θοίνης
781 1930 967 2018 ἀκυροτέρα
978 1928 999 2018 ἡ
1011 1938 1085 2016 κρί-

72 2049 137 2109 σις;
160 2035 191 2097 6.
209 2027 260 2096 ὅτι
274 2055 312 2114 γε
327 2027 394 2116 μὴν
409 2028 471 2097 οὐκ
483 2032 519 2096 έκ
533 2031 748 2116 καταλήψεως
759 2030 883 2115 μόνον,
900 2027 983 2098 ἀλλά
998 2050 1082 2115 συγ-

72 2131 347 2213 γεγυμνασμένης
360 2131 449 2196 έστὶν
465 2127 485 2214 ἡ
501 2128 703 2216 παρασιτική
712 2179 721 2212 ,
745 2128 869 2214 μάθοις
883 2124 927 2194 ἀν
945 2131 1084 2196 ἐνθένδε

71 2227 209 2313 ῥᾳδίως·
239 2230 276 2292 αί
290 2229 352 2311 μὲν
368 2225 434 2312 γάρ
450 2234 518 2293 τῶν
536 2224 649 2295 ἀλλων
669 2234 796 2313 τεχνῶν
813 2229 1013 2312 καταλήψεις
1029 2227 1084 2293 καὶ

70 2321 194 2410 ἡμέρας
216 2326 270 2393 καὶ
293 2324 417 2403 νύκτας
439 2329 493 2393 καὶ
518 2333 624 2412 μῆνας
649 2329 704 2395 καὶ
727 2323 903 2403 ε’νιαυτούς
924 2326 1084 2404 πολλάκις

70 2422 344 2512 ἀσυγγύμναστοι
358 2428 512 2511 μένουσι,
529 2425 583 2492 καὶ
595 2422 685 2509 ὅμως
699 2420 763 2490 οὐκ
773 2420 980 2490 ἀπόλλυνται
991 2421 1082 2506 παρά

69 2539 136 2602 τοῖς
151 2530 366 2610 κεκτημένοις
380 2529 416 2592 αί
424 2529 549 2610 τέχναι,
567 2528 604 2591 αέ
613 2527 648 2592 δὲ
664 2530 725 2590 τοῦ
740 2529 926 2608 παρασίτου
937 2522 1083 2607 καταλή-

70 2637 142 2702 ψεις
159 2621 246 2710 εἰμὴ
269 2621 350 2691 καθ’
366 2621 495 2710 ἡμέραν
515 2621 582 2690 εἶεν
597 2627 635 2690 έν
658 2629 849 2712 γυμνασίῳ,
873 2620 1082 2689 ἀπολλύασιν

69 2718 110 2788 οά
126 2723 255 2806 μόνον,
274 2721 380 2808 οἶμαι,
396 2721 457 2808 τὴν
468 2725 603 2808 τέχνην,
622 2720 707 2790 ἀλλά
720 2723 776 2788 καὶ
788 2718 893 2787 αὐτόν
903 2720 964 2787 τόν
974 2729 1081 2806 τεχνί-

68 2846 137 2905 την.
164 2825 192 2887 7.
210 2821 249 2887 τό
264 2847 302 2906 γε
317 2823 402 2907 μήν,
421 2821 503 2903 πρός
517 2849 548 2889 τι
564 2823 658 2898 τέλος
673 2818 858 2906 εὔχρηστον
872 2827 918 2910 τῷ
934 2827 1012 2910 βίῳ,
1035 2818 1080 2906 μὴ

67 2920 122 2986 καὶ
137 2927 258 3004 μανίας
274 2913 296 3008 ᾖ
315 2926 431 3006 ζητεῖν.
461 2917 524 3006 έγά
540 2919 606 3008 γάρ
620 2925 683 2987 τοῦ
704 2934 826 3005 φαγεῖν
840 2923 974 2988 καὶτοῦ
991 2935 1080 2988 πιεῖν

69 3014 169 3112 οὐδέν
184 3015 445 3103 εὐχρηστότερον
458 3017 602 3101 εὑρίσκω
614 3023 652 3088 έν
665 3027 712 3109 τῷ
725 3027 789 3113 βίμ
802 3018 858 3104 όν,
875 3019 955 3088 οὐδὲ
970 3026 1028 3108 ζῆν
1041 3047 1079 3107 γε

66 3113 191 3182 τούτου
208 3113 292 3182 ἀνευ
308 3121 385 3183 ἔστι.

154 3219 249 3281 ΤΤΧ.
272 3218 373 3282 Πάνυ
386 3218 447 3299 μὲν
462 3211 536 3284 οὖν.

150 3319 179 3380 8.
199 3320 297 3381 ΠΛΡ.
321 3318 387 3383 Καὶ
401 3314 470 3402 μὴν
481 3314 561 3383 οὐδὲ
575 3317 732 3383 τοιοῦτόν
746 3325 779 3386 τί
793 3317 919 3407 ἐστινὴ
936 3344 1079 3404 παρασι-
1190 3378 1193 3382 .

69 3421 139 3498 τικη
155 3409 274 3480 ὁποῖον
289 3411 325 3480 τό
344 3413 465 3492 κάλλος
479 3419 534 3482 καὶ
555 3414 574 3502 ἡ
591 3417 700 3501 ἰσχύς,
725 3415 809 3485 ὥστε
824 3422 944 3505 τέχνην
958 3420 1020 3505 μὲν
1034 3423 1078 3505 μὴ

70 3513 178 3580 δοκεῖν
193 3511 315 3597 αὐτήν,
333 3514 478 3593 δύναμιν
492 3519 532 3582 δέ
545 3542 620 3583 τινα
633 3518 802 3604 τοιαύτην,

1096 3534 1148 3588 845
