2625 4092
436 293 731 353 ΜΛΚΡΟΒΙΟΙ.
1028 295 1089 355 199

76 455 238 542 Ζήνωνος
248 452 399 541 μαθητὴς
409 455 464 520 καὶ
475 454 627 539 διάδοχος
639 455 735 520 ἐννέα
749 456 805 521 καὶ
816 452 1015 539 ἐνενήκοντα
1028 448 1087 523 οῦ-

75 580 133 630 τος
147 552 295 639 γεγονώς
309 559 364 637 ἐτη
380 559 475 638 φῦμα
485 557 581 636 ἔσχεν
595 552 647 617 ἐπὶ
659 558 721 617 τοῦ
731 556 860 635 χείλους
870 553 924 618 καὶ
939 548 1089 634 άποκαρ-

75 659 186 735 τερων
206 652 420 719 ἐπελθόντων
435 647 528 739 αῦτηῦ
547 647 626 734 παρ’
649 652 789 733 ἑταίρων
810 656 911 715 τινων
931 652 1086 736 γραμμά-

75 777 146 817 των
160 749 468 835 προσενεγκάμενος
477 744 608 832 τροφὴν
619 749 673 814 καὶ
685 747 812 831 πράξας
823 749 899 832 περὶ
911 738 960 814 ὦν
970 744 1086 832 ἠξίουν

78 853 113 916 οί
126 856 236 933 φίλοι,
258 847 486 933 ἀποσχόμενος
504 837 605 922 αὖθις
622 850 749 930 τροφῆς
770 846 895 923 ἐξέλιπε
916 841 975 912 τὸν
999 853 1084 931 βίον.

77 954 129 1015 20.
146 946 343 1032 Ξενοφάνης
359 949 396 1013 δέ
413 943 430 1011 ὁ
444 948 590 1024 Δεξίνου
604 943 667 1028 μὲν
682 942 772 1028 υίός,
786 940 964 1029 Ἀρχελάου
978 945 1014 1012 δὲ
1026 951 1087 1012 τοῦ

78 1051 228 1132 φυσικοῦ
240 1043 391 1129 μαθητὴς
405 1045 545 1129 ἐβίωσεν
557 1046 611 1126 ἔτη
624 1043 663 1108 ἓν
678 1041 733 1108 καὶ
744 1041 958 1128 ἐνενήκοντα·
981 1046 1086 1119 Ξενο-

77 1142 200 1225 κράτης
222 1139 258 1205 δέ
275 1140 458 1216 Πλάτωνος
481 1136 634 1223 μαθητὴς
656 1139 838 1223 γενόμενος
862 1142 1004 1223 τέσσαρα
1030 1142 1085 1208 καὶ

78 1238 301 1324 ὀγδοήκοντα·
331 1238 527 1322 Καρνεάδης
545 1235 581 1303 δέ
596 1232 614 1302 ὁ
632 1241 690 1321 τῆς
710 1238 872 1322 νεωτέρας
888 1234 1086 1323 Ἀκαδημίας

78 1333 220 1421 άρχηγδς
240 1341 296 1421 ἐτη
317 1339 414 1403 πέντε
435 1336 489 1402 καὶ
504 1331 727 1419 ὀγδοήκοντα·
759 1335 956 1416 Χρύσιππος
971 1337 1009 1403 ἓν
1029 1338 1085 1404 καὶ

77 1437 299 1524 ὀγδοήκοντα·
311 1441 477 1523 Διογένης
485 1435 548 1504 δέὁ
559 1433 747 1513 Σελευκεὺς
756 1432 822 1502 dud
836 1442 969 1520 Τίγριος
978 1443 1084 1504 Στωϊ-

76 1534 133 1613 κὸς
160 1536 346 1620 φιλόσοφος
371 1531 457 1601 ὀκτοδ
480 1536 533 1600 καὶ
561 1530 783 1618 ὀγδοήκοντα·
816 1532 1041 1612 Ποσειδώνιος
1061 1531 1079 1600 ὁ
1100 1550 1153 1605 220

73 1629 236 1717 Ἀπαμεὺς
255 1641 313 1718 τῆς
329 1639 474 1717 Συρίας,
503 1632 595 1720 νάμφ
616 1633 651 1697 δὲ
673 1628 812 1713 Ῥόδιος,
838 1631 1025 1717 φιλόσοφός
1048 1657 1083 1698 τε

76 1728 144 1816 άμα
168 1731 222 1799 καὶ
237 1735 383 1815 ίστορίας
398 1725 615 1816 συγγραφεὺς
630 1733 773 1812 τέσσαρα
789 1732 843 1797 καὶ
862 1727 1083 1815 ὀγδοήκοντα·

75 1830 261 1911 Κριτόλαος
282 1827 300 1897 ὁ
318 1825 580 1913 Περιπατητικὸς
596 1824 680 1909 ὑπὲρ
703 1827 764 1894 δύο
785 1829 841 1895 καὶ
860 1825 1081 1914 ὀγδοήκοντα·

75 1933 125 1996 2l.
146 1929 290 1994 Πλάτων
305 1930 341 1994 δὲ
356 1924 373 1993 ὁ
390 1924 565 2010 ἱερώτατος
579 1928 617 1992 ἓν
633 1929 688 1992 καί
704 1923 919 2012 ὀγδοήκοντα.
940 1925 1082 2012 Ἀθηνό-

74 2031 181 2108 δωρος
197 2025 381 2103 Σάνδωνος
398 2023 546 2105 Ταρσεῦς
559 2023 727 2107 Στωϊκός,
749 2020 785 2101 ὃς
810 2027 863 2092 καὶ
881 2025 1080 2103 διδάσκαλος

72 2127 202 2210 ἐγένετο
218 2130 382 2202 Καίσαρος
392 2128 556 2210 σεβαστοῦ
567 2128 665 2205 θεοῦ,
680 2119 743 2207 ὑφ’
756 2116 832 2210 οάὴ
847 2127 1005 2208 Ταρσέων
1016 2124 1080 2191 πό-

71 2231 122 2300 λις
136 2225 190 2289 καὶ
205 2223 324 2306 φόρων
335 2225 540 2307 ἐκουφίσθη,
556 2222 618 2288 δύο
633 2225 687 2290 καὶ
699 2219 904 2308 ὀγδοήκοντα
916 2229 971 2310 ἐτη
982 2221 1079 2310 βιοῦς

70 2321 282 2406 ἐτελεύτησεν
303 2325 340 2388 ἐν
361 2329 402 2410 τῇ
424 2325 555 2405 πατρίδι
578 2321 633 2388 καὶ
651 2317 782 2404 τιμάςὸ
802 2325 959 2406 Ταρσέων
977 2326 1080 2407 δημος

72 2418 163 2509 αὐτῷ
185 2417 257 2486 κατ’
278 2425 351 2497 ἔτος
365 2421 505 2486 ἕκαστον
525 2418 686 2505 άπονέμει
702 2416 745 2499 ὡς
761 2419 853 2508 ἥρωϊ.
888 2425 1027 2504 Νέστωρ
1043 2423 1080 2490 δέ

69 2516 219 2596 Στωϊκὸς
233 2516 298 2584 άπό
315 2524 448 2601 Ταρσοῦ
463 2520 664 2599 διδάσκαλος
674 2527 843 2605 Καίσαρος
856 2528 1012 2606 Τιβερίου
1024 2527 1079 2607 ἐτη

70 2616 134 2684 δύο
156 2617 211 2682 καὶ
234 2616 451 2700 ἐνενήκοντα·
481 2619 645 2702 Ξενοφῶν
669 2621 705 2686 δέ
726 2618 915 2702 ὁΓράλλου
935 2617 1019 2701 ὑπὲρ
1037 2617 1077 2686 τά

69 2717 270 2801 ἐνενήκοντα
284 2717 422 2801 ἐβίωσεν
437 2721 499 2802 ἔτη.
524 2723 573 2783 22.
590 2710 684 2786 οὗτοι
694 2721 755 2803 μὲν
771 2719 968 2804 φιλοσόφων
979 2723 1014 2786 οί
1022 2724 1078 2785 ἐν-

69 2820 179 2896 δοξοι,
197 2818 420 2900 συγγραφέων
436 2818 471 2881 δὲ
487 2823 666 2903 Κτησίβιος
682 2816 743 2902 μὲν
760 2814 880 2885 ἑκατὸν
897 2823 1076 2885 είκοσιτεσ·
1094 2833 1146 2887 λλι

69 2915 186 2996 σάρων
201 2916 284 2978 ἐτοῖν
298 2916 334 2980 ἐν
346 2915 514 3003 περιπάτῳ
527 2915 755 3001 ἐτελεύτησεν,
772 2913 815 2993 ὡς
829 2913 1077 2999 Ἀπολλόδωρος

68 3017 107 3081 ἐν
121 3027 189 3090 τοῖς
202 3027 369 3096 χρονικοῖς
384 3017 516 3094 ίστορεῑ.
537 3012 733 3100 Ἱερώνυμος
750 3018 785 3082 δέ
796 3018 833 3082 έν
850 3019 1004 3099 πολέμοις
1019 3041 1077 3100 γε·

67 3113 212 3196 νόμενος
224 3113 276 3176 καὶ
295 3109 441 3190 πολλοῦς
454 3114 624 3198 καμάτους
638 3112 821 3199 ὑπομείνας
835 3119 890 3181 καί
904 3115 1075 3200 τραύματα

67 3216 183 3296 ἔζησεν
202 3214 257 3293 ἐτη
277 3211 419 3291 τέσσαρα
434 3213 488 3278 καὶ
506 3213 641 3297 ἑκατόν,
663 3209 706 3291 ὡς
727 3210 964 3299 Ἀγαθαρχίδης
985 3215 1022 3279 ἐν
1036 3218 1076 3301 τῇ

67 3308 169 3395 ἐνάτη
185 3315 254 3374 τῶν
268 3309 343 3391 περὶ
358 3315 414 3394 τῆς
427 3306 535 3388 Ἀσίας
549 3314 706 3394 ίστοριῦν
721 3314 825 3396 λέγει,
841 3311 897 3380 καλ
912 3311 1077 3395 θαυμάζει

66 3435 107 3496 γε
117 3407 178 3476 τόν
189 3406 298 3489 ἄνδρα
310 3405 354 3485 ῦς
364 3411 457 3493 μέχρι
467 3415 525 3495 τῆς
533 3414 723 3486 τελευταίας
734 3405 857 3494 ἡμέρας
868 3406 984 3492 άρτιον
995 3407 1076 3476 ὄντα

68 3510 106 3574 ἐν
127 3521 198 3584 ταῖς
219 3513 413 3584 συνουσίαις
435 3508 489 3576 καὶ
510 3515 592 3576 πᾶσι
612 3522 682 3586 τοις
702 3515 945 3595 αἰσθητηρίοις,
973 3512 1075 3594 μηδεν
