2625 4092
250 296 313 360 144
603 299 910 362 AOYKIANOY

247 460 355 529 ἐδόκει
371 459 463 548 αύτῷ
475 457 645 527 ἀδύνατον
668 457 751 526 εἶναι
766 461 847 546 μήτε
864 458 947 544 πρὸς
963 461 1060 548 ἰσχύν
1076 463 1156 549 μήτε
1176 465 1259 546 πρὸς

247 556 400 642 ιύκύτητα
415 547 455 622 εύ
470 557 651 641 πεφυκότι,
674 558 802 646 κιθάρᾳ
823 559 859 624 δὲ
874 561 930 626 καὶ
946 557 1016 649 ᾠδῇ
1031 562 1153 650 ῥηιδίως
1173 587 1260 642 κρα-

245 654 359 742 τήσειν
373 656 513 738 ἐπείσθη
525 651 591 720 ύπό
607 662 675 722 τῶν
686 656 883 739 καταράτων
893 653 1104 741 ἀνθρώπων,
1121 657 1182 737 οῦς
1195 657 1259 745 εἶχε

245 753 322 834 περί
332 748 447 836 αὐτόν,
459 753 690 819 ἐπαινούντων
704 754 758 820 καί
770 752 939 840 βοιόντων,
951 753 1051 822 ὁπότε
1062 756 1117 824 καὶ
1127 752 1163 822 τύ
1179 777 1259 840 σμι-

245 849 409 933 κρότατον
424 851 549 927 ἐκεῖνος
565 846 821 932 ἀνακρούσαιτο.
843 842 926 936 ἧκεν
941 843 1004 918 ούν
1016 857 1061 930 είς
1075 849 1152 930 τούς
1164 861 1258 922 Δελ-

246 944 333 1032 φούς
349 960 417 1025 τοῖς
433 973 468 1013 τε
485 945 599 1025 ἀλλοις
615 946 767 1034 λαμπρός
786 949 841 1016 καὶ
856 945 897 1033 δὴ
916 950 970 1015 καὶ
988 952 1111 1034 ἐσθῆτα
1126 951 1259 1034 χρυσό-

245 1064 373 1112 παστον
386 1045 610 1131 ποιησάμενος
626 1048 681 1114 καὶ
699 1049 867 1131 στέφανον
884 1047 1015 1133 δάφνης
1031 1056 1152 1134 χρυσῆς
1173 1047 1257 1116 κάλ·

177 1158 227 1213 108
246 1153 377 1227 λιστον,
402 1169 446 1221 ος
462 1141 535 1211 ἀντὶ
552 1151 684 1227 καρποῦ
703 1151 761 1230 τῆς
781 1145 912 1230 δάφνης
933 1148 1145 1233 σμαράγδους
1169 1144 1257 1214 εἶναι

245 1244 452 1329 ἰσομεγέθεις
462 1249 507 1330 τῷ
519 1249 650 1332 καρπῷ·
668 1241 730 1328 τὴν
740 1245 802 1327 μέν
812 1269 850 1329 γε
862 1243 1010 1326 κιθάραν
1021 1240 1136 1330 αύτήν,
1145 1241 1257 1327 ὑπερ-
1301 1287 1302 1294 1

244 1343 329 1426 φνές
351 1366 381 1406 τι
401 1348 508 1425 χρῆμα
523 1345 556 1420 ἐς
572 1342 694 1420 κάλλος
715 1344 770 1409 καὶ
792 1345 1023 1427 πολυτέλειαν,
1045 1349 1175 1429 χρυσοῦ
1195 1341 1257 1428 μὲν

243 1447 306 1507 τοῦ
319 1436 490 1525 ἀκηράτου
510 1447 638 1526 πᾶσαν,
659 1454 817 1527 σφραγῖσι
840 1439 876 1508 δέ
892 1443 948 1509 καὶ
961 1446 1071 1518 λίθοις
1090 1447 1257 1517 ποικίλοις

243 1541 595 1623 κατακεκοσμημένην,
611 1545 766 1606 Μουσῶν
777 1535 899 1623 μεταξύ
910 1540 964 1606 καί
979 1537 1188 1616 ’Λπόλλωνος
1202 1540 1256 1604 καὶ

240 1631 386 1720 Ὀρφέως
395 1637 691 1722 ἐντετορευμένων,
700 1643 817 1722 θαῦμα
826 1639 909 1722 μέγα
918 1650 986 1715 τοῖς
995 1635 1127 1718 ὁρῶσιν.
1139 1642 1171 1702 9.
1186 1637 1255 1702 ἐπεὶ

243 1733 275 1802 δ’
289 1726 353 1802 ούν
364 1758 443 1800 ποτε
454 1734 509 1802 καὶ
519 1725 601 1818 ἧκεν
611 1732 632 1820 ἡ
644 1741 705 1802 τοῦ
715 1731 846 1821 ἀγῶνος
856 1731 972 1820 ἡμέρα,
983 1748 1069 1817 τρεῖς
1078 1735 1140 1820 μὲν
1149 1726 1254 1819 ἦσαν,

242 1840 337 1918 ἔλαχε
349 1834 384 1899 δὲ
396 1834 495 1917 μέσος
504 1829 617 1900 αύτῦν
628 1829 646 1900 ὁ
658 1828 850 1919 Εὐάγγελος
860 1831 955 1921 ᾅδειν
965 1833 1020 1900 καὶ
1032 1829 1111 1917 μετά
1122 1836 1254 1900 Θέσπιν

242 1931 303 1998 τόν
319 1938 468 2018 Θηβαίου
486 1930 527 1998 ού
544 1930 681 2018 φαύλως
698 1927 969 2016 ἀγωνισάμενον·
992 1932 1152 2015 ἐσέρχεται
1174 1927 1254 2006 ὅλος

242 2031 530 2116 περιλαμπόμενος
545 2038 590 2121 τῷ
604 2036 728 2120 χρυσίῳ
743 2029 798 2096 καὶ
813 2042 880 2106 τοῖς
896 2027 1099 2114 σμαράγδοις
1114 2028 1168 2096 καὶ
1190 2036 1253 2115 βη-
1300 2047 1301 2108 s

242 2129 378 2211 ρύλλοις
397 2129 452 2196 καὶ
466 2125 658 2212 ὑακίνθοις,
682 2130 736 2194 καὶ
751 2123 772 2212 ἡ
787 2125 947 2211 πορφύρα
964 2130 1000 2192 δὲ
1020 2128 1181 2209 ἐνέπρεπε
1197 2132 1254 2209 τῆς

241 2230 394 2311 έοθητος,
406 2225 426 2311 ἢ
438 2225 560 2314 μεταξύ
571 2234 632 2295 τοῦ
643 2233 771 2312 χρυσοῦ
783 2230 981 2309 διεφαίνετο.
1004 2224 1134 2302 τούτοις
1143 2220 1251 2290 ἅπασι

240 2325 470 2412 προεκπλήξας
482 2324 519 2393 τό
536 2329 683 2408 θέατρον
697 2326 752 2392 καὶ
769 2329 964 2409 θαυμαστῆς
979 2325 1107 2400 ἐλπίδος
1122 2323 1253 2406 ἐμπλη-

239 2445 301 2502 σας
323 2421 402 2503 τούς
421 2425 560 2508 θεατάς,
585 2424 699 2508 ἐπειδή
723 2447 802 2489 ποτε
824 2425 877 2490 καὶ
900 2413 978 2509 ᾆσαι
1000 2423 1054 2488 καὶ
1074 2429 1252 2502 κιθαρίσαι

240 2523 374 2600 πάντως
388 2527 470 2608 ἔδει,
486 2520 708 2605 ἀνακρούεται
722 2524 784 2608 μὲν
799 2519 1012 2607 ἀνάρμοστόν
1027 2548 1057 2587 τι
1072 2521 1125 2586 καὶ
1140 2515 1252 2587 ἀσύν-

239 2649 378 2708 τακτον,
394 2620 625 2710 ἀπορρήγνυσι
643 2623 679 2689 δὲ
697 2635 783 2705 τρεῖς
796 2617 864 2707 ἀμα
880 2616 1003 2704 χορδάς
1017 2619 1252 2704 σφοδρότερον

238 2729 300 2790 τοῦ
316 2725 450 2800 δέοντος
465 2719 618 2808 ἐμπεσών
633 2728 674 2810 τῇ
691 2722 834 2810 κιθάρᾳ,
851 2718 946 2809 ᾄδειν
961 2721 997 2787 δὲ
1011 2717 1143 2805 ἀρχεται
1159 2715 1250 2788 ἀπό-

239 2821 370 2907 μουσόν
388 2850 420 2889 τι
437 2824 493 2890 καὶ
513 2821 651 2904 λεπτόν,
674 2819 758 2888 ὥστε
777 2823 902 2907 γέλωτα
924 2823 986 2906 μὲν
1002 2816 1092 2901 παρά
1109 2817 1249 2886 πάντων

219 2935 222 2943 ’
237 2925 397 3006 γενέσθαι
408 2927 477 2987 τιῦν
486 2928 634 3004 θεατῶν,
649 2917 728 2998 τούς
740 2917 929 2996 ἀθλοθέτας
941 2919 976 2986 δέ
992 2915 1249 3004 ἀγανακτήσαν-

239 3045 297 3097 τας
306 3022 358 3086 ἐπὶ
366 3026 407 3107 τῇ
417 3018 522 3105 τόλμη
532 3019 804 3104 μαστιγώσαντας
814 3016 919 3087 αὐτόν
928 3019 1080 3104 ἐκβαλεῖν
1088 3023 1149 3085 τοῦ
1158 3017 1251 3086 θεά-

238 3143 335 3198 τρου·
358 3115 476 3199 ότεπερ
488 3117 543 3185 καὶ
558 3118 767 3202 γελοιότατος
782 3115 883 3202 ὤφθη
900 3117 1057 3201 δακρύων
1072 3114 1250 3204 ὁχρυσοῦς

237 3213 430 3301 Εὐάγγελος
451 3217 505 3282 καὶ
529 3212 594 3282 ύπό
617 3223 685 3282 τῶν
702 3217 962 3302 μαστιγοφόρων
983 3216 1169 3302 συρόμενος
1193 3212 1248 3284 διά

237 3315 340 3400 μέσης
354 3319 411 3399 τῆς
425 3321 551 3400 σκηνῆς
570 3317 625 3383 καί
645 3313 685 3382 τά
702 3319 802 3400 σκέλη
823 3321 1107 3404 καθῃματωμένος
1126 3318 1249 3384 ἐκτῶν

171 3425 220 3480 109
238 3420 409 3499 μαστίγων
420 3414 474 3479 καί
490 3416 662 3500 συλλέγων
675 3415 826 3500 χαμόθεν
839 3423 896 3501 τῆς
910 3415 1055 3497 κιθάρας
1066 3411 1125 3493 τάς
1135 3437 1247 3499 σφρα-

236 3515 347 3595 γῖδας·
370 3511 653 3591 έξεπεπτιόκεισαν
667 3511 732 3600 γάρ
747 3510 902 3602 κάκείνης
916 3517 1246 3600 ξυμμαστιγουμέυης
