2625 4092
265 308 574 370 ΣΥΜΠΟΣΙΟΝ
593 315 622 368 Η
642 312 875 372 ΛΑΠΙΘΑΙ.
1014 311 1076 375 ³23

153 477 183 538 2.
199 477 289 540 ΦΙΛ.
317 477 519 556 Τοιγαροῦν,
543 464 569 540 ἀ
585 481 709 540 Λυκῖνε
717 499 730 555 ,·
748 475 803 540 καί
820 471 838 541 ὁ
856 481 1000 559 Χαρῖνος
1013 475 1077 542 αά-

74 569 140 654 τός,
163 574 194 638 εί
205 575 412 656 βουλοίμεθα
429 565 561 657 τάληθή
581 567 795 639 ἀκοῦσαικαὶ
820 571 909 651 ὅπως
925 574 1076 661 ἐπράχθη

72 670 204 752 ἕκαστα,
220 665 309 750 παρά
323 670 359 735 σὲ
375 665 461 755 ήμάς
473 666 569 754 ήκειν
585 670 745 737 ἐκέλευσε.
769 672 823 739 καί
837 668 898 737 τόν
912 671 1078 740 Διόνικον

72 766 133 852 γάρ
153 763 257 834 αὐτὸν
278 772 381 836 είπελν
400 763 443 845 ῶς
464 764 566 846 αάτδς
581 769 644 852 μὲν
661 765 703 834 οά
719 772 940 855 παραγένοιτο
964 767 1076 854 ἀπασι,

72 865 106 932 σὲ
128 867 162 933 δὲ
183 862 329 952 ἀκριβῶς
349 868 473 932 είδέναι·
491 862 530 931 τά
551 869 756 952 γεγενημένα
778 864 931 945 καὶτοὺς
954 868 1076 955 λόγους

70 959 191 1042 αάτοδς
208 959 513 1048 ἀπομνημονεῦσαι·
528 961 586 1030 άτε
607 960 652 1049 μή
677 967 850 1050 παρέργως
873 972 940 1031 τῶν
961 967 1076 1033 τοιού-

69 1087 150 1143 των,
168 1056 241 1127 ἀλλ’
254 1064 291 1126 ἐν
306 1066 436 1149 σπουδή
447 1057 674 1147 ἀκροώμενον.
698 1060 782 1129 ῶστε
794 1060 856 1130 οὐκ
871 1059 914 1130 ἀν
929 1064 1076 1147 φθάνοις

70 1164 184 1226 ἑστιῶν
198 1156 284 1244 ήμᾶς
297 1155 434 1245 ἡδίστην
451 1161 576 1246 ταύτην
591 1163 754 1245 ἑστίασιν,
770 1153 809 1247 ής
820 1158 883 1228 οάκ
894 1158 959 1227 οἷδ’
973 1156 1016 1228 ἀν
1027 1169 1075 1238 τίς

68 1255 171 1341 ήδίων
186 1261 313 1342 ἔμοιγε,
329 1258 383 1324 καὶ
401 1256 543 1342 μάλιστα
565 1255 633 1347 όσμ
648 1261 815 1345 νήφοντες
832 1261 869 1326 έν
884 1259 999 1346 είρήνη
1020 1262 1075 1328 καὶ

69 1354 226 1442 ἀναιμωτὶ
236 1360 296 1436 ἔξω
304 1358 422 1443 βέλους
432 1357 661 1442 ἑστιασόμεθα,
671 1367 735 1424 είτε
744 1361 897 1443 γέροντες
905 1357 1073 1446 ἐπαρῴνη·

67 1457 131 1522 σάν
149 1482 180 1521 τι
197 1452 285 1537 παρὰ
303 1452 340 1520 τό
363 1460 501 1522 δεῖπνον
519 1466 583 1523 είτε
606 1459 675 1522 νέοι
697 1461 801 1523 εἰπεῖν
817 1479 852 1522 τε
872 1454 933 1522 ὅσα
957 1454 1074 1542 ήκιοτα

67 1559 164 1641 ἐχρῆν
179 1552 244 1620 ὑπὸ
262 1563 323 1621 τοῦ
337 1551 486 1637 ἀκράτου
500 1557 725 1639 προαχθέντες
740 1558 794 1623 καί
806 1561 936 1639 πρᾶξαι.
975 1592 978 1596 ·

148 1658 178 1719 3.
196 1659 295 1719 ΛΤΚ.
312 1650 547 1736 Νεανικῶτερα
559 1650 662 1738 ἡμᾶς,
679 1645 846 1736 ῶΦίλων,
862 1651 963 1733 ἀξιοῖς
974 1657 1072 1738 έκφέ-

66 1777 138 1835 ρειν
152 1758 256 1817 ταῦτα
278 1750 362 1836 πρὸς
382 1749 460 1828 τοὺς
475 1748 620 1828 πολλοὺς
641 1754 696 1818 καὶ
717 1753 878 1830 ἐπεξιέναι
895 1754 1073 1837 διηγουμέ-

65 1877 146 1928 νους
160 1849 335 1935 πράγματα
352 1854 388 1916 έν
401 1858 481 1938 οίνῳ
498 1852 552 1915 καὶ
567 1852 655 1938 μέθη
670 1850 852 1934 γενόμενα,
867 1852 946 1917 δέον
960 1850 1071 1936 λήθην
1090 1866 1141 1920 420

64 1947 269 2033 ποιήσασθαι
286 1946 398 2014 αὐτῶν
412 1951 467 2014 καί
481 1953 626 2032 νομίζειν
642 1949 751 2014 έκεῖνο
767 1947 875 2016 πάντα
890 1955 976 2014 θεοῦ
992 1953 1071 2032 ἔργα

62 2055 124 2113 τοῦ
141 2047 315 2115 Διονύσου
331 2044 433 2128 εἶναι,
452 2043 488 2125 ὃς
502 2046 564 2112 οὐκ
582 2043 654 2112 οίδα
669 2056 704 2114 εί
714 2072 788 2113 τινα
805 2053 872 2112 τῶν
890 2044 996 2113 αὑτοῦ
1012 2044 1069 2129 ὀρ-

61 2151 152 2230 γίων
166 2142 342 2212 ἀτέλεστον
357 2148 412 2212 καὶ
434 2141 641 2231 ἀβάκχευτον
663 2149 840 2226 περιεῖδεν.
867 2144 930 2229 ὅρα
947 2138 1013 2213 οάν
1025 2145 1070 2231 μή

60 2244 246 2328 κακοήθων
265 2248 368 2309 τινῶν
391 2241 585 2324 ἀνθρώπων
603 2236 624 2330 ᾖ
644 2239 681 2309 τὸ
707 2242 852 2330 ἀκριβῶς
871 2243 910 2311 τά
933 2250 1070 2312 τοιαῦτα

60 2343 238 2425 ἐξετάζειν,
261 2340 282 2407 ἀ
301 2345 410 2420 καλῶς
432 2348 496 2427 ἕχει
512 2344 548 2409 έν
569 2349 613 2431 τῷ
633 2350 807 2432 συμποσίω
829 2344 1071 2423 καταλιπόντας

59 2440 339 2509 ἀπαλλάττεσθαι.
370 2449 480 2526 ,μισῶ
489 2450 508 2482 ·‘
523 2440 605 2526 γάρ,
628 2444 711 2526 φησὶ
725 2441 811 2511 καὶὸ
828 2442 996 2530 ποιητικὸς
1011 2445 1070 2512 λό-

58 2541 136 2627 γος,
154 2541 333 2625 ,μνάμονα
348 2540 556 2625 συμπόταν.“
584 2542 638 2608 καὶ
654 2539 733 2608 οὐδέ
751 2539 769 2608 ὁ
785 2543 945 2622 Διόνικος
958 2542 1071 2626 ὀρθῶς

58 2633 195 2724 ἐποίησε
216 2638 299 2721 πρὸς
315 2636 374 2705 τὸν
385 2647 534 2722 Χαρίνου
550 2649 653 2707 ταῦτα
671 2640 892 2726 έξαγορεάσας
915 2644 969 2709 καὶ
987 2652 1069 2710 πολ-

57 2740 123 2826 λήν
138 2736 200 2823 τήν
211 2741 436 2820 ἑωλοκρασίαν
451 2739 698 2819 κατασκεδάσας
712 2739 849 2824 ἀνδρῶν
861 2742 1067 2826 φιλοσόφων.

56 2834 125 2922 έγῶ
143 2840 182 2903 δέ
187 2887 196 2917 ,
215 2835 338 2922 ἀπαγε,
357 2834 418 2903 οάκ
432 2836 476 2903 ἀν
488 2865 518 2903 τι
534 2846 690 2904 τοιοῦτον
705 2848 839 2925 είποιμι.

145 2941 174 3003 4.
189 2943 277 3004 ΦΙΑ.
296 2937 434 3023 Θράπτη
442 2943 559 3020 ταῦτα,
575 2928 744 3003 ῶΛυκλνε.
768 2935 839 3004 ἀλλ’
852 2936 926 3006 οὔτε
938 2965 975 3024 γε
986 2937 1069 3021 πρὸς

55 3039 114 3122 ἐμὲ
132 3034 222 3103 οὕτω
240 3050 348 3103 ποιεῖν
363 3035 485 3120 ’έχρῆν,
504 3033 539 3113 ὃς
561 3033 707 3123 ἀκριβῶς
721 3035 808 3103 πολὺ
823 3039 927 3105 πλέον
948 3040 1070 3107 ἐπιθυ-

53 3135 190 3221 μοῦντά
205 3157 241 3201 σε
259 3135 363 3203 είπεῑν
379 3132 451 3202 οἶδα
466 3132 487 3221 ή
502 3134 557 3221 ἐμὲ
572 3131 731 3219 ἀκοῦσαι,
754 3141 814 3202 καί
827 3163 883 3222 μοι
899 3142 1023 3218 δοκεῖς,
1042 3143 1072 3206 εί

53 3232 263 3319 ἀπορήσειας
282 3239 350 3301 τῶν
370 3229 625 3318 ἀκουσομένων,
654 3229 719 3301 κάν
740 3235 823 3318 πρδς
842 3237 939 3306 πίονά
954 3264 1029 3304 τινα
1046 3233 1067 3323 ή
1088 3254 1134 3305 421

52 3335 142 3418 πρὸς
151 3331 335 3417 ἀνδριάντα
347 3329 451 3419 ήδέιις
461 3327 504 3398 ἀν
513 3331 714 3413 προσελθῶν
723 3339 829 3420 ἐκχέαι
838 3337 946 3404 πάντα
959 3344 1069 3404 συνεί-

51 3455 129 3512 ρων
147 3429 277 3515 ἀμνστί.
303 3437 332 3498 εί
348 3439 432 3516 γοῦν
448 3429 599 3516 ἐθελήσω
611 3427 882 3501 ἀπαλλάττεσθαι
902 3442 984 3518 νῦν,
1006 3432 1067 3500 οὐκ

52 3529 172 3606 ἐάσεις
183 3553 222 3604 με
243 3526 391 3613 ἀνήκοον
412 3524 589 3618 ἀπελθεῖν,
612 3526 687 3596 ἀλλ’
706 3532 770 3610 ἕξει
786 3532 841 3599 καί
856 3541 1061 3682 τχοχιηακολου
