2625 4092
264 275 326 334 494

263 409 375 456 libertas,
399 407 444 447 vid.
466 405 608 459 Dionysiaca.
631 409 692 449 socia
710 410 788 449 verita-

289 464 332 509 tis,
352 460 415 501 Piso.
432 463 464 505 17.
485 462 610 502 libertatem
630 463 718 503 dicendi
740 475 788 503 con-

290 517 369 556 cedere
384 516 545 567 magnanimum
557 520 600 566 est,
613 515 683 559 Dcor.
692 527 756 562 cerne.
768 519 789 558 t.

262 572 377 611 Librorum
390 569 457 610 lectio
466 569 555 622 quando
563 583 605 610 non
614 570 718 621 suthe-iat,
731 571 789 612 Ado.

289 625 340 666 lod.
354 629 375 668 2.
390 636 465 664 eorum
482 628 593 676 emptores
604 627 674 675 ignari
688 629 710 665 et
723 625 790 665 rudes

290 682 324 719 cui
340 678 439 725 slmiles,
459 677 525 721 166,
545 681 576 720 in.
591 679 626 718 29.
648 690 722 720 eorum
739 680 789 720 titu-

289 735 326 775 los
340 732 402 774 solos
415 743 494 782 nosse,
509 732 540 778 16,
556 734 588 776 ta.
605 733 656 772 libri
672 735 789 782 coelestes,

289 787 320 832 tt.
345 788 380 881 16ἑ
407 788 459 828 libri
488 789 565 838 magici
587 788 706 840 Aegyptii.
735 786 789 829 Plel-

291 844 314 883 to
331 854 350 883 a.
381 843 400 881 1.

262 855 367 947 athulini,
383 907 452 948 gens,
466 896 545 935 Amor.
560 897 581 939 6.

262 953 357 1004 ιίὴγιι,
373 961 430 1002 quae
445 953 549 991 Austrum
564 953 665 1001 spectat,
681 950 789 1000 condicio,

291 1007 359 1060 Dipa.
374 1006 384 1046 l
400 1014 451 1056 sqq.

263 1063 355 1113 Libyes,
371 1061 498 1099 Ammonem
513 1057 704 1108 coronassent.
720 1058 740 1098 8.

263 1117 331 1168 Libys
349 1115 397 1155 sive
413 1113 530 1154 Alrlcanua
549 1113 639 1164 quidam
660 1112 788 1164 praestigia·

289 1176 335 1219 tor,
350 1166 458 1220 Plitops.
472 1169 492 1208 7.

261 1227 360 1276 Linguae
381 1221 479 1262 Graecae
499 1221 595 1261 studium
615 1219 727 1272 quomodo
748 1225 789 1259 tra·

288 1277 404 1326 ctandum,
419 1274 516 1328 hariph.
531 1280 566 1320 22.
587 1274 609 1315 in
624 1288 651 1314 ea
664 1275 740 1326 aliqua
757 1276 789 1314 ni·

289 1335 331 1374 mis
345 1336 449 1372 accurate
464 1333 583 1380 taxantur,
597 1328 659 1370 Hist.
674 1333 707 1374 21.

262 1389 385 1430 hitorarum
406 1384 494 1431 studia,
516 1383 562 1428 vid.
578 1382 690 1424 Erudltio.
712 1382 790 1425 literas

288 1445 346 1484 scire
362 1440 392 1480 nil
409 1438 514 1491 prodest,
529 1439 571 1480 nisi
587 1440 655 1478 vitam
670 1447 790 1488 componas

290 1499 311 1537 ln
333 1495 424 1543 mellus,
447 1490 518 1534 coeo.
541 1493 576 1536 tl.
604 1492 682 1534 literas
703 1490 790 1531 invenit

290 1549 399 1598 Cadmus,
414 1546 465 1588 led.
481 1546 560 1587 Venti.
577 1546 655 1586 ordine
670 1544 789 1586 collocavit

289 1603 429 1650 Simonides,
444 1599 475 1641 lb.

264 1659 390 1707 tollianus,
405 1655 486 1710 Eptyr.
502 1660 537 1701 26.

263 1711 400 1759 uenenatas,
415 1709 514 1764 Scytha,
533 1709 587 1750 Tor.
602 1709 629 1748 lt
643 1716 695 1759 sqq.

262 1770 380 1820 longaeva
395 1764 507 1804 hominum
519 1773 608 1817 genera,
622 1761 697 1804 noer.
706 1766 727 1806 l.
743 1759 788 1800 lon-

289 1833 372 1874 gaevae
385 1824 474 1871 gentes,
490 1817 521 1858 id.
531 1819 552 1859 6.
569 1817 726 1868 longaevitatis
741 1827 788 1856 cau·

289 1890 339 1925 sae,
363 1871 394 1915 id.
408 1878 430 1920 6.
456 1872 559 1926 exempla
578 1873 734 1922 longaevorum
757 1879 789 1909 re-

289 1943 348 1982 gum,
356 1927 452 1979 tassq,
464 1926 654 1981 pbilosophorum,
664 1923 694 1964 ib.
705 1925 788 1976 rsaqq.

289 1985 458 2032 historicorum,
473 1981 504 2023 tt.
518 1983 544 2022 22
558 1990 611 2032 sqq.

262 2037 376 2092 Loquendi
391 2036 477 2086 fiducia,
485 2037 547 2076 ancia
558 2034 670 2082 veritatis,
685 2031 747 2073 Piso.
756 2033 789 2073 17.

262 2092 396 2145 Lotophagi,
412 2090 474 2131 Soti.
488 2097 510 2136 4,

262 2150 339 2190 butum
358 2145 432 2186 utixta
451 2148 568 2196 gustarunt
589 2145 655 2192 socii,
671 2143 699 2182 de
717 2141 788 2182 Mero.

290 2202 362 2243 Cond.
376 2203 397 2242 8.
412 2199 472 2239 lotus
486 2199 588 2247 Homeri,
603 2197 671 2250 Nipr.
687 2197 707 2237 3.

263 2259 384 2300 Lucernam
392 2254 454 2294 olent
459 2252 618 2295 Demosthenis
626 2253 717 2303 scripta,
726 2251 789 2292 llam.

290 2323 338 2353 eac.
353 2309 387 2352 15.

262 2382 384 2427 bucianns,
404 2386 460 2429 puer
479 2376 507 2415 ob
526 2376 655 2415 tenuitatem
676 2374 707 2412 rei
728 2372 786 2412 lami-

290 2435 353 2474 linrls
366 2445 380 2472 a
394 2440 457 2484 patre
472 2429 581 2470 avunculo
593 2429 702 2477 traditus,
718 2429 742 2466 ut
755 2437 787 2466 ar·

289 2493 333 2529 tem
352 2486 481 2526 statuariam
500 2483 638 2530 addiscerem
658 2483 789 2521 verberatus

289 2545 318 2582 ob
334 2541 425 2582 tractam
441 2539 538 2579 tabulam
558 2537 651 2577 recurrit
666 2535 694 2576 ad
712 2547 787 2586 paren·

290 2601 335 2644 tes,
351 2593 429 2635 Sonus.
440 2595 500 2634 l-t.
515 2602 571 2632 avus
586 2593 634 2630 eius
648 2593 671 2630 et
685 2589 789 2629 avurrculi

289 2656 352 2691 erairt
366 2650 480 2696 statuarii,
500 2646 531 2693 a'b,
546 2649 567 2686 7.
589 2649 663 2685 narrat
680 2645 788 2685 somnium

290 2719 302 2746 e
318 2704 413 2758 pueritia
427 2703 512 2751 fictum,
527 2699 638 2752 ihtisqq.
656 2703 735 2750 postea
744 2702 788 2737 stu·

291 2759 335 2800 dits
349 2769 375 2798 se
389 2756 486 2806 dedidit,
501 2753 531 2796 tt.
541 2756 574 2798 tt.
590 2754 678 2796 iuuenis
693 2753 714 2793 io
729 2753 789 2793 lonia

290 2813 414 2854 rhetoricae
435 2822 524 2862 operam
548 2810 609 2850 dedit
630 2813 653 2848 et
674 2807 788 2855 excelluit,

290 2873 336 2908 tum
350 2867 430 2906 itinera
445 2866 497 2905 lectt
508 2874 548 2917 per
555 2865 649 2910 ioniam,
667 2861 787 2911 Graeciam,

291 2923 389 2970 ltaliam,
411 2919 517 2968 Galliam
538 2918 628 2960 celeber
646 2927 700 2956 vero
719 2923 742 2955 et
757 2917 787 2954 lo-

290 2975 367 3027 cuples
387 2974 458 3013 iactus
478 2971 602 3012 rhetoricen
618 2973 787 3022 degenerantem

289 3030 391 3080 reliquit,
406 3028 506 3080 dialogos
517 3027 614 3067 scrihere
623 3024 699 3077 eoepit
710 3029 732 3063 et
741 3024 784 3075 phi·

291 3082 405 3136 losopbiae
419 3082 509 3124 studere
524 3082 550 3121 tt)
563 3089 633 3120 annos
648 3084 726 3126 natus3
743 3077 787 3118 dia·

290 3140 353 3188 logos
361 3147 414 3176 vero
422 3138 511 3188 scripsit
520 3147 562 3174 non
575 3135 682 3174 sublimes
689 3144 719 3173 ex
730 3143 789 3171 more

291 3190 486 3245 philosophorum,
508 3190 547 3229 sed
568 3191 656 3230 iocosns
674 3189 697 3226 et
710 3189 787 3238 satyri·

291 3258 339 3292 cos,
364 3243 404 3284 llis
419 3245 474 3285 Ace.
492 3245 524 3286 lt.
539 3243 567 3283 26
581 3253 631 3295 sqq.
653 3251 710 3292 quae
731 3252 789 3281 nova

290 3299 402 3339 scribendi
411 3299 468 3338 ratio
479 3297 587 3345 laudatur,
605 3296 663 3348 quod
678 3297 698 3334 ci
712 3294 789 3347 displi-

291 3357 338 3399 cet,
353 3353 422 3395 antx.
440 3353 458 3392 l.
472 3353 494 3396 2.
515 3349 600 3390 Bacch.
615 3352 637 3394 5.
658 3349 685 3388 de
700 3358 740 3388 sua
755 3360 787 3388 ra-

291 3407 351 3446 ttone
370 3405 481 3446 scribendi
501 3409 524 3444 et
539 3406 629 3456 scriptis
648 3402 789 3442 ecomoedia

291 3464 313 3498 et
321 3459 410 3510 dialogo
418 3460 547 3510 compositis
553 3459 643 3510 scripsit
651 3457 702 3498 libr.
708 3454 787 3499 Prom.

290 3513 345 3551 eain
355 3511 416 3552 verb.
433 3515 525 3564 primum
540 3511 626 3562 rhetor,
641 3515 687 3551 tum
703 3509 787 3550 relictis

292 3565 378 3605 tudiciis
404 3567 432 3605 ad
460 3565 622 3618 philosophiam
648 3564 744 3606 accessit
765 3571 786 3603 et

661 273 784 324 INDEX
803 273 947 328 llldliUhl.

854 405 1085 461 pseudophilosophos
1094 389 1256 460 persequebaturli

853 461 887 503 ¹25.
910 464 969 502 oculi
985 462 1061 502 morbo
1079 461 1165 500 laborans
1176 455 1256 506 Romani

853 521 899 566 rat,
919 518 956 556 ubi
972 527 1011 568 per
1025 515 1104 567 Nigrini
1122 527 1217 557 sermones
1227 517 1256 572 ai]

853 569 978 623 tosopntan
990 568 1088 619 trahitur,
1098 569 1153 623 ilipr.
1162 570 1170 611 1
1180 580 1221 622 sqq.
1232 573 1256 626 int

854 623 956 676 losophla
970 635 995 664 se
1011 623 1065 664 dicit
1079 624 1198 664 mediocriter
1208 627 1256 664 uersat

853 675 915 724 snit.
924 684 945 723 2.
959 678 1062 718 Platonis
1075 683 1095 716 et
1107 677 1215 719 ,anatotetis
1226 678 1251 730 pli

854 733 927 782 phiam
941 731 1036 785 reliquia
1047 732 1165 784 praetulisse
1178 733 1256 784 videtum

853 787 909 832 Ace.
925 790 959 832 32,
983 797 1031 826 oum
1046 785 1167 828 Demonacte
1180 787 1256 826 multem

853 840 1002 882 suetudinem·
1015 840 1100 890 habuit,
1117 839 1200 881 Dnnon.
1215 841 1231 886 l.
1246 825 1256 894 ql

853 893 934 936 habeat
948 905 1014 936 veros
1026 893 1173 948 philosophos,
1186 893 1256 940 Piros

854 971 904 1010 cos,
923 949 980 1000 τῶν
994 942 1256 1015 'Enautpuunedlmu,tl

852 1019 905 1058 odio
913 1019 1054 1072 persequitur
1061 1015 1153 1058 homines
1160 1019 1256 1071 superbos,

853 1072 921 1113 daces
940 1071 1006 1123 (Phil
1037 1085 1055 1112 a.
1072 1073 1081 1113 1
1097 1076 1166 1124 sqq),
1185 1072 1256 1112 tumido

852 1124 884 1167 tl.
896 1131 930 1172 20.
948 1128 1005 1177 uerl,
1032 1129 1114 1173 onesti,
1127 1125 1218 1179 pulchri,
1231 1128 1256 1168 sid

853 1182 906 1222 tatis
920 1183 1015 1230 amiens,
1038 1179 1069 1226 a'l.
1089 1185 1209 1230 accusatus,
1226 1192 1256 1232 qut

854 1233 933 1276 cundia
945 1246 985 1276 sun
994 1234 1024 1274 ad
1034 1233 1190 1288 philosophiam
1200 1233 1256 1276 darili

853 1294 876 1331 ct
903 1294 979 1330 comm
1003 1287 1147 1341 philosophos
1171 1291 1256 1330 annum

853 1343 943 1387 stt-tt.
966 1346 1043 1384 contra
1057 1343 1115 1395 quod
1129 1356 1154 1385 se
1167 1343 1256 1384 detentet

854 1407 921 1438 veros
941 1396 1089 1451 philosophos
1110 1408 1225 1450 veramque
1243 1393 1256 1449 pl

853 1451 927 1505 phlam
943 1463 1032 1504 semper
1049 1451 1179 1492 admiratum
1193 1455 1231 1500 ait,
1247 1451 1256 1492 il

852 1506 953 1548 studiose
962 1511 1040 1557 agere,
1054 1509 1078 1547 nt
1090 1507 1256 1582 pseudophilosq

851 1561 966 1602 rideantur
981 1564 1004 1601 et
1018 1566 1198 1612 contemnantur,
1217 1559 1256 1602 16..

852 1615 930 1657 laudat
941 1615 1072 1666 Epicurum,
1088 1615 1154 1656 Ater.
1162 1615 1256 1658 25116

852 1673 902 1712 eiua
915 1669 942 1708 de
950 1668 1076 1722 Pythagora
1086 1673 1208 1718 sententia,
1219 1667 1256 1710 ihi

853 1725 894 1764 mis
909 1723 998 1777 placere
1013 1723 1100 1772 studet,
1118 1723 1230 1765 Hormos.
1243 1724 1256 1764 li

853 1779 1036 1830 pantomimorum
1046 1778 1150 1818 defendit
1157 1781 1181 1818 in
1194 1777 1256 1820 librnt

853 1832 963 1885 quomodo
984 1835 1077 1872 tentarit
1090 1833 1216 1873 Alexandri
1236 1835 1256 1870 on

853 1888 917 1928 Ater.
934 1887 960 1928 53
975 1897 1026 1939 sqq.
1046 1886 1164 1928 Rutiliano
1181 1887 1256 1928 dissuat

852 1941 993 1991 trimonium,
1012 1938 1043 1984 a'd.
1059 1940 1094 1983 nt.
1119 1941 1182 1982 unde
1199 1941 1256 1990 Alex,

854 1997 999 2044 iustissimus,
1014 1993 1045 2041 id,
1060 1995 1149 2036 amicus
1167 1996 1256 2044 Arriani,

854 2050 964 2102 quomodo
980 2061 1004 2090 se
1018 2049 1117 2102 gesserit
1132 2051 1154 2089 in
1166 2051 1256 2092 Alex.l¹

854 2108 877 2144 et
891 2108 975 2157 quanto
990 2105 1013 2144 in
1025 2103 1129 2157 periculo
1145 2105 1212 2156 apud
1227 2113 1256 2144 cui

854 2159 894 2201 tua'
905 2159 947 2207 alt,
963 2157 993 2198 tl.
1014 2157 1056 2199 lter
1071 2157 1127 2198 lecit
1145 2169 1193 2211 per
1208 2159 1256 2198 Pont

855 2217 927 2265 patre,
943 2215 991 2253 suis
1004 2212 1146 2260 etheriano,
1165 2211 1201 2252 r’d.
1214 2214 1256 2257 56,

854 2267 903 2308 dias
914 2265 1034 2306 Alexandri
1046 2267 1069 2306 in
1082 2277 1179 2308 summo
1193 2269 1252 2306 vitae

855 2323 966 2372 versatur,
981 2318 1036 2360 itini.
1050 2320 1078 2360 ob
1092 2331 1168 2372 quarn
1182 2323 1256 2362 iniurit

855 2387 902 2414 nem
918 2387 946 2414 ne
967 2375 1043 2415 ulcisci
1059 2375 1158 2426 quidem
1178 2381 1256 2427 potest

853 2432 881 2469 ei.
910 2432 952 2469 iter
973 2428 1051 2469 navale
1076 2441 1107 2470 ex
1131 2429 1210 2481 Syria
1236 2432 1256 2470 in

853 2485 930 2524 Amor.
944 2488 959 2528 tt
972 2493 1023 2535 sqq.
1043 2483 1167 2524 Lucienus
1192 2485 1216 2524 ln
1236 2483 1256 2524 ld

854 2537 872 2578 S
903 2537 935 2581 tn.
958 2539 979 2579 a.
1007 2537 1094 2580 Herod.
1117 2541 1140 2578 7.
1167 2543 1193 2584 8.
1226 2539 1256 2578 in

855 2595 885 2632 Ac
902 2593 947 2642 ala,
962 2595 1080 2644 antequam
1098 2593 1194 2633 librum
1214 2589 1256 2632 del

854 2646 926 2686 nenia
936 2647 1051 2696 scriberet,
1059 2645 1126 2686 liter.
1139 2647 1181 2692 is.
1200 2647 1256 2687 sam

853 2698 935 2747 1624,
956 2705 1035 2752 quater
1048 2700 1109 2740 vidit
1125 2700 1256 2754 Olympia,

852 2756 886 2796 24.
902 2752 1018 2805 (Pseudnt.
1027 2757 1058 2806 7.)
1072 2752 1141 2794 vidit
1159 2755 1256 2807 Peregt

853 2813 998 2859 cremantem,
1020 2807 1051 2854 16.
1069 2808 1108 2850 36.
1133 2809 1256 2861 navigavi

853 2864 918 2913 dano,
931 2861 1018 2904 Electr.
1024 2862 1046 2902 2.
1061 2861 1091 2902 to
1102 2873 1192 2905 annos
1206 2869 1256 2904 nati

852 2917 1022 2966 Hermotimum,
1043 2915 1131 2960 Herem
1161 2918 1203 2960 13.
1231 2921 1256 2958 iat

852 2973 943 3024 scripsit
962 2972 1090 3022 Somnium,
1115 2969 1219 3012 Somne.
1243 2971 1256 3012 ll

853 3027 932 3067 librum
948 3024 974 3065 de
988 3024 1094 3076 Etenim,
1120 3023 1256 3068 Elem-t

854 3081 916 3120 drum
930 3081 1020 3132 scripsit
1032 3083 1085 3132 post
1098 3080 1188 3122 Marci
1199 3085 1256 3122 Aur}

853 3143 908 3183 terri,
925 3134 989 3178 Alex,
1000 3137 1035 3178 48.
1051 3133 1256 3187 Pseudologlsta

854 3189 962 3233 Pseudot.
976 3188 1009 3232 1⁰.
1024 3189 1059 3229 22,
1077 3187 1179 3228 librum
1199 3190 1256 3228 adst

853 3246 874 3284 in
897 3241 972 3294 Syria,
995 3242 1053 3282 Ado.
1079 3241 1141 3282 rna.
1173 3244 1218 3285 19.
1253 3251 1256 3282 t

853 3298 955 3338 Sostrate
968 3297 1068 3344 Boeotio,
1085 3295 1212 3342 Damon,
1226 3299 1249 3337 1.

851 3356 923 3398 esset,
946 3361 1025 3391 munus
1046 3348 1137 3390 habuit
1167 3352 1196 3390 in
1226 3355 1256 3392 A«

852 3416 896 3458 quo
911 3403 979 3445 nnulta
995 3403 1083 3445 talenta
1101 3405 1256 3456 redibant,

853 3459 885 3504 15,
900 3469 965 3511 quem
981 3459 1060 3499 librum
1078 3460 1200 3512 scripsit
1219 3472 1256 3501 sei

851 3514 909 3554 sicot
930 3512 1008 3552 librum
1034 3523 1076 3564 pro
1101 3513 1225 3566 Lapsa,

855 3567 907 3606 1.15
930 3577 1009 3614 senex,
1022 3572 1139 3618 tempore
1155 3568 1256 3610 interii
