2625 4092
102 279 224 337 ΠΕΡΙ
246 277 341 336 ΤΗΣ
358 270 683 339 HEPEPPINOY'
701 281 968 340 TEAEYTHZ
1018 281 1079 342 285

69 461 144 520 σιν;
167 439 287 507 ἐκεῖνοι
303 440 364 527 μὲν
379 432 444 508 ούν
462 437 676 526 ἠγανάκτουν
693 443 748 510 καλ
763 443 995 526 ἐλοιδοροῦντό
1011 469 1078 528 μοι.

68 543 155 606 ἔνιοι
170 535 205 605 δὲ
216 539 270 606 καὶ
281 540 333 607 ἐπὶ
345 533 402 616 τάς
412 543 590 625 βακτηρίας
601 530 695 626 ᾖξαν.
714 535 782 605 εἶτα
794 537 906 626 ἐπειδή
917 536 1078 626 ἠπείλησα

70 641 286 721 ξυναρπάσας
305 638 398 718 τινάς
419 643 572 726 ἐμβαλεῖν
592 644 637 717 είς
652 636 689 704 τδ
714 648 798 722 πῦρ,
826 637 869 717 ὡς
886 636 930 706 ἀν
944 643 1080 708 ἕποιντο

68 744 117 822 τῷ
133 738 339 827 διδασκάλῳ,
355 737 542 805 ἐπαύσαντο
559 737 614 803 καλ
629 735 767 822 εἰρήνην
780 730 873 822 ήγον.
897 743 947 806 38.
967 736 1031 822 ἐγώ
1043 737 1079 804 δὲ

71 833 218 901 ε’παυιάν
232 841 381 921 ποικίλα,
400 828 427 902 ὦ
442 837 565 916 ἑταῖρε,
583 832 667 918 πρὸς
682 833 828 919 ἐμαυτόν
842 838 1017 916 ἐνενόουν,
1040 831 1076 901 τό

69 930 251 1016 φιλόδοξον
266 929 339 1002 οἷόν
356 940 389 1001 τί
401 937 489 1001 ἐστιν
505 931 799 1019 ἀναλογιζόμενος,
821 931 846 1000 ὦ
862 933 964 1019 μόνος
979 926 1077 1010 οὗτος
1095 949 1149 1006 359

69 1027 88 1096 ὁ
109 1036 192 1114 ἔρως
208 1029 355 1117 ἀφνκτος
371 1033 425 1098 καὶ
441 1045 508 1110 τοῖς
524 1032 616 1098 πάνυ
631 1041 838 1116 θαυμαστοῖς
855 1029 939 1098 εἶναι
954 1036 1077 1098 δοκοῦ-

68 1149 143 1212 σιν,
162 1124 221 1213 οὐχ
242 1128 331 1206 ὅπως
349 1131 464 1217 ἐκείνῳ
482 1127 597 1212 τάνδρί
617 1130 671 1195 καλ
688 1122 792 1196 τάλλα
817 1131 1007 1217 ἐμπλήκτως
1024 1131 1076 1195 καλ

67 1223 345 1313 ἀπονενοημένως
362 1227 537 1313 βεβιωκότι
559 1228 612 1293 καὶ
633 1222 695 1292 ούκ
720 1225 861 1306 ἀναξίως
879 1236 939 1294 τοῦ
960 1228 1075 1312 πυρός.

66 1329 120 1390 39.
137 1321 204 1390 εἶτα
220 1324 438 1411 ἐνετύγχανον
448 1332 582 1402 πολλοῖς
596 1322 754 1390 ἀπιοῦσιν
767 1322 811 1403 ὡς
826 1325 1008 1393 θεάσαιντο
1023 1329 1076 1393 καὶ

67 1419 169 1488 αὐτοί
175 1447 181 1459 ·
212 1419 316 1510 ήίοντο
332 1421 397 1509 γάρ
416 1429 461 1490 ἔτι
485 1423 735 1508 καταλήψεσθαι
753 1427 856 1501 ζῶντα
874 1423 993 1491 αὐτόν·
1023 1427 1077 1492 καὶ

66 1519 134 1604 γὰρ
146 1522 200 1588 καὶ
217 1521 292 1588 τόδε
309 1529 347 1608 τη
360 1527 539 1609 προτεραίᾳ
552 1525 734 1601 διεδέδοτο,
750 1519 794 1598 ὡς
805 1519 888 1607 πρός
900 1520 1076 1608 ἀνίσχοντα

67 1615 234 1703 τόνήλιου
244 1615 643 1704 ἀσπασάμενος-ὥσπερ
654 1615 767 1703 ἀμέλει
776 1620 831 1686 καλ
840 1616 918 1696 τούς
928 1627 1075 1705 Βραχμᾶ-

68 1716 131 1793 νάς
146 1739 228 1800 φασι
243 1731 350 1784 ποιεῖν
364 1758 401 1768 -
417 1716 635 1803 ἐπιβήσεσθαι
649 1725 706 1801 της
720 1724 836 1800 πυρᾶς.
867 1714 1076 1802 ἀπέστρεφον

68 1810 101 1880 δ’
116 1807 179 1880 ούυ
195 1814 273 1893 τούς
287 1812 431 1892 πολλούς
445 1812 557 1882 αὐτῶν
568 1815 676 1899 λέγων
691 1812 753 1900 ήδη
768 1817 958 1882 τετελέσθαι
972 1812 1009 1880 τό
1022 1819 1076 1898 ἐρ-

67 1939 148 1998 γον,
166 1909 214 1991 οἷς
228 1911 271 1998 μή
291 1916 345 1980 καί
356 1910 446 1980 τοῦτ’
462 1909 542 1979 αὐτὸ
558 1912 847 1996 περισπούδαστον
860 1906 919 1998 ήν,
936 1907 1000 1979 κάν
1014 1911 1075 1978 αύ-

68 2006 130 2077 τόν
147 2014 231 2078 ίδείν
245 2009 305 2077 τόν
321 2011 426 2078 τόπον
443 2017 500 2078 καί
512 2037 542 2076 τι
560 2016 720 2089 λείψανον
735 2012 1002 2098 καταλαμβάνειν
1016 2018 1076 2077 τοῦ

11 2159 12 2190 3
68 2109 184 2192 πυρός.
209 2115 292 2178 ἔνθα
307 2109 366 2196 δή,
382 2103 409 2177 τό
422 2112 544 2196 ἑταῖρε,
560 2118 663 2195 μυρία
678 2112 852 2197 πράγματα
868 2109 956 2198 εἶχον
973 2109 1074 2177 ἀπασι

68 2208 289 2294 διηγούμενος
305 2213 358 2276 καλ
371 2209 589 2295 ἀνακρίνουσι
600 2215 654 2280 καλ
666 2209 811 2299 ἀκριβῶς
821 2213 1075 2297 ἐκπυνθανομὲ·

69 2334 151 2385 νοις.
174 2314 203 2375 εί
211 2309 272 2394 μὲν
284 2302 347 2375 οὖν
364 2313 469 2393 ῖδοιμί
481 2336 554 2376 τινα
566 2318 735 2395 χαρίεντα,
751 2308 831 2392 ψιλὰ
843 2309 888 2376 ἀν
900 2309 1011 2394 ὥσπερ
1024 2312 1073 2376 σοί
1093 2325 1145 2380 360

67 2407 107 2474 τὰ
124 2409 313 2492 πραχθέντα
330 2409 533 2494 διηγούμην,
551 2407 633 2492 πρός
648 2410 685 2476 δὲ
696 2408 773 2488 τούς
787 2417 912 2497 βλᾶκας
926 2407 1076 2492 καὶπρὸς

67 2502 131 2590 τήν
149 2502 312 2587 ἀκρόασιν
334 2505 511 2591 κεχηνότας
532 2509 745 2597 ἐτραγῴδουν
764 2537 795 2576 τι
815 2506 895 2592 παρ’
917 2510 1073 2592 ἐμαυτοῦ,

68 2601 114 2680 ὡς
131 2600 243 2688 ἐπειδή
260 2600 400 2690 ἀνήφθη
416 2605 477 2690 μὲν
496 2633 516 2691 η
531 2609 639 2692 πυρά,
663 2612 795 2694 ἐνέβαλε
817 2607 853 2674 δέ
868 2609 983 2692 φέρων
998 2609 1071 2674 ἑαυ-

68 2699 130 2769 τόν
152 2699 357 2787 ὁΠρωτεύς,
381 2711 519 2790 σεισμοῦ
535 2705 699 2790 πρότερον
719 2707 867 2790 μεγάλου
890 2708 1074 2792 γενομένου

68 2799 134 2866 σύν
150 2810 316 2892 μυκηθμῷ
332 2809 390 2890 τῆς
411 2812 486 2890 γῆς,
510 2802 581 2889 γύψ
597 2803 829 2890 ἀναπτάμενος
848 2807 884 2872 ἐκ
901 2805 1002 2890 μέσης
1017 2812 1073 2888 της

67 2899 195 2986 φλογὸς
213 2910 333 2986 οῖχοιτο
355 2905 388 2980 ἐς
413 2899 472 2968 τόν
492 2901 640 2986 οὐρανόν
662 2902 863 2993 ἀνθρωπίνη
886 2904 1013 2990 μεγάλη
1035 2911 1074 2990 τῇ

67 3007 166 3090 φωνή
181 3004 286 3088 λέγων
302 3006 440 3084 ,ἔλιπον
453 3009 533 3087 γᾶν,
550 3009 658 3089 βαίνω
675 3001 708 3067 δ”
724 3000 969 3087 ε’ς”ολυμπον.“
991 3005 1076 3068 ἐκεῖ·

69 3125 120 3165 νοι
133 3101 195 3184 μὲν
211 3092 274 3166 οὖν
287 3101 492 3186 ἐτεθήπεσαν
506 3105 560 3169 καί
571 3101 805 3183 προσεκύνουν
816 3097 1075 3186 ὑποφρίττοντες

68 3201 123 3264 καί
144 3197 322 3282 ἀνέκρινόν
343 3227 383 3285 με
411 3204 577 3287 λέγοντες,
606 3200 751 3283 πότερον
773 3198 856 3283 πρὸς
880 3203 923 3267 ἕω
946 3196 968 3286 ή
991 3197 1074 3285 πρός

68 3294 196 3382 δυσμάς
216 3301 366 3384 ἐνεχθείη
385 3297 402 3366 ὁ
420 3301 504 3387 γύψ·
535 3296 598 3385 ἐγώ
619 3300 654 3367 δέ
672 3297 709 3367 τό
729 3298 875 3370 ἐπελθόν
892 3299 1074 3384 ἀπεκρινά-

68 3423 136 3480 μην
151 3395 271 3476 αύτοῖς.
298 3403 348 3468 40.
365 3395 524 3466 ἀπελθόν
542 3398 578 3465 δέ
600 3400 632 3478 ἐς
652 3397 713 3485 τήν
729 3401 919 3486 πανήγυριν
936 3403 1074 3485 ἐπέστην

69 3496 131 3561 τινλ
146 3503 250 3587 πολιῷ
265 3493 363 3579 ἀνδρὶ
378 3500 431 3565 καὶ
447 3499 486 3583 νή
504 3499 563 3566 τὸν
578 3497 634 3567 Δί’
651 3497 829 3589 ἀξιοπίστῳ
844 3498 879 3566 τό
893 3500 1074 3583 πρόσωπον
1152 3498 1154 3502 ’
