2625 4092
432 286 736 347 ΑΝΑΧΑΡΣΙΣ.
1047 284 1088 348 55

79 446 343 568 καταχριόμενον
364 446 400 514 τό
417 447 599 529 πρόσωπον
619 471 701 531 μητε
718 445 954 533 λακτιζόμενον
976 448 1089 535 έςτὴν

80 559 223 634 γαστέρα
240 544 306 613 ὑπὸ
322 553 391 613 τῶν
404 543 671 666 ἀνταγωνιστῶν.

167 652 216 715 10.
230 652 333 715 ΣΟΛ
355 640 452 727 Ἀλλ’,
469 636 497 710 οά
511 640 635 728 ἄριστε,
650 639 713 711 ούκ
729 646 762 720 ές
777 641 859 723 ψιλά
873 669 914 710 τα
902 639 1088 729 διδόμενα

79 744 174 833 ἡμεῖς
185 741 428 831 ἀποβλέπομεν.
445 748 549 808 ταῦτα
560 741 676 827 μέν’
633 767 698 860 γαρ
714 744 782 809 έστι
794 754 913 827 σημεῖα
924 748 981 827 τῆς
993 748 1088 829 νίκης

79 846 135 911 καὶ
146 848 359 928 γνωρίσματα
369 842 489 917 οιτινες
499 843 535 907 σί
542 840 775 926 κρατήσαντες,
791 865 812 925 η
800 837 861 906 δέ
875 847 1088 923 παρακολου-

78 948 193 1010 θοῦσα
210 938 341 1016 τούτοις
358 938 438 1018 δόξα
459 942 521 1004 τοῦ
541 936 665 1015 παντὸς
681 935 753 1017 ἀξία
773 951 841 1016 τοῖς
860 938 1087 1024 νενικηκόσιν,

79 1036 167 1122 ὑπὲρ
181 1029 221 1122 ἧς
235 1038 290 1105 καί
300 1040 512 1117 λακτίζεσθαι
526 1044 635 1115 καλῶς
646 1042 711 1123 ἔχει
725 1050 793 1114 τοῖς
806 1042 1016 1125 θηρωμένοις
1026 1036 1088 1124 την
1198 1096 1207 1112 .

80 1134 236 1203 εύκλειαν
252 1137 289 1202 έκ
309 1142 377 1202 τῶν
399 1135 531 1203 πόνων·
557 1133 598 1203 ού
620 1132 685 1219 γάρ
705 1132 846 1221 ἀπονητὶ
869 1140 1087 1220 προσγένοιτο

79 1230 125 1301 ἀν
149 1231 252 1320 αὕτη,
280 1230 364 1302 ἀλλά
387 1230 449 1319 χρὴ
475 1231 535 1300 τόν
557 1232 761 1318 ὀρεγόμενον
789 1230 891 1319 αὐτῆς
913 1230 1020 1301 πολλά
1047 1231 1087 1300 τά

80 1337 225 1417 δυσχερῆ
239 1328 470 1416 ἀνασχόμενον
489 1334 525 1397 έν
541 1340 580 1419 τῇ
597 1328 681 1418 ἀρχῇ
700 1327 769 1398 τότ’
788 1329 851 1416 ἤδη
865 1328 903 1397 τδ
921 1334 1088 1408 λυσιτελὲς

78 1432 134 1497 καὶ
151 1424 217 1512 ἡδύ
232 1429 324 1506 τέλος
338 1429 375 1495 έκ
390 1437 458 1495 τῶν
472 1430 629 1514 καμάτων
644 1431 844 1514 περιμένειν.

166 1531 304 1594 ΑΝΑΧ.
331 1532 436 1593 Τοῦτο
449 1528 525 1612 φής,
542 1518 712 1612 όΣόλων,
728 1524 765 1593 τό
781 1530 874 1605 τέλος
884 1524 949 1613 ἡδύ
961 1528 1016 1595 καί
1030 1534 1092 1595 λυ-

79 1625 220 1707 σιτελές,
236 1620 287 1691 ότι
301 1624 424 1703 πάντες
438 1622 561 1704 αὐτούς
572 1624 713 1706 ὄψονται
723 1627 1018 1711 ἐστεφανωμένους
1032 1624 1087 1693 καὶ
1105 1640 1158 1694 890

78 1722 133 1791 ἐπὶ
146 1728 186 1811 τῇ
196 1726 272 1811 νίκη
284 1723 515 1791 ἐπαινέσονται
527 1721 614 1792 πολύ
630 1721 795 1809 πρότερον
805 1728 1025 1806 οίκτείραντες
1036 1722 1088 1788 έπλ

77 1833 150 1897 ταῖς
170 1827 326 1905 πληγαίς,
351 1824 384 1888 οί
403 1822 440 1889 δέ
463 1819 765 1908 εὐδαιμονήσουσιν
787 1817 861 1888 ἀντὶ
881 1827 949 1887 τῶν
972 1818 1088 1887 πόνων

78 1924 168 2003 μῆλα
183 1918 236 1984 καὶ
253 1921 367 1986 σέλινα
382 1924 520 2005 ἔχοντες.

165 2022 268 2083 ΣΟΛ.
292 2015 443 2103 ’Ἁπειρος
459 2015 503 2103 εί,
529 2024 630 2103 φημί,
646 2024 714 2083 τῶν
729 2015 898 2104 ἡμετέρων
913 2024 977 2085 ἔτι·
1005 2017 1087 2102 μετά

77 2112 200 2199 μικρὸν
225 2115 261 2182 δέ
283 2113 367 2185 ἀλλα
389 2135 442 2184 σοι
467 2117 554 2195 δόξει
570 2118 644 2199 περὶ
667 2113 795 2200 αύτιόν,
823 2114 959 2183 έπειδάν
979 2117 1012 2194 ές
1028 2114 1088 2194 τάς

78 2210 284 2297 πανηγύρεις
307 2208 416 2280 ἀπιάν
442 2212 522 2302 ὁρᾷς
546 2219 709 2280 τοσοῦτον
737 2219 867 2298 πλῆθος
892 2209 1087 2295 ἀνθρώπων

79 2311 326 2397 συλλεγόμενον
349 2314 401 2381 ἐπὶ
422 2312 485 2399 τὴν
503 2315 589 2381 θέαν
612 2320 681 2379 τῶν
700 2312 864 2377 τοιούτων
887 2312 942 2377 καλ
960 2312 1087 2396 θέατρα

79 2414 269 2497 μυρίανδρα
295 2413 579 2498 συμπληρούμενα
607 2413 663 2479 καὶ
684 2407 763 2488 τούς
784 2406 972 2496 ἀγωνιστάς
993 2413 1087 2477 έπαι-

78 2512 284 2596 νουμένους,
306 2508 366 2578 τὸν
381 2514 425 2579 δέ·
435 2513 489 2579 καὶ
506 2513 689 2597 νικήσαντα
707 2507 819 2576 αὐτῶν
835 2509 974 2579 ίσόθεον
988 2534 1087 2594 νομι-

79 2608 228 2694 ζόμενον.

165 2713 214 2777 ll.
230 2716 367 2777 ANAX.
383 2706 475 2777 Λύτδ
486 2716 596 2792 τοῦτο,
614 2700 785 2791 ύΣόλων,
801 2709 856 2774 καλ
869 2706 907 2775 τὸ
921 2708 1087 2775 οίκτιστόν

80 2810 181 2892 έστιν,
197 2805 280 2894 εἰμὴ
293 2806 347 2874 ἐπ’
359 2805 482 2892 ὀλίγων
492 2814 595 2875 ταῦτα
607 2807 804 2891 πάσχουσιν,
822 2803 906 2873 ἀλλά
919 2808 955 2873 έν
966 2805 1088 2873 τοσού-

79 2931 148 2984 τοις
162 2914 299 2984 θεαταῖς
316 2908 371 2973 καλ
385 2904 530 2990 μάρτυσι
545 2913 601 2991 τῆς
616 2904 762 2990 ὕβρεως,
778 2909 814 2971 οἳ
828 2900 953 2989 δηλαδὴ
973 2900 1087 2971 εὐδαι-

80 3010 273 3091 μονίζουσιν
289 3003 413 3083 αὐτούς
427 3008 538 3091 αἵματι
556 3008 777 3091 ῥαινομένους
791 2996 970 3089 όρωντεςῆ
987 2998 1088 3089 ἀγχο-

79 3104 203 3188 μένους
217 3100 283 3170 ὑπὸ
302 3111 371 3171 τῶν
388 3101 596 3171 ἀντιπάλων·
624 3109 729 3167 ταῦτα
742 3100 807 3187 γάρ
826 3098 867 3168 τά
891 3099 1086 3187 εὐδαιμονέ-

80 3221 182 3269 στατα
198 3201 356 3286 πρόσεστι
370 3208 409 3290 τῇ
427 3208 503 3291 νίκη
518 3199 639 3269 αὐτῶν.
663 3198 742 3283 παρ’
761 3199 841 3287 ἡμῖν
858 3204 894 3268 δέ
907 3213 976 3279 τοῖς
989 3201 1085 3269 tmi-
1119 3228 1123 3235 ·

79 3310 160 3379 θαις
178 3299 221 3387 ἦν
242 3326 309 3385 τις,
335 3293 361 3367 οδ
376 3300 513 3383 Σόλων,
534 3294 556 3385 ἢ
573 3300 701 3388 πατάξη
721 3296 796 3366 τινά
814 3306 882 3365 τῶν
897 3305 1045 3366 πολιτῶν
1063 3294 1085 3385 ἦ

80 3396 249 3487 ἀνατρέψῃ
270 3396 469 3483 προσπεσών
489 3395 511 3485 ἢ
533 3397 693 3483 θαίμάτια
714 3395 910 3481 περιρρήξῃ,
940 3397 1085 3481 μεγάλας

79 3502 113 3567 οί
125 3503 308 3583 πρεσβῦται
324 3493 381 3573 τάς
401 3501 513 3582 ζημίας
530 3498 708 3581 ἐπάγουσι,
728 3492 793 3562 κάν
810 3493 862 3563 ἐπ’
880 3493 1002 3579 ὀλίγων
1016 3502 1084 3561 τῶν
