2625 4092
182 303 227 338 αντ
603 284 837 337 PRAEFATIO.

249 427 289 476 De
303 423 363 490 syr.
380 428 436 475 Dea
455 441 478 475 ο.
495 411 721 490 1”Εστιν]’Έστι
736 424 772 474 id.
789 425 827 474 ἰιι
844 431 869 475 ει
885 423 972 490 paullo
986 430 1054 490 post.
1081 423 1143 476 ι’δλδ.
1158 413 1272 488 οάνομο
1304 474 1305 479 ,

181 511 236 544 eum
254 495 312 546 eod.
329 509 376 559 pro
401 482 492 560 ὄνομα
527 495 588 546 ibid.
609 483 676 542 πόλι
700 507 758 542 eum
780 495 838 545 eod.
856 507 904 559 pro
930 483 1021 543 πόλει.
1046 494 1082 542 ite
1106 501 1131 542 et
1151 494 1178 541 in
1197 509 1273 556 seqq.

180 565 239 615 ibid.
259 553 345 630 ἔστιν]
366 553 425 613 ἔστι
438 565 473 614 id.
506 563 566 616 ibid.
586 559 692 629 τοῖσιν]
710 563 785 612 τοῖσι
799 564 835 616 ld.
864 562 925 614 ibid.
946 553 1119 612 ἐπιτελέουσι
1137 563 1172 611 id.
1208 563 1272 615 ibid.

180 625 335 697 εἱσαμένων
354 649 410 684 eum
430 635 487 686 eod.
506 648 553 699 pro
571 623 738 696 εἱσαμένων.
764 633 800 682 ite
819 640 844 682 et
862 634 888 681 in
907 646 981 696 seqq.
1016 647 1040 684 ο.
1058 631 1074 684 3
1090 625 1274 695 Αἰγυπτίοισι

180 704 216 756 Id.
253 702 313 753 ibid.
337 693 395 752 ἔστι
419 703 455 753 id.
491 703 552 752 ibid.
571 692 702 752 ἀείδουσι
720 702 755 752 id.
790 702 851 753 ibid.
872 690 933 780 ἔστί
953 703 989 756 id.
1018 710 1042 750 et
1065 702 1101 750 ite
1119 715 1224 764 semper

180 767 1272 907 1311013131113111111111311133113111λῆ5
1304 830 1305 849 ¹

181 911 238 965 eod.
255 924 306 960 rec.
323 923 370 974 pro
387 903 561 976 παρακέαται
582 918 606 960 ει
621 927 645 964 ο.
660 907 678 960 8
696 899 835 959 ἐπικέεται
853 925 900 976 pro
916 898 1061 959 ἐπικέαται
1096 925 1118 959 ο.
1137 909 1169 959 10
1186 899 1271 973 ὁρτοι
1304 908 1305 949 ἶ

180 995 237 1030 cum
253 979 309 1030 eod.
329 993 378 1029 ree.
396 995 442 1047 pro
461 969 556 1044 έορταί
592 997 612 1030 ι.
636 980 670 1030 12
685 970 816 1030 Σισάθεα
834 995 891 1029 σου]
907 981 965 1031 eod.
987 979 1019 1028 de
1034 979 1182 1028 Buttmenni
1200 995 1272 1030 eon.

180 1065 226 1115 pro
246 1038 365 1099 Σκύθεα
399 1049 461 1100 ibid.
482 1042 624 1115 ἔπρησσον
646 1063 704 1098 cum
723 1051 782 1103 eod.
801 1065 853 1100 ree.
873 1063 919 1114 pro
938 1041 1081 1113 ἔπρασσον
1116 1063 1139 1098 ο.
1157 1050 1190 1100 15
1209 1037 1270 1097 έπε-
1304 1056 1305 1081 ³

180 1111 289 1168 κνέεται
307 1132 365 1168 eum
383 1121 440 1169 eod.
460 1121 544 1184 reeepi
559 1134 605 1183 pro
624 1108 764 1168 ἐπικέεται
798 1135 821 1169 ο.
841 1118 874 1171 16
892 1113 973 1184 δεξιῇ
990 1124 1129 1182 praeeunte
1144 1118 1204 1168 eod.
1225 1134 1242 1182 p
1258 1136 1273 1166 ο
1304 1138 1305 1167 fi

180 1184 260 1258 δεξιῇ
302 1204 324 1239 υ.
346 1187 380 1238 19
405 1181 513 1238 ἔσσεται
536 1205 592 1238 eum
614 1189 672 1238 eod.
690 1203 735 1251 pro
759 1180 849 1237 ἔσεται
885 1203 908 1241 ο,
930 1189 964 1240 20
975 1183 1104 1306 ῇασιλῇα
1127 1201 1185 1236 eum
1211 1197 1271 1238 eor.
1304 1186 1305 1243 ]

181 1259 299 1308 revocavi
323 1271 369 1322 pro
391 1249 505 1326 βασιλέα
539 1257 600 1310 ibid.
626 1251 781 1322 οίκηίοισιν
804 1257 864 1308 dedi
888 1271 933 1319 pro
958 1253 1102 1306 οκίοισιν.
1125 1255 1202 1306 Dind.
1230 1252 1272 1305 οί-
1304 1278 1305 1301 v

180 1323 287 1392 κηίοισι
328 1325 389 1376 ibid.
411 1317 544 1376 ἀπεκέετο
568 1335 707 1392 praeeunte
726 1328 784 1380 eod.
809 1342 855 1392 pro
878 1318 1018 1376 ἀπεκέατο
1060 1342 1082 1380 ι.
1102 1326 1137 1374 22
1157 1317 1271 1374 αἰδέετο
1304 1326 1305 1373 1

180 1413 238 1448 eum
253 1397 311 1448 eod.
332 1411 381 1447 reo.
405 1412 450 1463 pro
476 1387 573 1462 ῇδέετο
610 1412 632 1446 ο.
653 1395 688 1447 23
712 1393 833 1462 βασιλῇα
855 1398 971 1447 revocavi
992 1409 1039 1460 pro
1057 1387 1172 1462 βασιλέα
1208 1395 1271 1445 ibid,
1304 1388 1305 1433 Ϊ

181 1453 363 1517 οάτε-οάτε
388 1475 490 1516 auctore
510 1467 568 1516 eod.
590 1481 637 1530 pro
661 1454 730 1515 οάδέ
747 1491 783 1503 -
796 1455 865 1515 οὐδέ
906 1483 930 1518 ο.
951 1467 985 1515 24
1005 1460 1122 1528 φρουρῇ
1143 1456 1187 1527 ἔχε
1209 1480 1271 1514 eurr

180 1538 237 1586 eod.
257 1551 304 1600 pro
328 1532 443 1604 φρουρᾷ
462 1527 519 1598 εἶχε
553 1535 615 1585 ibid.
634 1533 771 1599 μοιχηίην
790 1544 893 1586 auctore
910 1535 969 1589 eod.
988 1549 1036 1599 pro
1053 1547 1101 1596 μοι
1121 1529 1170 1598 ίην
1206 1533 1270 1584 ihre.

180 1597 351 1671 ἐργασμένον
370 1621 427 1654 eum
447 1605 504 1654 eod.
527 1605 645 1654 revocavi
687 1621 715 1655 ro
733 1597 918 1670 εἰργασμένον
958 1619 980 1655 ο.
1002 1605 1036 1654 25
1054 1549 1187 1670 ἀμβιοέσας
1211 1618 1241 1653 αα
1255 1620 1271 1650 n

181 1679 237 1728 eorl.
259 1691 309 1726 ree.
328 1689 375 1740 pro
396 1665 551 1740 δαμβοέσας
586 1674 648 1724 ibid.
669 1620 901 1726 ἔσσεταιιαοιοτο
921 1674 980 1724 εοδ.
999 1688 1047 1737 pro
1066 1667 1156 1723 ἔσεται
1192 1687 1214 1722 ο,
1236 1676 1268 1692 ”
1304 1704 1306 1739 ρ

180 1741 353 1810 χαρίζονται]
376 1735 554 1808 χαριζόμενοι
578 1745 612 1794 id.
638 1759 696 1793 eum
716 1745 784 1794 aliis.
825 1745 886 1795 ibid.
911 1732 1060 1792 ἀνακέεται
1080 1750 1184 1791 auctore
1209 1757 1267 1792 σοι.

179 1805 423 1950 {verrere
433 1806 621 1933 111111
637 1814 908 1935 reverere
924 1809 1269 1877 ί

179 1947 302 2004 κέκλιται
317 1952 451 2003 eumeod.
468 1969 520 2003 ree.
538 1968 584 2018 pro
602 1939 787 2018 ἀποκέκριται
820 1953 883 2002 ibid.
894 1943 1048 2016 τριήκοντα
1064 1965 1121 2001 eum
1137 1951 1196 2001 eod.
1214 1966 1267 2020 res.
1304 1996 1305 2013 ¹

180 2040 225 2089 pro
243 2019 415 2087 τριηκοσίων
450 2039 473 2076 ο.
494 2022 528 2072 29
547 2016 634 2089 μικρ”
653 2038 712 2071 cum
734 2023 791 2074 eod.
811 2037 863 2077 ree.
885 2036 931 2086 pro
952 2017 1047 2086 μακρῇ
1080 2018 1142 2069 ι’δέδ.
1161 2008 1268 2068 ἔπινε-
1304 2020 1305 2043 ³

179 2107 226 2141 ται
245 2093 329 2156 recepi
348 2091 390 2140 hie
407 2101 431 2141 et
451 2108 474 2140 σ.
497 2091 530 2164 30
548 2107 593 2158 pro
612 2032 757 2142 ἔπικέαται
792 2108 815 2142 ο.
835 2091 867 2144 31
887 2087 1034 2154 θεραπηίη
1051 2098 1189 2153 praeeunte
1209 2091 1256 2140 εο1

180 2177 226 2227 pro
244 2157 386 2225 δεραπείη
414 2177 435 2211 ο.
455 2161 488 2212 32
505 2174 550 2211 σοι
568 2178 625 2212 eum
642 2162 699 2211 eod.
717 2178 768 2216 ree.
784 2176 832 2226 pro
849 2175 895 2210 τοι
929 2161 989 2210 ibid.
1007 2152 1126 2208 ἔκτοσθε
1141 2159 1177 2211 id.
1205 2159 1267 2208 ibiv'.

180 2221 337 2296 περικέεται
357 2245 414 2280 eum
434 2233 492 2282 eod.
510 2247 556 2296 pro
577 2223 739 2297 περικέαται
773 2230 835 2282 ibid.
860 2220 958 2296 ἔσορέη
980 2245 1038 2279 eum
1061 2229 1118 2280 οοᾱ,
1144 2243 1193 2277 ree.
1221 2244 1268 2292 γιο

181 2291 293 2364 ἱστορέῃ
335 2315 358 2349 ο.
376 2298 410 2350 33
430 2296 526 2350 ίκελον
545 2317 603 2351 eum
627 2302 685 2353 eod.
707 2316 754 2366 pro
776 2296 886 2350 εἴκελον
922 2316 944 2350 ο.
964 2299 998 2350 34
1021 2290 1113 2348 κέεται
1131 2313 1188 2347 eum
1208 2299 1267 2369 ε·1
1304 2300 1305 2303 ’

181 2370 221 2420 hio
238 2379 263 2420 et
278 2385 300 2417 ο.
321 2368 355 2420 35
374 2384 421 2433 pro
437 2363 534 2419 κέαται
569 2371 630 2422 ibid.
651 2363 716 2427 ἕδος
734 2385 792 2420 eum
808 2371 865 2421 eod.
884 2370 915 2418 de
934 2367 1065 2418 Scheeferi
1081 2368 1147 2419 coni.
1164 2381 1212 2430 pro
1237 2393 1265 2402 ’-

181 2436 230 2496 δος
266 2439 327 2488 ibid.
345 2430 454 2503 μούνου
470 2449 607 2506 praeeunte
627 2440 685 2490 eod.
708 2454 753 2504 pro
770 2431 862 2504 μόνον
897 2454 919 2491 ι.
939 2438 973 2490 35
990 2427 1058 2487 νέον
1075 2449 1105 2485 τε
1119 2431 1179 2502 καλ]
1199 2450 1225 2485 vr
1251 2451 1268 2484 ν
1304 2446 1306 2509 g

180 2496 344 2574 τεῇγηνται
362 2503 412 2559 καλ
430 2510 466 2562 id.
504 2525 525 2559 ο.
543 2509 576 2561 35
590 2501 789 2574 προφέροντας
804 2524 862 2558 eum
880 2508 939 2561 eod.
958 2523 1011 2560 reo.
1026 2521 1074 2571 pro
1088 2497 1267 2570 προσφέροι·

180 2592 230 2636 τας
264 2577 325 2629 ibid.
345 2565 445 2645 οὕτως]
467 2567 541 2630 οὕτω
558 2579 593 2628 id.
631 2595 652 2627 ο.
671 2577 705 2628 39
723 2572 869 2641 συμφοραὶ
888 2577 919 2626 de
935 2575 1022 2626 Soleni
1042 2576 1110 2625 coni.
1132 2590 1178 2640 pro
1197 2588 1225 2622 σι
1244 2591 1266 2622 ι

180 2637 257 2712 φορῇ
294 2662 315 2698 ο.
330 2649 365 2700 40
383 2640 448 2706 ἕδος
467 2665 524 2698 eum
539 2649 614 2698 Dind.
633 2649 665 2698 de
683 2662 739 2696 mea
755 2647 821 2700 οοοὶ.
837 2661 885 2712 pro
901 2637 979 2702 εἶδος
1013 2646 1075 2696 ibid.
1093 2640 1187 2694 ίκελον
1207 2661 1222 2694 ο
1242 2661 1266 2694 οι
1304 2692 1305 2695 ,

181 2717 236 2767 eod.
258 2731 304 2782 pro
323 2713 432 2767 είκελον
468 2735 490 2770 ο.
509 2721 544 2768 42
564 2708 735 2782 ἐπιγίγνεται
751 2732 808 2766 curn
829 2715 888 2768 eod.
908 2715 1026 2793 revorevi
1045 2730 1098 2793 pro⁸
1111 2703 1220 2778 έπιγίυε
1243 2731 1264 2762 α
1304 2728 1305 2775 7

180 2803 204 2839 c.
220 2787 254 2836 45
273 2775 406 2835 ἀνακέετο
426 2803 485 2837 curn
503 2787 560 2840 eod.
578 2804 629 2840 reo.
645 2801 690 2852 pro
709 2777 853 2835 ἀνακέατο
921 2785 957 2836 46
975 2796 1117 2847 νφεστεοις
1134 2799 1191 2833 eum
1208 2785 1266 2836 ινδ.
1302 2780 1306 2847 j

181 2857 212 2906 de
233 2855 337 2904 Gesneri
355 2857 423 2907 οοιιὶ.
444 2873 492 2922 pro
512 2847 648 2920 έφεστεάε
683 2870 707 2905 οι
722 2857 756 2906 47
777 2846 891 2919 ἀπέργει
917 2870 976 2904 cum
994 2854 1053 2909 eod.
1073 2869 1119 2919 pro
1138 2841 1264 2916 ἀπείργει

180 2940 203 2976 ο.
218 2923 253 2974 48
272 2913 358 2974 έπεάν
377 2925 434 2980 εοδ.
455 2934 556 2976 auctore
572 2940 619 2991 pro
644 2914 708 2974 έπελ
733 2925 795 2975 ibid.
814 2914 940 2974 καλάοιο
958 2912 1067 2987 μισθὸν
1085 2937 1143 2971 eum
1159 2921 1217 2971 eod.
1235 2932 1266 2972 αι

181 3008 237 3042 mea
256 2994 322 3042 coni.
339 2993 430 3047 delevi.
465 2994 527 3046 ibid.
552 2987 632 3056 μνέες
668 2986 750 3058 μνέαι
772 2996 808 3049 id.
846 3010 869 3044 ο.
892 2993 924 3044 51
947 2985 978 3043 ολ
995 2981 1088 3059 ἀλλοι]
1113 2983 1144 3040 οί
1160 2982 1265 3040 Γάλιοι

180 3062 216 3113 id.
236 3071 338 3112 auctore
355 3063 503 3114 Fritzsehio.
540 3063 601 3113 ibid.
620 3059 788 3131 ἀπορρίψει]
813 3052 963 3128 ἀπορρίψη
987 3064 1022 3114 id.
1061 3078 1085 3112 ο.
1105 3061 1139 3111 55
1164 3049 1264 3128 aine}

181 3120 288 3181 έιοντοῦ
305 3132 341 3184 id.
378 3147 400 3182 ο.
417 3132 451 3184 60
468 3123 508 3198 μή
527 3145 595 3196 σφιν
614 3124 704 3188 ἄλλως
722 3124 813 3197 γάμον
831 3125 906 3181 εἶναι
921 3147 980 3185 cum
998 3131 1057 3185 eod.
1075 3131 1107 3182 de
1125 3144 1183 3180 mea
1198 3145 1213 3180 ο
1233 3132 1264 3179 ιί.

180 3215 227 3265 pro
245 3191 285 3266 μῇ
302 3215 351 3266 μιν
369 3189 459 3261 ἄλλως
476 3193 567 3267 γάμον
580 3193 655 3251 είναι
691 3202 751 3252 ibid.
769 3199 834 3268 τῇσι
850 3193 882 3250 δέ
896 3193 1068 3265 παρθένοισι
1083 3215 1142 3251 eum
1160 3199 1215 3250 εοδ
1235 3199 1263 3248 δι

181 3268 269 3320 Solani
287 3272 418 3337 correpto
436 3272 510 3321 τοῖσι
528 3263 560 3320 δέ
578 3267 667 3322 νέοισι
1301 3314 1306 3343 4

249 3341 374 3394 Βινιοιίίι.
398 3356 452 3392 ene.
480 3357 503 3392 ο.
526 3343 543 3391 2
564 3333 619 3407 τὴν
637 3329 738 3407 αὐτοῦ]
760 3331 815 3406 τὴν
835 3329 926 3392 αὑτοῦ
943 3341 980 3394 ld.
1020 3339 1081 3391 r‘br'd.
1102 3329 1213 3404 ἔπαρκέι
1229 3337 1263 3389 ,ιιἵ

181 3397 342 3474 έπαρκέσειε
360 3410 396 3460 id.
431 3410 492 3462 thia.
512 3400 568 3476 ἀρα
589 3408 630 3479 τῷ
648 3426 705 3461 eum
726 3411 784 3465 eod.
803 3426 854 3462 ree.
873 3425 921 3476 pro
938 3399 996 3474 ἀρα
1013 3425 1052 3477 τφ
1089 3424 1110 3459 ο.
1128 3407 1145 3460 3
1164 3399 1193 3458 εί
1205 3428 1211 3456 ι
1223 3411 1264 3458 ¹'uu

181 3481 253 3530 urreis
272 3480 433 3534 inclusorem.
468 3497 491 3535 ο.
508 3483 525 3532 4
544 3471 627 3547 μέγα,
645 3481 706 3531 olim
724 3494 740 3529 ιι
758 3495 800 3530 me
818 3481 942 3541 eiectum,
968 3481 1019 3530 iam
1037 3495 1096 3530 eum
1113 3478 1171 3533 eod.
1192 3494 1211 3527 τι
1235 3493 1259 3528 ο·

181 3551 247 3604 οανὶ.Ι
282 3565 306 3604 ο.
326 3537 438 3616 5ἀλλά]
459 3539 520 3600 ἀλλ’
540 3551 576 3606 id.
597 3559 724 3603 eaetemm
743 3550 769 3601 in
783 3549 825 3600 his
839 3550 924 3601 verbis
941 3549 995 3600 vitii
1014 3549 1113 3609 aliquid
1128 3548 1209 3597 inesse
1231 3548 1263 3596 ri-
