2625 4092
212 291 274 354 366
568 291 874 350 ΛΟΥΚΙΛΝΟΤ

211 452 323 541 βάλλω
341 454 376 519 δὲ
390 450 514 519 καὶτὸν
530 454 671 538 ,ῥέοντα
684 451 861 517 Πόθωνα“
872 448 956 535 πρός
967 449 1026 529 τάς
1037 448 1214 529 Ὀδυσσέως

211 550 401 636 ,,νιφάδας“
416 556 485 616 των
499 550 627 633 λόγων,
642 552 697 614 καὶ
710 548 749 616 τό

365 658 395 716 εί
409 648 470 733 μὲν
487 650 664 733 μέλλοιμεν
680 645 794 731 ἀγήρω
810 643 841 713 τ’
858 644 1018 713 ἀθανάτω
1032 673 1067 713 τε

366 754 523 815 ἔσσεσθαι

211 844 295 929 πρὸς
316 847 354 914 τό
378 847 503 930 ,πέρας
521 845 583 930 μὲν
604 842 669 930 γάρ
693 840 818 909 ἅπασιν
840 840 1035 926 ἀνθρώποις
1059 852 1123 912 τοῦ
1145 852 1217 933 βίον

211 945 376 1028 θάνατος,
393 938 457 1009 κάν
468 944 504 1008 ἐν
516 948 650 1030 οίκίσκω
662 966 711 1017 τις
722 936 826 1006 αὑτὸν
837 946 1015 1024 καθείρξας
1024 950 1146 1030 τηρῇ.“
1167 946 1218 1009 καὶ

210 1050 326 1129 μυρίαι
347 1042 528 1127 γεγόνασιν
550 1036 662 1116 αὐτοῖς
685 1040 736 1105 ἐπὶ
754 1035 878 1105 ταύτόν
899 1047 956 1125 τῆς
977 1045 1128 1119 διανοίας
1150 1045 1217 1109 έπι-

141 1156 194 1213 496
214 1147 342 1225 δρομαί.
367 1146 395 1207 6.
412 1137 534 1224 ἥδομαι
548 1138 583 1205 δὲ
599 1140 653 1204 καὶ
670 1138 763 1221 πάθη
775 1140 829 1204 καί
845 1140 1011 1217 διαθέσεις
1025 1142 1080 1206 καί
1095 1136 1220 1221 τροπάς

212 1243 328 1318 λέξεως
349 1235 621 1323 καταμανθάνων
644 1236 699 1301 καὶ
722 1231 780 1309 τάς
800 1232 1009 1318 ἀφαιροόσας
1031 1235 1093 1303 τόν
1118 1236 1220 1323 κόρον

211 1332 395 1421 μεταβολάς
414 1336 468 1401 καὶ
490 1332 547 1411 τάς
565 1336 601 1399 ἐκ
624 1339 692 1399 τῶν
712 1341 936 1417 παρατροπῶν
956 1334 1147 1411 ἐπανόδους
1168 1337 1220 1402 καί

210 1432 268 1513 τάς
282 1441 349 1500 τῶν
367 1440 568 1519 παραβολῶν
583 1430 647 1498 σὺν
664 1439 709 1520 τῷ
724 1440 831 1521 καιρῷ
842 1433 1097 1518 γλαφυρότητος
1113 1435 1172 1500 καὶ
1185 1431 1219 1500 τὰ

210 1539 270 1599 τοῦ
282 1531 409 1614 τρόπον
420 1533 672 1617 μισοβάρβαρον
684 1538 863 1615 πανταχοῦ.
886 1535 914 1599 7.
928 1539 984 1597 καί
991 1556 1049 1617 μοι
1060 1531 1221 1608 πολλάκις

210 1634 321 1709 έδοξεν
336 1627 433 1695 -οὐ
454 1626 518 1714 γάρ
536 1624 578 1694 ἀν
599 1626 742 1713 τάληθὲς
764 1626 1024 1716 ἀποκρυψαίμην
1036 1670 1081 1682 -
1099 1629 1222 1712 εὐπρε·

212 1732 372 1809 πέστερον
383 1728 444 1813 μὲν
455 1732 623 1817 ῥᾳθυμίας
635 1725 780 1813 Ἀττικῆς
792 1728 1025 1795 καθάπτεσθαι
1036 1731 1222 1814 Δημοσθέ-

210 1852 289 1911 νης,
308 1821 324 1891 ὁ
341 1824 403 1911 την
420 1834 624 1911 παρρησίαν,
649 1824 692 1904 ὡς
713 1832 832 1911 φασίν,
854 1824 1042 1911 ἀνειμένος,
1065 1834 1130 1893 τοῦ
1146 1824 1224 1902 τοὺς

206 1919 356 2009 ’Λχαιοδς
372 1922 533 2009 Ἀχαιίδας
553 1923 809 2007 προσειπόντος,
833 1928 1053 2013 διαρκεστέρω
1076 1924 1116 1991 δὲ
1135 1923 1223 2012 τόνῳ

211 2022 398 2105 πνεύματος
419 2021 477 2100 τάς
496 2020 689 2108 Ἑλληνικάς
710 2020 928 2109 ἀποπληροῦν
951 2029 1141 2113 τραγῳδίας
1162 2029 1223 2089 τοῦ

211 2120 331 2203 μεταξὺ
345 2127 402 2204 τῆς
414 2117 633 2207 ἀκμαιοτάτης
643 2122 748 2207 μάχης
760 2122 937 2208 διαλόγους
950 2120 1224 2197 ἀναπλάττοντας

210 2219 265 2285 καὶ
285 2219 409 2303 μύθοις
431 2217 492 2304 τῆν
518 2218 629 2304 φοράν
654 2220 909 2299 σκεδαννόντος.
944 2226 973 2288 8.
998 2218 1167 2295 πολλάκις
1189 2218 1223 2283 δὲ

210 2314 290 2402 μετά
307 2324 367 2383 τοῦ
380 2320 625 2403 Δημοσθένους
640 2321 695 2387 καὶ
706 2321 808 2405 μέτρα
822 2318 940 2386 κόλων
955 2319 1009 2384 καί
1020 2320 1153 2405 ῥυθμοὶ
1169 2319 1223 2382 καί

209 2417 323 2502 βάσεις
336 2412 398 2482 οὐκ
414 2420 475 2495 ἔξω
489 2425 547 2502 τῆς
562 2426 733 2503 ποιητικῆς
747 2417 868 2504 ῆδονῆς
884 2416 1139 2506 ἐκβιβάζουσιν,
1158 2415 1222 2494 ὥς-

209 2540 270 2601 περ
287 2512 361 2581 οὐδ’
378 2512 521 2601 ’Όμηρος
540 2514 674 2601 ἐλλιπὴς
695 2514 901 2584 ἀντιθέσεων
922 2512 945 2602 ἢ
960 2512 1222 2602 παρισωσεωνῆ

209 2616 384 2700 σχημάτων
399 2614 599 2701 τραχύτητος
613 2612 633 2702 ῆ
649 2615 886 2702 καθαρότητος.
920 2614 993 2684 ἀλλ’
1011 2622 1099 2683 ἔοικε
1118 2618 1221 2701 φύσει

209 2738 279 2791 πως
294 2710 469 2798 ὑπάρχειν,
492 2727 561 2791 ταῖς
575 2713 737 2799 δυνάμεσι
754 2714 812 2795 τάς
832 2714 951 2801 ἀρετάς
965 2720 1219 2803 έπιπεπλέχθαι.

139 2823 189 2879 497
209 2814 318 2879 πόθεν
344 2812 407 2899 γάρ
435 2811 474 2898 δν]
502 2820 744 2901 περιφρονοίην
768 2812 812 2882 ἀν
838 2814 899 2903 τῆν
921 2814 984 2901 σῆν
1007 2816 1220 2902 Καλλιόπην,

208 2912 366 2999 τοιαύτην
374 2939 412 2998 γε
421 2912 636 2999 γιγνόσκωνς
648 2920 677 2981 9.
688 2913 761 2983 ἀλλ’
771 2916 872 2983 οὐδὲν
880 2908 981 3002 ἦττον
990 2912 1124 3001 τοόμδν
1134 2914 1221 3000 ἀγό-

208 3033 309 3097 νισμα
322 3022 389 3079 των
404 3012 605 3099 είςὍμηρον
619 3018 792 3101 ἐγκωμίων
805 3014 980 3082 διπλάσιον
991 3020 1095 3098 ἔργον
1108 3012 1220 3101 ἦτοὺς

208 3108 289 3189 σούς
306 3118 351 3191 εἰς
363 3116 591 3199 Δημοσθένην
606 3115 763 3192 ἐπαίνους
777 3120 910 3199 τίθημι,
931 3110 973 3179 οά
988 3128 1057 3192 τοῖς
1073 3117 1221 3200 μέτροις,

207 3207 291 3277 ἀλλὰ
305 3219 345 3299 τῆ
355 3207 515 3279 ὑποθέσει
528 3220 622 3299 φημί,
637 3221 682 3304 τῷ
696 3210 822 3299 τοάμὸν
834 3212 896 3298 μὲν
907 3210 968 3277 οὐκ
979 3217 1069 3296 ἔχειν
1080 3214 1223 3294 ἑδραίαν

207 3307 282 3374 τινά
304 3312 446 3393 κρηπῖδα
463 3316 530 3376 τῶν
552 3314 697 3378 ἐπαίνων
718 3310 970 3399 ἀποβάλλεσθαι
992 3312 1083 3397 πλῆν
1104 3340 1146 3397 γε
1166 3321 1223 3400 τῆς

207 3416 378 3493 ποιητικῆς
394 3406 510 3493 αὐτῆς·
542 3409 582 3477 τά
598 3409 630 3477 δ’
648 3409 732 3480 ἄλλα
748 3417 795 3499 τῷ
809 3411 871 3495 μὲν
884 3406 1015 3495 ἀσαφῆ,
1031 3418 1157 3499 πατρὶς
1169 3418 1222 3481 καὶ

206 3508 303 3587 γένος
320 3510 373 3579 καί
389 3507 525 3591 χρόνος·
549 3514 579 3575 εἰ
590 3516 677 3595 γοῦν
687 3537 718 3576 τι
735 3511 838 3595 σαφὲς
854 3507 965 3577 αὐτῶν
979 3503 1034 3593 ῆν,
