2625 4092
235 283 298 348 382
439 328 442 335 ,
590 287 892 347 ΛΟΤΚΙΑΝΟΤ

318 452 384 513 ΑΝ
388 452 422 513 Τ
443 443 673 559 Ἀπιστήσας
650 470 715 527 αρα
727 460 795 523 τοῖς
805 447 1027 533 ἐπαγγέλμασι
1038 464 1176 530 προεῖτο
1187 444 1241 537 τήν

234 544 362 629 mrim

212 673 215 679 ·
320 650 414 711 APX.
439 644 526 711 Ούκ·
557 650 591 709 εί
603 668 640 726 γε
661 648 730 707 τῶν
749 640 911 709 λοιπων’
892 644 1071 728 ακούσαις,
1095 644 1142 711 ού
1162 646 1241 726 δόξει

236 765 289 810 σοι
306 742 415 828 μόνον
429 738 588 808 άπιστεῖν.
612 735 688 807 ἀλλ’
704 742 775 809 ἐπεὶ
789 740 952 827 κελεύεις,
971 734 998 807 ὦ
1013 749 1176 829 βασιλεῦ,
1195 748 1242 811 λέ-

164 855 217 910 523
236 865 320 927 γειν,
337 838 512 907 Μακεδόσι
524 840 595 924 μέν,
611 834 714 921 εἶπεν,
730 835 1030 924 ούδὲνάπύμοτον,
1046 838 1130 907 ούδέ
1140 840 1244 925 παρά-

237 940 354 1021 δοξον,
370 943 400 1004 εί
414 940 643 1023 Δημοσθένην
658 934 765 1015 οὕτως
779 938 1012 1024 λαμβάνουσιν
1027 934 1070 1015 ὡς
1085 936 1241 1023 Ἀμφίπο-

236 1044 307 1120 λιν,
332 1034 376 1113 ὡς
389 1034 579 1119 Ὄλυνθον,
605 1030 648 1111 ὥς
662 1032 825 1118 Ὠρωπόν.
855 1040 992 1103 τοιαῦτα
1012 1032 1120 1102 πολλοὶ
1141 1041 1240 1120 ἔλεγε·

236 1136 290 1201 καὶ
315 1131 380 1220 γάρ
404 1126 469 1201 οὖν
492 1131 707 1219 ὑπογραφέας
732 1132 1008 1219 παρεστησάμην,
1041 1134 1099 1198 ’ίνα
1126 1154 1182 1199 σοι
1206 1133 1240 1199 τά

235 1234 397 1317 λεχθέντα
412 1232 555 1312 σύζυιτο.
588 1228 669 1317 Ἐγύ
686 1234 747 1315 μέν
762 1256 830 1315 τοι,
848 1236 930 1315 ἔφη,
954 1222 981 1296 οἷ
991 1228 1121 1315 Ἀρχία,
1143 1231 1243 1315 βασά-

236 1355 307 1396 υων
320 1324 342 1415 ή
355 1330 510 1397 θανάτου
524 1330 620 1419 φόβφ
642 1326 715 1395 κατ’
732 1326 813 1407 ὄψιν
834 1327 897 1395 ούκ
913 1324 958 1395 α”ν
970 1325 1177 1418 Ἀντιπάτρῳ
1190 1354 1242 1414 γε·

237 1434 374 1514 νοίμην,
397 1424 471 1495 ἀλλ’
488 1433 518 1494 εί
537 1425 631 1494 ταῦτ’
648 1425 848 1512 ἀληθεύετε,
873 1426 960 1493 πολύ
981 1452 1038 1511 μοι
1054 1434 1186 1512 μᾶλλον
1202 1434 1241 1494 ἔτι
1293 1489 1295 1496 .

236 1525 425 1609 φυλακτέον
441 1521 486 1610 μή
509 1520 571 1610 τήν
592 1522 704 1611 ψυχήν
724 1523 830 1612 αύιήν
847 1525 929 1608 παρ’
948 1523 1173 1607 Ἀντιπάτρου
1193 1530 1242 1593 δε·
1293 1533 1295 1538 ’

236 1626 504 1707 δωροδοκηκέναι
520 1620 598 1707 μηδ’
615 1619 659 1707 ήν
673 1620 818 1706 ἐμαυτδν
834 1627 930 1701 έιαξα
949 1624 1043 1703 τάξιν
1060 1622 1174 1693 λιπών
1189 1622 1243 1707 τὴν

231 1718 426 1805 Ἑλληνικήν
439 1726 484 1797 είς
494 1719 554 1805 τήν
566 1720 808 1807 Μακεδονικήν
819 1723 1096 1808 μεταβάλλεσθαι.
1120 1728 1174 1792 45.
1187 1749 1243 1788 κα·

235 1815 297 1899 λδν
311 1818 394 1902 γάρ,
407 1816 532 1905 Ἀρχία,
549 1826 578 1887 εί
593 1817 629 1885 τὸ
648 1824 706 1904 ζήν
720 1821 791 1904 ἐμοὶ
801 1817 978 1900 Πειραιεύς
992 1817 1095 1897 αύτδς
1109 1824 1243 1904 παρέχοι

235 1918 289 1983 καὶ
311 1915 447 2002 τριήρης
466 1914 509 2003 ἣν
534 1920 732 2003 ἐπιδέδωκα,
759 1920 814 1985 καὶ
830 1933 933 2003 τεῖχος
950 1921 1005 1987 καὶ
1025 1918 1159 2003 τάφρος
1181 1932 1243 1995 τοῖς

236 2016 325 2099 ἐμοῖς
342 2015 470 2081 τέλεσιν
485 2017 719 2102 ἐξειργασμένα
732 2020 787 2085 καὶ
804 2017 894 2102 φυλή
908 2020 1110 2099 Πανδιονίς,
1134 2009 1158 2141 ή
1172 2021 1244 2083 ε’θε

236 2107 355 2195 λοντής
369 2112 553 2197 ἐχορήγουν
566 2115 647 2197 ἐγω,
662 2115 718 2182 καὶ
727 2116 849 2181 Σολων
864 2142 919 2182 και
908 2114 1076 2197 Δράκων
1088 2117 1146 2181 καὶ
1162 2139 1246 2195 παρ-

236 2212 334 2291 ρησία
346 2208 492 2293 βήματος
502 2209 556 2275 καὶ
568 2214 671 2293 δῆμος
682 2212 860 2293 ἐλεύθερος
870 2239 925 2279 και
935 2218 1134 2330 ψηφίσματα
1147 2234 1244 2294 στρα-

235 2331 369 2373 τιωτικα
358 2302 496 2373 καὶ
455 2332 553 2393 νομοι
564 2312 789 2393 τριηραρχικοὶ
805 2314 859 2377 καὶ
875 2310 1053 2399 προγόνων
1066 2308 1185 2392 ἀρεταὶ
1197 2337 1244 2375 και

235 2404 378 2488 τρόπαια
389 2408 444 2473 καὶ
455 2404 651 2473 πολιτων”
613 2432 727 2473 ευνοια
738 2418 806 2476 των
818 2414 873 2494 έμε
859 2410 1069 2487 πολλάκις’
1052 2431 1244 2493 εστεφανω

236 2505 344 2571 κότων
361 2532 416 2572 και
405 2503 590 2589 δύναμιςε
587 2507 750 2591 Ελλήνων
764 2534 832 2574 των
844 2505 889 2572 ὑπ
891 2504 995 2592 ’ἐμοῦ
1006 2511 1102 2593 μέχρι
1115 2516 1185 2573 νῦν
1196 2534 1245 2573 τε-

235 2608 447 2690 τηρημένων·
475 2610 505 2673 εί
523 2603 558 2671 δὲ
574 2606 629 2672 καὶ
643 2603 767 2689 βιωτὸν
784 2608 971 2692 έλεηθέντι,
993 2604 1161 2674 ταπεινὸν
1176 2611 1245 2692 μέν,

235 2701 372 2787 άνεκτδς
388 2709 407 2769 δ
412 2701 420 2727 '
436 2697 500 2771 ούν
517 2702 533 2771 ὁ
552 2710 640 2780 έλεος
658 2702 748 2787 παρὰ
763 2719 830 2781 τοῖς
844 2711 991 2789 οἰκείοις,
1006 2695 1056 2770 ὧν
1072 2707 1244 2790 ἐλυσάμην

166 2821 219 2873 524
238 2803 480 2888 αἰχμαλώτους,
496 2801 518 2889 ή
534 2819 601 2881 τοῖς
616 2804 796 2886 πατράσιν,
816 2795 864 2870 οἷν
878 2803 1086 2882 συνεξέδωκα
1100 2802 1164 2881 τὰς
1180 2815 1245 2870 θυ-

236 2898 409 2987 γατέραςή
428 2896 477 2977 οἷς
493 2900 572 2978 τοὺς
588 2902 730 2984 ἐράνους
744 2902 1022 2987 σννδιελυσάμην.
1044 2908 1098 2970 46.
1118 2910 1152 2971 εί
1161 2908 1202 2971 δέ
1208 2928 1245 2987 με

236 2998 280 3086 μή
299 3001 392 3080 σώζει
407 3000 522 3085 νήσων
532 2998 613 3085 ἀρχή
628 3003 682 3068 καὶ
691 3001 859 3084 θάλαττα,
877 3002 966 3086 παρά
977 3027 1014 3086 γε
1026 3005 1246 3070 τουτουλΠο-

236 3104 395 3175 σειδωυος
406 3105 486 3165 αίτῶ
498 3096 534 3165 τὸ
548 3101 712 3179 σώζεσθαι
726 3102 780 3167 καὶ
795 3104 894 3167 τοῦδε
905 3107 966 3166 τού
976 3106 1096 3185 βωμοῦ
1110 3103 1245 3169 καὶτῶν

235 3203 336 3281 ίερων
353 3197 477 3284 νόμων.
503 3205 533 3267 εί
546 3199 581 3266 δὲ
596 3204 782 3281 Ποσειδῶν,
797 3205 877 3284 ἔφη,
894 3196 938 3285 μή
954 3199 1096 3264 δύναται
1115 3200 1244 3284 φυλάτ-

235 3322 305 3363 τειν
319 3294 380 3383 τήν
396 3295 538 3363 ιἰσυλίαν
552 3306 612 3364 τοῦ
627 3298 693 3365 νεώ
708 3295 787 3385 μηδ’
806 3297 1037 3383 ἐπαισχύνεται
1055 3305 1243 3382 προδοῦναι

236 3398 463 3481 Δημοσθένην
476 3392 600 3483 Ἀρχίᾳ,
621 3404 798 3482 τεθναίην,
822 3394 923 3464 οὐδέν
937 3396 1152 3478 Ἀντίπατρος
1165 3400 1243 3485 ἡμῖν

237 3488 310 3559 ἀντὶ
334 3498 396 3557 τού
417 3498 503 3558 θεοῦ
526 3500 749 3572 κολακευτέος.
784 3498 860 3579 ε’ξήν
881 3522 937 3578 μοι
957 3501 1139 3579 φιλτέρους
1159 3506 1240 3585 ἐχειι
