2625 4092
437 316 747 374 ΧΑΡΙΔΗΜΟΣ.
1032 311 1094 374 429

91 471 133 540 οὐ
146 472 252 558 μόνον
263 470 386 551 αὐτούς
396 469 514 559 ἠξίωσε
524 481 592 540 τῶν
603 470 773 558 οὐρανίων
786 471 965 560 άναγαγῶν
979 477 1095 559 ἐκεῖσε,

90 569 174 638 ἀλλά
190 572 245 638 καλ
260 567 360 648 αὐτὸς
375 571 426 638 &uz
440 577 500 657 γῆς
517 569 537 638 ό
552 598 583 639 τι
598 571 691 657 τύχοι
707 571 884 658 γινόμενος
895 578 1003 657 συνῆν
1018 569 1094 638 ἑκά-

91 691 185 738 στοτε
200 683 268 747 τοῖς
288 671 481 754 ἐρωμένοις,
509 670 563 736 καὶ
583 669 759 755 τοῦτομὲν
777 667 956 755 γενόμενος
972 668 1093 746 κύκνος

91 772 285 852 συνεγένετο
297 769 400 859 Λήδᾳ,
416 777 513 836 τοῦτο
526 765 558 836 δ’
571 773 608 838 ἐν
622 773 702 838 εῖδει
712 770 840 854 ταύρου
854 767 915 856 τὴν
924 767 1094 856 Εὐρώπην

90 866 243 954 ἁρπάζει,
269 869 434 946 είκασθεὶς
448 867 479 936 δ’
496 868 721 956 Ἀμφιτρύωνι
734 878 838 959 γεννᾷ
852 867 1092 953 τόνἩρακλέα.

91 968 146 1032 καλ
160 967 266 1034 πολλά
282 992 329 1042 τις
344 960 387 1031 άν
403 972 470 1051 ἐχοι
485 969 595 1051 λέγειν
608 967 815 1053 τεχνάσματα
830 975 891 1034 τοῦ
904 965 987 1044 Διὸς
1003 965 1093 1044 ὅπως

90 1060 135 1130 άν
155 1057 204 1140 οἷς
224 1064 383 1149 ἐπεθύμει
405 1069 598 1151 συγγένοιτο
614 1070 863 1152 μηχανωμένου.
895 1063 977 1134 8.τὸ
999 1064 1033 1132 δὲ
1051 1061 1090 1149 δη

90 1164 245 1246 μέγιστον
269 1163 323 1227 καὶ
350 1156 422 1229 οἷον
443 1162 486 1230 άν
507 1191 555 1242 τις
575 1163 765 1250 θαυμάσαι,
793 1160 918 1248 ὁμιλῶν
937 1158 1002 1247 γάρ
1024 1174 1093 1237 τοῖς

89 1271 234 1336 θεοῖς-
245 1255 288 1325 οὐ
300 1256 364 1345 γάρ
379 1257 573 1345 ἀνθρώπων
584 1287 622 1346 γε
633 1258 745 1329 οὐδέσι
757 1259 845 1347 πλὴν
857 1267 887 1326 εί
895 1257 938 1345 μὴ
952 1274 1018 1337 τοῖς
1031 1285 1091 1326 κα-

89 1364 159 1435 λοῖς
179 1396 220 1405 -—
238 1357 275 1424 ἐν
298 1355 327 1423 δ’
348 1350 412 1424 οὐν
434 1360 563 1437 τούτοις
585 1363 784 1446 δημηγορῶν
804 1357 892 1426 οὕτω
917 1365 1090 1442 πεποίηται

89 1451 232 1542 σοβαρός
254 1461 299 1542 τῷ
329 1460 430 1544 κοινῷ
454 1463 521 1523 τῶν
548 1453 715 1543 Ἑλλήνων
743 1463 863 1542 ποιητῇ
884 1457 937 1523 καλ
960 1454 1091 1538 θρασύς
1110 1470 1160 1524 623

89 1555 144 1620 καὶ
166 1551 441 1638 καταπληκτικός,
463 1551 540 1621 ὥστ’
559 1556 595 1621 ἐν
611 1555 673 1640 μὲν
689 1563 728 1642 τῇ
748 1558 891 1643 προτέρᾳ
909 1557 1083 1643 δημηγορί,

89 1647 150 1735 τὴν
165 1647 291 1737 Ἥραν,
318 1654 423 1716 καίτοι
443 1650 607 1734 πρότερον
629 1650 729 1718 πάντ’
757 1657 916 1720 εἰωθυῖαν
940 1653 1089 1736 ἐπιτιμᾶν

88 1745 195 1837 αὐτῷ,
225 1746 315 1833 ὅμως
337 1744 370 1814 δ’
391 1745 498 1833 αὐτὴν
519 1746 625 1827 οὕτως
642 1749 824 1835 ἐφόβησεν,
853 1745 931 1815 ὥστ’
949 1745 1091 1833 ἤρκεσεν

88 1841 173 1933 αὐτῇ
187 1843 223 1912 τὸ
234 1846 339 1931 μηδὲν
350 1855 488 1930 παθεῖν,
505 1843 589 1914 άλλά
602 1850 695 1934 μέχρι
707 1847 816 1933 λόγων
827 1853 944 1931 στῆναι
959 1843 1020 1932 τὴν
1032 1842 1091 1926 ὄρ-

88 1941 153 2028 γήυ
167 1950 212 2032 τῶ
226 1950 299 2012 Διί·
322 1940 401 2021 τούς
416 1940 448 2010 δ’
465 1941 612 2022 ἅπαντας
626 1942 730 2023 θεούς
746 1947 783 2012 έν
796 1951 837 2032 τῇ
853 1941 973 2032 ὑστέρᾳ
989 1943 1090 2010 πάλιν

88 2036 150 2125 οὐχ
166 2032 267 2125 ἧττον
281 2044 457 2128 κατέστησε
474 2049 668 2128 φοβηθῆναι
683 2047 747 2129 γῆν
758 2039 964 2109 άνασπάσειν
979 2036 1090 2118 αὐτοῖς

87 2133 228 2220 άνδράσι
241 2139 295 2205 καὶ
307 2139 478 2206 θάλατταν
489 2136 676 2225 ἀπειλήσας.
700 2143 829 2225 μέλλων
842 2140 877 2205 δὲ
889 2139 1089 2204 συνέσεσθαι

86 2241 200 2310 καλοῖς
221 2232 310 2302 οὕτω
325 2242 472 2321 γίγνεται
493 2229 598 2321 πρᾶος
618 2239 673 2304 καὶ
687 2236 807 2324 ἥμερος
826 2238 880 2304 καὶ
902 2249 968 2313 τοῖς
988 2242 1089 2301 πᾶσιν

86 2332 244 2419 ἐπιεικής,
262 2331 346 2401 ῶστε
363 2333 446 2419 πρὸς
461 2331 562 2402 άπασι
577 2349 643 2415 τοῖς
665 2335 777 2414 άλλοις
791 2337 844 2402 καὶ
862 2331 943 2401 αὐτὸ
960 2337 997 2400 ’τὸ
1009 2332 1092 2412 Ζεύς

86 2429 170 2498 εἶναι
181 2434 386 2517 καταλιπόν,
404 2434 494 2514 ὅπως
504 2434 547 2522 μὴ
563 2443 715 2520 φαίνοιτο
727 2449 794 2513 τοῖς
807 2437 967 2509 παιδικοῖς
977 2431 1089 2518 άηδής,

86 2534 201 2613 ἑτέρον
220 2530 311 2611 τινός
326 2530 540 2618 ὑποκρίνεται
558 2544 681 2621 σχῆμα,
704 2535 758 2602 καὶ
773 2535 894 2601 τούτου
914 2539 1090 2600 καλλίστου

85 2633 141 2698 καί
158 2633 233 2698 οἴου
254 2628 314 2699 τόν
335 2628 464 2717 ὁρῶντα
486 2639 767 2722 προσαγαγέσθαι.
799 2640 962 2700 τοσούτου
977 2635 1090 2708 αίδοῦς

85 2731 141 2796 καὶ
161 2738 256 2815 τιμῆς
272 2736 445 2816 παρέχεται
461 2741 508 2821 τῶ
525 2733 647 2800 κάλλει.
680 2738 710 2800 9.
733 2735 786 2799 καλ
808 2729 869 2817 οὐχ
887 2728 905 2798 ὁ
925 2727 985 2814 μὲν
1006 2726 1090 2808 Ζεύς

84 2825 175 2894 οὕτω
186 2828 288 2913 μόνος
298 2829 382 2895 ε’άλω
393 2837 454 2896 τοῦ
464 2829 617 2916 κάλλους,
630 2839 697 2899 τῶν
709 2829 740 2897 δ’
751 2829 862 2898 άλλων
871 2827 978 2904 οὐδεὶς
987 2835 1088 2911 θεῶν,

83 2929 142 2993 ἵνα
155 2933 283 3010 μᾶλλον
297 2933 382 3013 ἔχειν
393 2934 476 3017 δοκῇ
489 2937 591 2997 ταῦτα
607 2936 807 3016 κατηγορίαν
818 2926 916 3010 Διός,
935 2925 994 3012 οὐχ
1005 2924 1088 3009 ὑπὲρ

84 3033 147 3092 τοῦ
162 3025 303 3104 κάλλους
316 3033 483 3114 εἰρῆσθαι·
505 3025 580 3096 ἄλλ’
593 3038 627 3096 εί
633 3055 682 3106 τις
693 3024 835 3113 ἀκριβῶς
847 3025 998 3112 ἐθελήσει
1010 3047 1086 3091 σκο-

83 3139 171 3208 πεῖν,
187 3125 311 3203 πάντας
323 3122 365 3192 άν
377 3125 471 3207 εὕροι
482 3124 586 3204 θεούς
595 3125 699 3196 ταύτά
714 3125 924 3203 πεπονθότας
933 3130 1000 3210 Διί,
1017 3119 1089 3191 οἷον

84 3221 145 3291 τόν
163 3222 225 3309 μὲν
238 3229 391 3291 Ποσειδῶ
406 3233 467 3291 τοῦ
483 3229 631 3303 Πέλοπος
645 3222 843 3311 ἡττημένον,
862 3221 1039 3292 Ὑακίνθου
1055 3221 1089 3289 δὲ

83 3323 145 3390 τόν
155 3320 318 3405 Ἀπόλλω,
336 3321 527 3408 τόνἙρμῆν
541 3327 577 3391 δὲ
587 3331 648 3390 τοῦ
657 3325 807 3410 Κάδμον.
832 3328 880 3391 10.
900 3325 952 3389 καὶ
965 3325 1042 3389 θεαὶ
1056 3319 1086 3388 δ’

83 3421 240 3499 ἐλάττους
254 3417 316 3489 οὐκ
333 3421 548 3507 αἰσχύνονται
561 3422 761 3507 φαινόμευαι
775 3422 913 3506 τούτου,
935 3419 1008 3489 ἀλλ’
1027 3420 1090 3500 ῶς-

83 3546 146 3605 περ
159 3525 349 3606 φιλοτιμίαν
362 3516 476 3597 αὐταῖς
488 3525 573 3606 ἔχειν
584 3524 678 3588 δοκεῖ
684 3517 721 3588 τό
735 3527 782 3608 τῷ
793 3523 875 3585 δεῖνι
887 3522 1089 3606 συγγενομέ-
