2625 4092
239 275 280 338 26
592 279 896 338 ΛΟΤΚΙΑΝΟΥ

237 429 341 506 τᾶλλα
357 433 463 514 οὕτως
485 441 549 522 ἔχει
564 457 633 520 σοι,
660 435 705 514 ῶς
720 435 765 522 μὴ
782 438 836 504 καὶ
851 438 1007 526 τοιαύτης
1021 435 1065 506 ῶν
1086 443 1253 529 δεηθῆναι
1307 429 1309 469 ¹

143 544 145 548 ’
236 539 357 622 τέχνης.
1307 534 1308 585 λ

324 641 422 701 ΠΛΡ.
442 628 569 714 Ὀρθῶς
590 633 711 716 λέγεις,
738 625 948 721 ῶΤνχιάδη·
978 633 1020 701 οὐ
1040 633 1105 721 γὰρ
1121 637 1253 705 τούτων
1307 618 1308 695 δ

237 729 395 816 οὐδεμιᾶς
410 729 600 817 ἐπιστήμων
617 736 691 816 εἰμί.

326 837 421 898 ΤΤΧ.
447 835 544 906 Τίνος
559 821 623 896 οὖν
640 831 768 913 ἑτέραςς

320 936 420 997 ΠΛΡ.
447 935 562 1008 Τίνος;
586 927 630 1006 ῶς
652 925 717 1012 ἐγῶ
740 927 846 1015 οἶμαι,
869 937 1043 1015 γενναίας·
1073 928 1118 1016 ἣν
1134 937 1164 999 εί
1182 926 1252 1018 μά·

235 1041 323 1114 θοις,
340 1030 394 1096 καὶ
405 1027 441 1095 σὲ
458 1029 646 1094 ἐπαινέσειν
658 1036 780 1114 οἴομαι.
803 1033 889 1118 ἔργω
900 1029 963 1115 μὲν
974 1021 1039 1097 οὖν
1053 1035 1251 1111 κατορθοῦν

235 1155 321 1214 φημι
336 1125 417 1212 ἤδη,
437 1131 467 1193 εί
483 1127 520 1192 δὲ
537 1132 596 1192 καί
608 1147 661 1192 σοι
679 1126 786 1216 λόγῳ,
803 1124 866 1193 ούκ
881 1131 944 1213 ἔχω
961 1134 1074 1196 εἰπεῖν.

323 1231 418 1294 TYX.
445 1231 526 1292 Τίνα
542 1222 684 1311 ταύτην;

318 1332 418 1392 ΠΛΡ.
443 1323 547 1392 Οὔπω
571 1349 627 1409 μοι
650 1329 739 1392 δοκῶ
760 1323 840 1403 τούς
863 1328 939 1410 περὶ
959 1325 1086 1413 ταύτην
1108 1330 1250 1413 ἐκμεμε-

233 1424 405 1510 λετηκέναι
422 1422 552 1508 λόγους.
584 1418 668 1488 ῶστε
683 1421 733 1489 ὅτι
754 1426 874 1509 τέχνην
890 1429 952 1509 μέν
968 1453 1041 1492 τινα
1060 1430 1247 1512 ἐπίσταμαι.

231 1521 373 1610 ὑπάρχει
389 1522 452 1609 ἤδη
465 1542 517 1589 σοι
531 1521 711 1607 γινώσκειν
724 1520 836 1608 καὶμὴ
849 1523 903 1589 διά
915 1533 1014 1589 τοῦτο
1024 1531 1173 1610 χαλεπῶς
1187 1552 1248 1611 μοι

231 1627 334 1708 ἔχειν·
355 1621 475 1709 ἥντινα
491 1623 542 1704 δέ,
561 1613 663 1698 αὖθις
677 1619 816 1707 άκούση.

320 1730 414 1791 ΤΤΧ.
436 1721 522 1790 Ἀλλ’
538 1719 601 1788 οὐκ
617 1719 783 1808 ἀνέξομαι.

315 1829 414 1890 ΠΛΡ.
441 1821 487 1888 Τό
507 1847 545 1906 γε
565 1828 623 1905 τῆς
643 1825 757 1907 τέχνης
774 1823 965 1906 παράδοξον
989 1830 1068 1900 λσως
1091 1830 1250 1907 φανεῖταί

231 1940 284 1986 σοι
299 1917 491 1987 ἀκούσαντι.

319 2024 414 2085 ΤΤΧ.
437 2022 503 2085 Καὶ
518 2016 585 2103 μὴν
602 2015 657 2084 διὰ
672 2025 771 2085 τοῦτο
786 2020 963 2100 σπουδάζω
979 2029 1111 2105 μαθεῖν.

315 2123 414 2184 ΠΛΡ.
437 2123 619 2201 Είσαῦθις,
638 2109 666 2182 ῶ
684 2116 840 2204 Τυχιάδη.

318 2224 411 2286 m.
442 2221 632 2302 Μηδαμῶς,
658 2213 734 2283 ἀλλ’
755 2216 819 2303 ἤδη
843 2222 934 2303 λέγε,
969 2222 999 2284 εί
1022 2215 1068 2302 μή
1089 2240 1151 2299 περ
1176 2214 1244 2299 άρα

229 2315 380 2405 αἰσχύνη.

312 2422 413 2483 ΠΛΡ.
433 2410 474 2482 Ἡ
488 2415 697 2501 παρασιτική.

312 2521 342 2586 2.
361 2519 455 2582 ΤΡΧ.
477 2507 572 2603 Κᾷτα
590 2520 620 2582 ελ
632 2511 677 2601 μὴ
690 2513 842 2600 μαίνοιτό
858 2540 917 2598 τις,
935 2506 1103 2598 ῶΣίμων,
1119 2513 1242 2596 τέχνην

226 2614 353 2700 ταύτην
370 2619 452 2698 φαίη
468 2610 527 2692 άν;

310 2720 410 2782 ΠΛΡ.
424 2709 568 2797 Ἔγωγε·
597 2716 627 2778 εἰ
645 2713 685 2778 δέ
699 2733 752 2780 σοι
768 2720 949 2798 μαίνεσθαι
965 2715 1073 2791 δοκῶ,
1095 2717 1156 2775 τοῦ
1173 2735 1244 2795 μη·
1307 2770 1308 2777 ,

155 2827 208 2882 838
228 2819 346 2899 δεμίαν
369 2811 473 2898 ἄλλην
498 2813 696 2879 ἐπίστασθαι
718 2815 838 2898 τέχνην
858 2817 967 2879 αίτίαν
990 2808 1077 2877 εἶναί
1096 2834 1152 2893 μοι
1176 2807 1243 2893 τὴν
1307 2844 1308 2905 χ

226 2918 350 2999 μανίαν
372 2912 464 2979 δόκει
479 2917 537 2978 καί
552 2935 592 2996 με
614 2917 683 2976 τῶν
701 2913 917 2997 ἐγκλημάτων
937 2909 1001 2996 ἤδη
1023 2906 1125 2994 ἀφίει.
1156 2909 1242 2992 φασδ
1307 2912 1308 2983 λ

226 3009 290 3100 γάρ
307 3009 370 3097 τὴν
384 3014 526 3097 δαίμονα
541 3009 669 3096 ταύτην
682 3008 722 3077 τά
737 3010 799 3097 μὲν
813 3010 898 3080 άλλα
907 3006 1055 3096 χαλεπὴν
1069 3005 1153 3074 εἶναι
1169 3021 1242 3085 τοῖς
1307 3088 1308 3103 χ

225 3115 354 3196 ἔχουσι,
380 3117 613 3193 παραιτεῖσθαι
631 3111 666 3174 δὲ
684 3116 752 3176 τῶν
770 3107 1015 3196 ἁμαρτημάτων
1029 3103 1153 3184 αὐτούς
1169 3103 1241 3172 ῶσ-
1307 3124 1308 3165 λ

223 3234 286 3294 περ
298 3209 503 3276 διδάσκαλον
517 3203 539 3293 ἢ
551 3210 766 3295 παιδαγωγὸν
780 3211 911 3277 τούτων
925 3207 1175 3292 ἀναδεχομένην
1190 3211 1241 3283 εἰς

223 3305 331 3394 αὐτὴν
345 3305 404 3386 τάς
421 3313 534 3386 αίτίας.

311 3413 406 3476 m.
433 3405 588 3492 Οὐκοῦν,
608 3401 634 3475 ῶ
646 3415 780 3494 Σίμων,
796 3404 1027 3494 ἡπαρασιτικὴ
1039 3408 1136 3491 τέχνη
1148 3407 1225 3473 ἐστί
1229 3433 1239 3484 3

306 3513 407 3574 ΠΛΡ.
433 3512 537 3595 Τέχνη
552 3507 635 3594 γάρ,
654 3505 746 3593 κάγῶ
762 3506 884 3591 ταύτης
900 3506 1111 3590 δημιουργός.
