2625 4092
234 234 294 336 56'
480 272 484 333 1
592 273 890 336 κονιικαον

233 456 414 520 μαρτυρων
429 452 527 501 τουτο
546 446 641 521 πάθη
655 460 720 515 τις,
738 433 811 501 ούτι
828 460 866 519 γε
881 437 917 502 ἐν
934 435 1144 521 τηλικούτοις
1156 435 1243 502 θεά-

232 558 339 617 τροις,
362 529 414 601 οἷα
433 532 476 600 σύ
494 538 593 622 διηγῇ
609 532 644 599 τό
665 532 797 619 Ἰσθμολ
809 536 863 601 καὶ
884 531 921 601 τό
939 538 977 602 ἐν
995 532 1166 622 Ὀλυμπίᾳ.
1201 532 1243 599 ού

232 628 302 716 μὴν
314 628 398 699 ἀλλά
413 628 492 709 τούς
506 635 566 715 μὲν
587 629 774 717 ἀγωνιστάς
786 638 962 715 οἰκτείρειν
978 660 1035 719 μοι
1050 639 1179 701 ἔπεισιν
1194 624 1243 700 ῶν

232 733 413 817 πάσχουσι,
437 739 505 797 τῶν
527 734 562 800 δὲ
583 740 717 800 θεατῶν
738 730 798 810 ούς
818 730 884 818 φὴς
905 731 1142 818 ἁπανταχόθεν
1163 730 1242 811 τούς

231 830 387 911 ἀρίστους
408 838 676 916 παραγίγνεσθαι
697 834 731 910 ἐς
746 828 804 909 τάς
826 831 1048 917 πανηγύρεις,
1074 832 1129 897 καί
1149 828 1242 897 πάνυ

162 936 209 995 89]
233 927 411 1014 θαυμάζω,
436 934 466 997 εί
479 928 665 1015 τάναγκαλα
686 932 844 1014 παρέντες
861 931 1079 1015 σχολάζουσιν
1100 929 1152 995 ἐπὶ
1175 940 1244 1005 τοῖς

114 1070 123 1089 .
231 1028 413 1105 τοιούτοις·
436 1024 515 1095 οὐδὲ
529 1025 594 1112 γάρ
610 1026 719 1095 ἐκεῖνό
730 1052 783 1095 πω
794 1029 941 1113 δύναμαι
953 1034 1176 1111 κατανοῆσαι,
1192 1022 1243 1094 ότι

232 1132 331 1193 τούτο
342 1122 489 1207 τερπνόν
498 1122 622 1207 αὐτοῖς,
632 1123 718 1205 ὁρῶν
726 1129 928 1209 παιομένους
937 1152 972 1191 τε
983 1126 1037 1191 καὶ
1047 1128 1243 1208 διαπληκτι-

233 1227 390 1308 ζομένους
411 1220 617 1306 ἀνθρώπους
637 1225 694 1293 καί
717 1221 801 1307 πρός
820 1220 883 1309 τὴν
907 1231 974 1309 γῆν
996 1220 1245 1309 ἀραττομένους

231 1320 287 1389 καί
300 1324 588 1408 συντριβομένους
602 1318 662 1389 ἀπ’
681 1319 845 1407 ἀλλήλων.

318 1469 367 1533 12.
384 1471 487 1531 ΣΟΛ.
510 1470 553 1533 Ec
566 1463 684 1548 καιρός
696 1457 757 1550 ἦν,
773 1455 801 1533 ἀ
813 1460 1003 1551 Ἀνάχαρσι,
1016 1461 1209 1547 Ὀλυμπίων
1224 1457 1245 1547 ἢ

227 1560 384 1647 Ἰσθμίων
399 1556 695 1649 ἦΠαναθηναίων,
710 1560 791 1631 αύτό
804 1561 847 1628 ἀν
860 1584 898 1629 σε
908 1558 945 1629 τό
959 1560 1163 1647 γιγνόμενον
1176 1560 1245 1626 ἐδί-

232 1664 348 1744 δαξεν,
366 1657 411 1739 ῶς
426 1659 468 1727 ού
481 1659 591 1746 μάτην
605 1661 860 1746 ἐσπουδάκαμεν
876 1662 928 1728 ἐπὶ
943 1660 1090 1736 τούτοις·
1120 1654 1163 1723 ού
1178 1656 1244 1742 γάρ
1296 1687 1297 1746 j

232 1752 322 1826 ούτω
340 1762 447 1844 λέγων
463 1756 507 1825 ἀν
528 1786 577 1836 τις
594 1759 834 1846 προσβιβάσειέ
846 1780 883 1827 σε
902 1765 942 1847 τῇ
962 1756 1067 1845 ἡδονῇ
1087 1761 1156 1823 τῶν
1178 1757 1246 1823 ἐκεί
1296 1755 1297 1772 ’

232 1856 432 1941 δρωμένων,
452 1854 495 1935 ῶς
510 1864 540 1925 εί
549 1857 773 1944 καθεζόμενος
784 1856 885 1935 αύτός
899 1859 937 1925 έν
947 1858 1059 1943 μέσοις
1073 1869 1142 1932 τοῖς
1156 1863 1244 1921 θεα-

230 1971 301 2034 ταῖς
316 1959 449 2043 βλέποις
463 1955 582 2042 ἀρετάς
593 1956 730 2044 ἀνδρῶν
739 1958 794 2027 καὶ
808 1956 912 2042 κάλλη
924 1954 1089 2043 σωμάτων
1099 1955 1156 2023 καί
1168 1951 1244 2021 εύε-

232 2057 301 2134 ξίας
316 2054 514 2142 θαυμαστάς
531 2058 586 2125 καί
607 2061 775 2145 ἐμπειρίας
798 2054 909 2135 δεινάς
924 2057 980 2123 καὶ
996 2051 1094 2139 ίσχύν
1113 2049 1245 2139 άμαχον

230 2154 286 2220 καὶ
307 2152 434 2239 τόλμαν
455 2156 509 2222 καὶ
527 2163 721 2242 φιλοτιμίαν
745 2157 800 2222 καί
824 2154 958 2240 γνῶμας
985 2150 1169 2239 ἀηττήτους
1189 2152 1244 2218 καί
1297 2197 1298 2200 =

231 2251 387 2341 σπουδὴν
408 2253 554 2343 άληκτον
574 2254 660 2341 ὑπὲρ
677 2263 734 2341 τῆς
756 2262 865 2340 νίκης·
900 2245 940 2321 εὖ
959 2252 1026 2339 γάρ
1041 2250 1081 2339 δη
1103 2250 1180 2321 οἶδα
1203 2248 1245 2330 ὡς
1297 2259 1298 2268 ³

232 2347 293 2421 ούκ
312 2347 355 2419 άν
370 2354 505 2421 ἐπαύσω
521 2359 669 2423 ἐπαινῶν
684 2358 739 2423 καί
753 2358 898 2440 ἐπιβοῶν
912 2354 967 2421 καὶ
981 2356 1178 2434 ἐπικροτῶν.

317 2500 366 2563 13.
389 2504 527 2567 ΑΝΑΧ.
556 2496 613 2583 Νὴ
632 2497 708 2582 Δί’,
730 2490 758 2565 ῶ
778 2495 916 2580 Σόλων,
946 2495 1002 2563 καί
1022 2496 1187 2578 ἐπιγελῶν
1208 2518 1245 2578 γε

231 2598 366 2677 προσέτι
378 2597 433 2664 καί
444 2598 683 2683 ἐπιχλευάζων·
698 2595 829 2664 ἅπαντα
836 2592 902 2681 γάρ
914 2592 1021 2662 ὁπόσα
1031 2594 1245 2678 κατηριθμή-

231 2710 279 2761 σω
295 2698 420 2779 ἐκείνα,
441 2694 499 2774 τάς
513 2693 634 2779 ἀρετάς
654 2693 781 2773 καὶτὰς
799 2692 925 2774 εύεξίας
940 2692 996 2761 καί
1008 2688 1049 2758 τά
1066 2692 1173 2775 κάλλη
1190 2692 1246 2760 καὶ

228 2795 372 2877 τόλμαν,
401 2790 470 2877 δρῶ
496 2791 635 2873 ούδενδς
656 2793 805 2880 μεγάλου
823 2795 921 2861 ἕνεκα
940 2787 1246 2877 παραπολλυμένας

230 2889 322 2976 ὑμῖν,
340 2890 418 2958 ούτε
429 2896 586 2979 πατρίδος
600 2891 866 2977 κινδυνευούσης
878 2889 955 2959 ούτε
967 2890 1076 2975 χώρας
1087 2900 1245 2972 πορθου-

230 2992 332 3075 μένης
353 2986 431 3057 ούτε
452 2997 561 3074 φίλων
582 2985 605 3078 ἢ
623 2997 756 3060 οίκείων
777 2989 860 3074 πρὸς
881 2986 1244 3076 ύβρινάπαγομένων.

232 3084 315 3154 ῶστε
329 3086 478 3176 τοσούτῳ
494 3089 697 3174 γελοιότεροι
712 3086 756 3158 ἀν
772 3087 853 3174 εἷεν,
869 3088 998 3173 άριοτοι
1012 3091 1092 3175 μέν,
1107 3085 1153 3167 ῶς
1164 3089 1245 3175 φής,

231 3183 339 3267 ὄντες,
361 3184 470 3270 μάτην
483 3187 519 3253 δὲ
535 3194 680 3255 τοσαῦτα
700 3188 882 3273 πάσχοντες
896 3189 951 3256 καί
966 3188 1246 3274 ταλαιπωρούμε-

160 3294 212 3351 892
232 3307 285 3350 υοι
306 3285 360 3350 καί
381 3284 595 3369 αίσχύνοντες
608 3284 648 3353 τά
667 3289 772 3375 κάλλη
789 3290 844 3355 καί
860 3286 900 3355 τά
916 3288 1043 3374 μεγέθη
1059 3294 1100 3373 τῇ
1116 3287 1246 3375 ψάμμῳ

230 3384 367 3459 καὶτοῖς
383 3379 562 3469 ὑπωπίοις,
587 3380 630 3462 ῶς
648 3386 760 3470 μήλου
774 3390 828 3455 καὶ
849 3394 985 3455 κοτίνου
1001 3389 1172 3473 ἐγκρατεῖς
1186 3390 1246 3472 γέ-

230 3502 346 3550 νοιντο
354 3482 557 3567 νικήσαντες.
570 3480 635 3571 ἡδύ
644 3484 710 3569 γάρ
720 3511 776 3570 μοι
785 3483 835 3552 ἀεὶ
844 3492 1036 3570 μεμνῆσθαι
1044 3492 1113 3552 τῶν
1122 3484 1245 3553 ἀθλωτ
