2625 4092
233 294 621 357 ΔΗΜΟΣΘΕΝΟΤΣ
642 296 923 357 ΕΓΚΩΜΙΟΝ.
1016 294 1079 357 383

69 458 259 544 Ἀθηναίων
280 456 482 533 Μακεδόνας
506 459 560 523 καὶ
587 462 654 523 νῦν
674 459 821 542 μετέχειν
842 447 899 542 τῆς
920 454 1081 541 ὑμετέρας

72 556 189 643 τύχης,
208 562 237 624 εί
251 553 332 641 μετὰ
348 558 613 640 Καλλιμέδοντος
628 555 684 622 καὶ
693 558 835 622 Πυθέου
849 558 904 622 καὶ
916 556 1081 641 Δημάδου

72 654 339 739 συνεταττόμην·
360 656 437 738 ἐξῆν
452 648 516 721 κάν
526 650 588 732 ’ἀψὲ
603 659 661 738 τῆς
674 652 774 739 τύχης
788 652 1079 738 μεθαρμόσασθαι,

72 759 104 820 εί
116 751 161 839 μη
174 750 234 831 τὰς
247 750 424 838 Ἐρεχθέως
437 755 627 835 θυγατέρας
642 755 698 818 καὶ
713 748 773 817 τόν
784 752 920 834 Κόδρον
938 755 1081 838 έπησχυ-

71 852 191 937 νόμην.
215 848 343 917 οὔκουν
358 843 514 937 ᾑρούμην
528 847 771 935 αὐτομολοῦντι
785 858 833 940 τῷ
847 856 980 937 δαίμονι
995 870 1082 934 συμ-

71 950 355 1037 μεταβάλλεσθαι·
389 946 493 1017 κοιλδν
517 947 581 1034 γὰρ
608 949 845 1035 κρησφύγετον
868 949 1018 1027 θάνατος
1044 952 1081 1017 ἐν

71 1046 245 1138 ἀκινδύνῳ
256 1044 379 1125 παντὸς
394 1054 531 1133 αἰσχροῦ
544 1051 714 1134 γενέσθαι.
737 1050 791 1113 καὶ
806 1054 889 1128 νῦν,
899 1044 1026 1133 Ἀρχία,
1041 1042 1079 1111 τό

72 1146 147 1213 κατ’
164 1144 308 1231 ἐμαυτόν
319 1144 360 1212 06
371 1145 579 1231 καταισχύνω
596 1142 654 1223 τὰς
668 1142 812 1231 Ἀθήνας
827 1149 984 1212 δουλείαν
995 1139 1081 1210 ἑκάν

74 1247 241 1329 ἑλόμενος,
257 1246 417 1327 ἐντάφιον
429 1244 465 1311 δὲ
476 1240 513 1311 τό
526 1244 704 1311 κάλλιστον
714 1239 776 1329 τὴν
788 1245 986 1325 ἐλευθερίαν
996 1267 1081 1325 προ-

72 1350 199 1427 έμενος.
222 1348 272 1412 47.
287 1340 371 1411 ἀλλά
387 1348 516 1411 δίκαιον
530 1343 611 1461 γάρ,
631 1348 711 1428 ἔφη,
734 1344 786 1409 σοί
802 1346 870 1409 τῶν
884 1344 1079 1430 τραγῳδιῶν
1099 1358 1149 1411 525

73 1432 377 1529 μνημονεύειν,
335 1468 376 1507 ου
390 1441 514 1527 σεμνόν
528 1468 565 1508 το
554 1437 700 1565 λεχθὲν
770 1475 772 1478 ’

448 1536 560 1625 ἡδὲ
578 1566 631 1605 και
622 1537 833 1624 θνήσκονσ’
853 1536 943 1624 ὅμως

100 1668 102 1676 ·
202 1636 330 1725 πολλὴν
346 1639 509 1724 πρόνοιαν
525 1636 609 1723 εἶχεν
625 1636 803 1757 εύσχήμως
809 1652 939 1705 πεσεῖν

72 1735 158 1822 κόρη
179 1738 373 1805 καὶταῦτα·
405 1737 627 1823 Δημοσθένης
648 1737 683 1803 δέ
703 1733 907 1856 εὐσχήμονος
928 1734 1082 1802 θανάτου

72 1841 151 1923 βίον
168 1849 343 1917 προκρινεῖ
355 1832 526 1921 ἀσχήμονα
546 1841 613 1901 τῶν
627 1834 858 1919 Ξενοκράτους
876 1861 932 1902 και
921 1835 1082 1903 Πλάτω-

72 1958 135 2011 νος
151 1928 234 2013 ὑπὲρ
253 1930 439 2010 ἀθανασίας
459 1930 570 2017 λόγων
591 1934 833 2019 έκλαθόμενος;
855 1938 914 2001 καί
931 1960 1008 1999 τινα
1028 1933 1082 1999 καὶ
1203 1988 1207 1995 .

74 2029 277 2109 πικρότερον
292 2034 383 2114 ἔλεγε
395 2032 574 2116 προαχθεὶς
588 2036 634 2109 είς
649 2028 729 2107 τούς
740 2044 811 2109 ταῖς
825 2029 938 2116 τύχαις
952 2034 1082 2117 ἐξυβρίτ

74 2134 199 2209 ζοντας.
223 2124 306 2195 ἀλλά
320 2134 355 2195 τί
362 2133 413 2194 δεῖ
424 2135 490 2195 νῦν
503 2130 613 2215 λέγειν
627 2132 686 2215 ἐμέ
690 2158 700 2209 3
721 2131 814 2207 τέλος
828 2126 858 2196 δ’
873 2132 955 2214 έμοῦ
965 2127 1004 2196 τά
1021 2130 1082 2215 μὲν

73 2228 254 2343 δεομένου,
280 2223 319 2291 τά
342 2222 372 2291 δ’
395 2224 629 2311 ἀπειλοῦντος,
658 2224 791 2312 ἁπαλὴν
812 2233 943 2311 μοῦσαν
965 2232 1082 2314 στερεᾷ

73 2324 317 2407 κεραννύντος,
341 2322 562 2409 Ἐπείσθηυ”
540 2352 582 2391 αν
590 2330 701 2411 ,δφη,
730 2325 858 2402 τούτοις
882 2321 1050 2409 Ἀρχίας”
1024 2349 1082 2407 ων,

74 2426 146 2491 έπει
162 2424 197 2491 δε
212 2426 436 2542 Δημοσθένης
453 2429 533 2525 είμί,
556 2425 766 2509 συγγίνωσκέ
780 2448 852 2508 μοι,
878 2450 903 2488 ω
892 2415 1082 2507 δαιμόνιε,

74 2550 121 2643 μη
136 2521 303 2606 πεφυκότι
319 2548 409 2613 κακςο
397 2526 592 2609 γενέσθαι
614 2528 665 2589 48
681 2523 755 2588 τότε
767 2520 808 2606 66
822 2520 895 2587 τότε
911 2518 995 2602 πρός
1006 2526 1083 2605 βίαν

74 2618 182 2688 αύτδν
198 2619 353 2688 ἀποσπᾶν
375 2590 592 2707 διενοούμην·
621 2616 723 2687 66’‘
702 2646 746 2697 ως
761 2617 902 2706 ᾔσθετο,
928 2613 1060 2705 δηλος
1039 2647 1083 2705 ην

74 2726 268 2805 καταγελῶν
289 2718 397 2787 καὶ
362 2746 424 2786 τον
439 2717 774 2806 θεόν’προσβλέψας,
794 2716 924 2785 Ἐοικεν
945 2715 1082 2803 Ἀρχίας,

78 2817 186 2901 εἶπεν,
208 2816 293 2885 όπλα
309 2819 396 2902 μόνα
411 2821 465 2886 καὶ
480 2821 624 2905 τριήρεις
634 2820 688 2887 καὶ
704 2825 792 2903 τείχη
810 2820 864 2885 καὶ
878 2818 1083 2899 στρατόπεδα

77 2918 239 3002 δυνάμεις
251 2916 334 2985 εἶναι
346 2920 400 2986 καὶ
414 2922 628 3006 κρησφύγετα
643 2932 714 2996 ταῖς
724 2914 953 2997 ἀνθρωπίναις
965 2930 1085 3001 ψυχαῖς

37 3041 42 3048 ’
76 3016 341 3102 ὑπολαμβάνειν,
358 3024 414 3102 τῆς
429 3021 449 3083 δ
453 3016 460 3039 ’
472 3020 549 3103 έμης
564 3023 774 3103 παρασκευῆς
790 3029 1026 3099 καταφρονεῖν,
1041 3011 1085 3100 66

76 3114 141 3183 οὐκ
155 3112 199 3181 ἀν
211 3120 374 3201 έλέγξειαν
386 3113 537 3201 Ἰλλυριοὶ
554 3119 608 3184 καὶ
622 3117 801 3203 Τριβαλλοὶ
816 3118 870 3183 καὶ
886 3116 1083 3193 Μακεδόνες
1102 3130 1153 3184 ολδ

77 3220 284 3302 ἐχυρωτέραυ
301 3210 323 3300 6
339 3215 475 3293 ξύλινόν
491 3241 569 3281 ποτε
586 3230 690 3301 τεῖχος
706 3213 801 3299 ἡμῖν,
822 3212 841 3281 6
856 3212 937 3292 θεός
954 3214 1085 3282 ἀνεῖλεν

77 3313 275 3400 ἀπόρθητον
293 3311 392 3379 εἶναι·
425 3309 504 3397 μεθ’
527 3306 566 3400 ἧς
586 3310 629 3379 ἀν
651 3321 707 3399 τῆς
724 3323 882 3395 προνοίας
902 3312 1006 3391 ἀδεῶς
1023 3313 1083 3398 μὲν

78 3412 361 3497 έπολιτευσάμην,
383 3408 475 3489 ἀδεὲς
490 3416 528 3479 δέ
541 3440 597 3499 μοι
614 3411 650 3479 τό
667 3411 750 3481 κατά
768 3414 980 3480 Μακεδόνων
995 3411 1083 3494 θόρ-

79 3534 155 3599 σος,
173 3516 308 3598 ἐμέλησε
323 3509 354 3579 δ’
371 3507 472 3579 οὐδὲν
488 3510 549 3579 ούκ
565 3509 793 3600 Εὐκτήμονος,
814 3509 875 3577 ούκ
889 3508 1084 3593 Ἀριστογεί-
