2625 4092
262 290 953 357 ΔΗΜΟΣΘΕΝΟΥΣΕΓΚΩΜΙΟΝ.
1050 294 1113 357 365

99 455 155 519 καί
166 454 339 529 πέπονθας
350 449 386 519 τό
399 460 460 519 τοῦ
471 449 531 519 τόν
543 450 679 538 δόλιχον
690 456 921 541 νενικηκότος,
933 454 970 535 ὃς
981 454 1045 543 ἤδη
1057 467 1114 526 λε·
1132 474 1184 529 493

98 552 262 637 λουμένος
276 549 338 636 τὴν
352 549 451 618 κόνιν
466 552 520 617 καὶ
534 548 571 618 τό
589 548 709 618 λοιπόν
722 559 779 637 τῆς
793 556 875 632 θέας
890 557 1114 642 ψυχαγωγού-

98 677 198 736 μενος
215 658 423 737 μυθολογεῖν
443 648 528 734 πρός
546 649 606 717 τόν
626 649 813 737 παλαιστὴν
835 656 1013 739 διενοεῖτο,
1042 656 1114 721 ἐπι-

99 750 202 828 δόξου
217 748 449 835 κληθήσεσθαι
461 756 519 837 τῆς
533 749 640 836 πάλης
655 749 772 837 οὔσης·
794 748 812 819 ὅ
828 749 879 836 δ’,
892 749 979 820 Ἀλλ’
993 754 1046 823 ἐπὶ
1056 760 1113 841 τῆς

99 852 257 935 βαλβῖδος
272 846 335 915 οὐκ
345 843 389 915 άν
401 848 630 934 ἐμυθολόγεις,
645 855 719 936 ἔφη.
742 853 809 919 Καὶ
822 848 866 919 σύ
879 850 921 938 δή
932 878 989 937 μοι
1004 858 1114 930 δοκεῖς

98 944 283 1033 νενικηκός
303 943 363 1014 τὸν
379 948 512 1033 δόλιχον
528 956 596 1015 τῶν
615 950 705 1015 ἐπῶν
722 951 894 1035 ἐντρυφᾶν
909 947 1008 1033 άνδρί
1023 950 1113 1035 μάλα

101 1042 144 1131 δὴ
160 1050 430 1130 κατορρωδοῦντι
445 1045 507 1133 την
522 1055 584 1114 τοῦ
599 1052 736 1114 σταδίου
752 1049 866 1133 τύχην.
891 1051 946 1116 καὶ
964 1046 1001 1127 ός
1014 1048 1116 1133 γελά-

99 1166 177 1228 σας,
203 1142 262 1223 Ὡς
282 1144 324 1231 δή
346 1166 400 1212 σοι
420 1152 454 1213 τί
467 1154 535 1213 τεόν
559 1144 724 1243 άπόρων,
740 1144 848 1232 εἶπεν,
874 1146 1114 1233 ἑργασόμενοςς

97 1248 128 1310 4.
147 1241 242 1323 Ἴσως
262 1246 345 1330 γάρ,
376 1250 478 1331 ἔφην,
507 1243 767 1332 ὁΔημοσθένης
787 1246 962 1323 ἐλάττονος
983 1238 1005 1331 ἢ
1029 1242 1111 1312 καθ’

98 1340 249 1429 Ὅμηρον
267 1342 355 1411 εἷναί
364 1365 417 1411 σοι
435 1345 541 1431 λόγου
555 1350 804 1429 καταφαίνεται.
827 1345 881 1409 καὶ
900 1341 944 1409 σύ
954 1346 1017 1429 μὲν
1029 1346 1112 1428 μέγα

98 1456 238 1527 φρονεῖς
250 1440 398 1529 Ὅμηρον
412 1446 603 1529 ἐπαινέσας,
622 1445 695 1528 ἐμοὶ
709 1444 745 1509 δὲ
761 1438 781 1508 ό
795 1443 1019 1527 Δημοσθένης
1035 1462 1112 1527 σμι-

98 1538 185 1621 κρόν
206 1544 260 1609 καὶ
276 1539 313 1608 τὰ
331 1546 451 1627 μηδέν;
473 1551 721 1626 Συκοφαντεῖς,
738 1545 813 1625 ἔφη.
843 1540 1112 1624 διαστασιάσαιμι

98 1636 130 1704 δ’
151 1635 212 1705 οὐκ
225 1634 472 1725 άντούςῆρως,
489 1644 519 1707 εί
528 1640 582 1705 καὶ
592 1644 717 1705 πλείων
729 1638 794 1723 εἰμὶ
804 1634 866 1722 τὴν
877 1638 1016 1722 γνώμην
1026 1636 1111 1720 πρὸς
1132 1654 1182 1708 494

95 1735 241 1822 Ὁμήρου
258 1737 425 1822 τετάχθαι.
446 1730 564 1821 Εὖγε,
581 1734 692 1805 εἶπον·
715 1740 744 1804 5.
760 1738 816 1822 ἐμὲ
831 1734 863 1801 δ’
878 1733 941 1803 ούκ
954 1731 999 1802 άν
1014 1744 1111 1821 νομί-

99 1842 166 1917 ζοις
183 1833 267 1919 πρὸς
281 1845 342 1904 τοῦ
356 1840 616 1921 Δημοσθένονς;
639 1831 723 1903 άλλᾶ
738 1837 812 1902 ἐπεί
822 1861 861 1920 γε
875 1832 920 1920 μὴ
937 1835 1040 1922 ταύτη
1051 1831 1112 1901 τὸν

99 1934 204 2019 λόγον
213 1931 378 2020 ἀτιμάζεις
393 1932 477 2001 κατά
488 1931 551 2019 τὴν
562 1930 747 2018 ὑπόθεσιν,
765 1938 868 2019 δῆλον
879 1932 923 2011 ύς
935 1932 998 2019 την
1013 1956 1113 2017 ποιη-

98 2031 196 2120 τικὴν
213 2040 312 2117 ἔργον
325 2031 390 2121 ἡγῇ
404 2032 528 2118 μόνον,
546 2029 625 2111 τούς
642 2034 679 2101 δὲ
692 2030 891 2120 ῥητορικοὺς
909 2032 1032 2117 λόγους
1048 2058 1111 2098 κα-

98 2146 278 2217 ταφρονεῖς
293 2130 437 2217 ἀτεχνῶς
458 2126 532 2199 οἷον
554 2128 675 2209 ἱππεύς
695 2129 785 2214 παρὰ
807 2132 924 2213 πεζούς
947 2129 1109 2199 ἐλαύνων.

100 2229 160 2317 Μὴ
178 2238 335 2317 μανείην,
359 2236 440 2317 ἔφη,
458 2230 563 2298 ταῦτά
579 2257 633 2316 γε,
649 2226 715 2298 κάν
729 2236 759 2299 εί
772 2237 895 2317 πολλῆς
910 2234 963 2298 δεῖ
974 2238 1031 2317 τῆς
1046 2256 1113 2317 μα-

99 2336 174 2409 νίας
188 2330 240 2396 ἐπὶ
250 2329 309 2407 τάς
320 2326 491 2416 ποιητικάς
505 2336 594 2399 ἰοῦσι
609 2330 729 2413 θύρας.
753 2340 820 2399 Δεῖ
829 2330 894 2415 γάρ
909 2356 960 2396 τοι
978 2332 1112 2406 καὶτοῖς

99 2429 342 2513 καταλογάδην,
361 2434 458 2515 ἔφην,
475 2432 598 2497 ἐνθέου
608 2426 699 2506 τινός
713 2431 896 2513 ἐπιπνοίας,
914 2433 944 2495 εί
953 2429 1110 2513 μέλλουσι

100 2524 143 2612 μὴ
163 2528 312 2593 ταπεινοὶ
328 2536 511 2611 φανεῖσθαι
526 2530 580 2595 καὶ
591 2526 724 2614 φαύλης
737 2530 925 2613 φροντίδος.
951 2523 1035 2593 Οἶδά
1047 2551 1110 2610 τοι,

98 2630 180 2709 ἔφη,
203 2616 229 2691 ά
250 2626 374 2710 ἑταῖρε,
398 2630 453 2693 καλ
472 2633 576 2713 χαίρω
591 2625 750 2704 πολλάκις
769 2624 882 2692 ἄλλων
897 2652 932 2691 τε
950 2623 990 2710 δη
1012 2632 1112 2708 λογο-

100 2730 209 2790 ποιῶν
226 2726 280 2790 καί
298 2723 338 2791 τά
354 2730 600 2811 Δημοσθένους
620 2723 719 2809 ε’γγύς
740 2732 809 2791 τῶν
825 2722 972 2810 Ὁμήρου
992 2729 1111 2807 τιθείς,

100 2816 174 2889 οἷον
189 2824 274 2906 λέγω
295 2820 357 2907 τὴν
372 2824 583 2909 σφοδρότητα
605 2825 660 2891 καὶ
677 2830 814 2907 πικρίαν
830 2826 883 2889 καί
906 2820 967 2890 τόν
983 2826 1111 2891 ἐνθου-

99 2918 260 3005 σιασμόν,
287 2922 342 2988 καὶ
361 2918 398 2988 τό
422 2924 484 3007 μὲν
503 2922 735 3007 ,,οίνοβαρλςίί
757 2921 840 3006 πρὸς
861 2918 919 3000 τάς
940 2928 1111 2990 Φιλίππου
1129 2933 1180 2989 495

99 3021 206 3105 μέθας
220 3020 274 3085 καὶ
296 3019 542 3105 κορδακισμοὺς
565 3023 620 3089 καὶ
637 3019 700 3108 τὴν
715 3020 908 3107 άσέλγειαν,
931 3019 970 3088 τό
987 3018 1018 3088 δ’
1040 3016 1112 3107 ,,είς

98 3116 219 3195 οίωνός
236 3116 393 3201 όέριστοςιι
408 3116 492 3203 πρὸς
506 3120 544 3187 τό
561 3126 636 3203 ,,δεῖ
647 3118 712 3205 γάρ
726 3117 806 3198 τούς
819 3117 972 3205 άγαθούς
986 3119 1112 3203 ἄνδρας

98 3214 157 3295 τάς
173 3214 305 3302 άγαθάς
322 3216 557 3301 ὑποθεμένους
573 3221 748 3303 ἐλπίδας,“
764 3219 819 3285 καὶ
832 3218 871 3286 τό

203 3308 225 3399 ἦ
240 3340 278 3381 κε
293 3311 366 3400 μέγ’
384 3315 534 3399 οίμιόξειε
549 3317 659 3400 ’γέρων
674 3315 840 3401 ἱππηλάτα
851 3314 984 3401 Πηλεύς

98 3408 183 3495 πρὸς
203 3412 242 3479 τό
259 3420 424 3499 ,,πηλίκον
438 3414 515 3481 ποτὲ
532 3410 575 3479 άν
589 3417 783 3494 στενάξειαν
805 3419 839 3482 οί
853 3413 973 3498 άνδρες
990 3418 1110 3483 ε’κεῖνοι

99 3515 134 3579 οί
155 3508 240 3595 ὑπὲρ
267 3513 365 3598 δόξης
386 3515 442 3581 καὶ
464 3515 658 3597 ἐλευθερίας
681 3513 968 3600 τελευτήσαντες.ξ“
1001 3538 1111 3594 παρα-
