2625 4092
449 284 746 343 ΜΑΚΡΟΒΙΟΙ.
1038 283 1097 344 201

95 439 185 519 ὅπως
195 444 255 507 τόν
267 451 351 508 νοῶν
363 441 522 527 ὑγιαίνει,
537 441 580 519 ὡς
591 440 670 520 τοὺς
683 441 837 522 δικαστὰς
851 442 982 529 τὸνμὲν
994 443 1099 528 ὑπερ·
1118 461 1168 514 227
1243 433 1247 444 Ι

96 542 287 625 θαυμάσαι,
308 549 604 626 καταψηφίσασθαι
620 543 656 608 δὲ
672 549 732 608 τοῦ
748 547 825 608 υίοῦ
844 539 948 606 αὐτοῦ
966 547 1097 626 μανίαν.

94 643 146 704 25.
165 646 329 723 Κρατῖνος
344 641 378 705 δὲ
396 638 413 704 ὁ
430 646 487 722 της
503 643 675 725 κωμῳδίας
690 635 827 723 ποιητής
844 635 923 704 ἑπτὰ
936 635 1018 718 πρὸς
1032 652 1100 714 τοῖς

93 739 294 821 ἐνενήκοντα
310 744 417 804 ἔτεσιν
438 739 570 823 ἐβίωσε,
596 737 651 803 καὶ
671 738 755 819 πρὸς
776 745 821 826 τῶ
838 742 921 802 τέλει
944 743 1004 802 τοῦ
1022 744 1099 822 βίον

93 835 230 912 διδάξας
244 833 305 918 τὴν
315 842 466 919 Πυτίνην
480 838 534 902 καὶ
551 834 686 919 νικήσας
700 832 770 920 μετ’
785 832 827 900 οὐ
838 835 924 901 πολὺ
937 835 1096 900 ἐτελεύτα.

93 934 148 999 καί
163 933 323 1017 Φιλήμων
338 936 374 999 δὲ
389 928 407 997 δ
421 929 565 1016 κωμικδς
580 929 762 1020 ὁμοίωςτῶ
779 938 932 1020 Κρατίνῳ
950 929 1029 997 ἑπτὰ
1045 932 1099 998 καὶ

92 1034 295 1116 ἐνενήκοντα
311 1038 366 1116 έτη
383 1028 477 1116 βιοὺς
494 1031 661 1097 κατέκειτο
679 1029 740 1114 μὲν
757 1032 808 1096 ἐπὶ
825 1037 939 1114 κλίνης
955 1028 1098 1114 ήρεμῶν,

90 1131 301 1214 θεασάμενος
330 1132 365 1196 δὲ
397 1128 479 1196 ὄνον
504 1127 544 1195 τά
571 1129 865 1211 παρεσκευασμένα
893 1124 981 1215 αὐτῶ
1013 1137 1098 1194 συκα

90 1233 311 1293 κατεσθίοντα
322 1225 455 1311 ὥρμησε
465 1229 527 1310 μὲν
537 1233 583 1303 εἰς
591 1230 727 1310 γέλωτα,
743 1227 883 1301 καλέσας
895 1225 930 1292 δὲ
941 1223 1001 1291 τδν
1011 1228 1099 1291 οίιιέ·

91 1327 218 1408 τηνιιαῖ
230 1322 295 1390 σῶν
311 1332 422 1413 πολλῶ
438 1328 492 1391 καὶ
506 1322 621 1414 ἀθρόῳ
637 1327 755 1409 γέλωτι
775 1324 876 1391 είπῶν
892 1329 1099 1405 προσδοῦναι

91 1429 136 1509 τῷ
149 1419 218 1511 ὄνῳ
228 1419 376 1502 ἀκράτου
386 1426 505 1508 ῥοφεῖν
514 1420 707 1506 ἀποπνιγεὶς
718 1419 783 1488 ὑπὸ
797 1429 857 1488 τοῦ
868 1425 1008 1506 γέλωτος
1018 1419 1092 1488 ἀπέ-

91 1530 188 1586 θανε.
213 1521 268 1587 καὶ
279 1517 472 1606 Ἐπίχαρμος
486 1523 522 1588 δὲ
534 1519 551 1588 ὁ
564 1529 620 1606 της
634 1523 807 1607 κωμῳδίας
822 1519 958 1605 ποιητής
970 1521 1024 1586 καὶ
1036 1518 1093 1586 αὐ·

90 1615 147 1693 τὸς
164 1616 365 1702 ἐνενήκοντα
382 1621 436 1686 καὶ
458 1617 537 1685 έπτά
555 1624 610 1703 ἔπη
628 1623 756 1704 λέγεται
771 1626 901 1704 βιῶναι.
932 1625 983 1686 26.
1002 1617 1094 1684 'Ava-

89 1717 200 1796 κρέων
225 1717 261 1781 δέ
290 1712 307 1781 δ
327 1723 395 1781 τῶν
414 1724 526 1801 μελῶν
550 1716 688 1802 ποιητής
710 1723 823 1802 ἔζησεν
843 1724 898 1804 έτη
919 1722 1017 1785 πέντε
1042 1719 1096 1783 καὶ
1116 1729 1168 1784 228

90 1810 315 1897 ὀγδοήκοντα,
332 1817 386 1881 καὶ
398 1822 600 1901 Στησίχορος
617 1817 652 1883 δὲ
669 1814 686 1882 ὁ
704 1813 879 1901 μελοποιὸς
894 1814 1006 1883 ταύτά.
1037 1824 1099 1882 Σι-

91 1915 239 1996 μωνίδης
255 1914 291 1978 δὲ
312 1911 330 1977 ὁ
346 1919 444 1992 Κεῖος
459 1912 544 1997 ὑπὲρ
559 1911 599 1980 τά
616 1915 823 2000 ἐνενήκοντα.
848 1919 897 1982 27.
915 1940 1099 1998 γραμματι-

89 2017 164 2076 κῶν
185 2011 221 2076 δὲ
240 2009 478 2098 Ἐρατοσθένης
493 2015 554 2100 μέν
574 2012 592 2081 ὁ
613 2015 753 2098 Ἀγλαοῦ
768 2022 974 2100 Κυρηναῖος,
997 2013 1038 2081 δν
1057 2012 1099 2080 οὐ

87 2108 200 2192 μόνον
214 2112 461 2195 γραμματικόν,
476 2109 559 2179 ἀλλά
575 2114 629 2178 καὶ
644 2111 786 2198 ποιητήν
802 2111 845 2180 ἀν
860 2140 908 2191 τις
922 2111 1098 2197 ὀνομάσειε

90 2206 147 2269 καὶ
163 2205 352 2288 φιλόσοφον
371 2210 426 2274 καὶ
441 2213 648 2294 γεωμέτρην,
671 2210 733 2276 δύο
748 2213 802 2276 καὶ
816 2207 1021 2295 ὀγδοήκοντα
1037 2203 1098 2279 οδ-

90 2329 147 2379 τος
162 2309 275 2388 ἔζησεν
290 2311 355 2390 ἔπη.
389 2312 439 2374 28.
457 2309 510 2374 καὶ
526 2314 723 2392 Λυκοῦργος
740 2309 775 2375 δὲ
792 2307 809 2375 δ
831 2315 1016 2395 νομοθέτης
1030 2319 1103 2377 τῶν

92 2404 365 2486 Λακεδαιμονίων
387 2406 484 2471 πέντε
504 2407 557 2473 καλ
580 2405 786 2492 ὀγδοήκοντα
813 2414 867 2492 ἔπη
892 2415 982 2492 ζῆσαι
1007 2413 1097 2476 ίστο-

90 2513 204 2579 ρεῖται.

176 2603 227 2664 29.
247 2599 435 2678 Τοσούτους
449 2604 663 2687 ἐδυνήθημεν
677 2609 832 2688 βασιλέας
847 2608 900 2670 καὶ
916 2612 1096 2674 πεπαιδευ-

90 2698 214 2780 μένους
226 2696 400 2782 ἀθρσῖσαι·
422 2702 491 2766 ἐπεὶ
506 2703 541 2766 δὲ
557 2699 748 2787 ὑπεσχόμην
760 2705 814 2770 καὶ
824 2702 991 2787 Ῥωμαίων
1005 2705 1098 2783 τινάς

89 2797 145 2862 καί
160 2805 229 2862 τῶν
243 2795 303 2882 τήν
316 2796 454 2866 Ἰταλίαν
468 2800 676 2883 οἰκησάντων
691 2809 882 2887 μακροβίων
894 2799 1097 2888 ἀναγράψαι,

85 2896 230 2973 τούτους
246 2919 315 2981 σοι,
333 2905 427 2964 θεῶν
436 2901 669 2984 βουλομένων,
685 2900 839 2982 ίερῶτατε
855 2907 1045 2985 Κυίντιλλε,
1061 2907 1097 2969 έν

85 2992 178 3083 ἀλλςο
194 2997 388 3081 δηλώσομεν
404 2998 502 3083 λόγῳ.

493 3247 696 3255 ...n-mm·-
