2625 4092
332 271 598 329 ETAIPIKOI
615 273 873 333 ΔΙΛΛΟΓΟΙ.
1040 273 1102 336 265

99 430 161 514 μέν
175 429 235 497 τόν
249 431 422 517 βάρβαρον
438 430 626 515 ἐπιχρύσοις
643 446 710 508 τοῖς
726 430 856 517 ὅπλοις,
873 438 978 518 μέγαν
996 439 1032 501 δὲ
1048 437 1101 502 καί

98 526 249 614 φοβερόν
258 527 338 594 ὅντα
349 527 409 595 τὸν
421 529 530 613 λόφον
541 529 595 595 καὶ
606 533 829 613 κραδαίνοντα
840 529 901 617 τὴν
911 535 1035 618 λόγχην
1051 587 1057 596 .
1071 588 1076 598 .
1091 586 1098 600 .

182 631 289 694 ΧΗΝ.
313 622 414 709 Κόγιδ
436 630 544 693 ἔδεισα
567 625 659 708 τότε,
682 618 708 692 ὦ
728 626 900 712 Λεόντιχε,
923 627 1101 696 καὶοίσθα

98 721 142 801 ὡς
166 724 300 809 εἰχόμην
321 743 383 790 σου
404 722 561 810 δεόμενος
582 722 626 809 μὴ
648 726 945 805 προκινδυνεύειν·
977 725 1099 812 ἀβίωτα

98 820 163 907 γὰρ
179 820 266 888 εἷναί
277 846 333 907 μοι
350 827 415 888 σοῦ
424 819 661 898 ,ἀποθανόντος

183 925 211 987 3.
236 926 400 988 ΛΕΟΝΤ.
427 917 513 1014 Ἀλλ’
539 918 602 1004 ἐγώ
622 922 986 1007 τολμησαςπαρηλθον
1009 925 1041 1000 ἐς
1062 920 1098 989 τό

96 1022 199 1102 μέσον
225 1014 266 1085 ού
290 1033 401 1104 χεῖρον
426 1025 486 1085 τοῦ
511 1017 737 1103 Παφλαγόνος
760 1016 981 1104 ὡπλισμένος,
1015 1018 1096 1087 ιἰλλέ

94 1117 286 1201 πάγχρυσος
300 1117 354 1183 καὶ
370 1114 484 1200 αὐτός,
508 1114 590 1184 ὥστε
604 1112 667 1201 βοὴ
686 1112 792 1193 εὐθὺς
807 1117 935 1200 ἐγένετο
949 1118 1003 1184 καὶ
1017 1115 1096 1199 παρ’

96 1213 191 1301 ἡμῶν
205 1215 259 1282 καί
279 1214 368 1298 παρὰ
388 1222 456 1282 τῶν
476 1215 658 1302 βαρβάρων
665 1241 676 1266 ·-
696 1215 883 1299 ἐγνώρισαν
897 1215 961 1299 γόρ
978 1241 1018 1300 με
1035 1214 1099 1282 τιό·

94 1329 200 1382 κεῖνοι
220 1313 347 1392 ἰδόντες
367 1311 430 1381 ιῖπδ
452 1321 508 1400 τῆς
525 1316 642 1400 πέλτης
664 1316 804 1400 μάλιστα
827 1315 967 1383 καὶτῶν
988 1315 1098 1399 φαλό·

94 1439 166 1495 ρων
180 1414 234 1479 καὶ
248 1419 308 1480 τοῦ
323 1413 440 1498 λόφου.
466 1415 550 1497 εἰπέ,
567 1407 761 1499 ὦΧηνίδα,
766 1421 830 1482 τίνι
841 1438 881 1500 με
892 1415 967 1480 τότε
978 1414 1099 1492 πάντες

96 1517 241 1593 εἰκαζον;

178 1617 288 1680 ΧΗΝ.
316 1617 388 1679 Τίνι
410 1612 444 1679 δε
465 1611 593 1701 ἄλλῳ
572 1639 592 1698 η
607 1609 744 1696 Ἀχιλλεῖ
763 1638 805 1696 νη
822 1617 887 1678 Δία
903 1637 946 1700 τῳ
936 1616 1099 1691 Θέτιδος

92 1711 149 1779 καὶ
163 1713 314 1798 Πηλέως;
334 1709 440 1838 ηὕτῳς
453 1715 576 1791 ἔπρεπέ
592 1716 653 1796 μέν
671 1733 724 1777 σοι
739 1709 759 1796 ἡ
777 1712 896 1795 κόρυς,
914 1737 936 1796 η
922 1707 1098 1839 φοινικὶς
1115 1723 1165 1784 31²

95 1812 132 1879 δέ
147 1813 286 1896 ἐπήνθει
301 1811 355 1877 ιιαι
370 1837 390 1894 η
407 1812 538 1896 πέλτη’
521 1810 732 1894 εμιὶρμαιρεν
938 1838 941 1843 ·

179 1914 343 1976 ΛΕΟΝΤ.
363 1906 446 1974 Ἐπεὶ
467 1911 502 1973 δὲ
519 1910 740 1992 συνέστημει,
761 1904 965 1993 ὁβάρβαρος
978 1906 1099 1987 πρότε-

95 2033 154 2089 ρος
163 2027 333 2087 τιτρωσκει
342 2032 382 2091 με
392 2003 535 2090 ολιγον
515 2026 596 2072 οσον
605 2004 790 2083 ἐπιψαύσας
798 2001 1098 2092 τῳδόρατιμιιιρδν

96 2101 181 2186 ὑπὲρ
201 2102 237 2169 τὸ
260 2097 362 2189 γόνυ,
390 2101 454 2188 ἐγώ
472 2102 508 2170 δὲ
529 2104 682 2180 διελάσας
704 2099 764 2188 τὴν
784 2099 906 2170 ἀσπίδα
922 2104 1099 2190 τῇ-σαρίση

95 2207 182 2268 παίό)
197 2199 340 2286 διαμπὰξ
356 2204 389 2279 ἐς
408 2200 444 2267 τό
461 2203 614 2283 στέρνον.
636 2198 694 2268 εἶτ’
718 2198 909 2286 ἐπιδραμὼν
923 2199 1099 2282 ἀπεδειρο-

96 2299 223 2384 τόμησα
244 2306 282 2388 τῇ
303 2301 420 2386 σπάθη
436 2301 556 2387 ῥᾳδίως
574 2299 626 2366 καὶ
643 2298 683 2365 τὰ
700 2296 786 2367 ὅπλα
803 2305 887 2384 ἔχων
905 2301 1098 2385 ἐπανῆλθον

95 2396 164 2483 ἅμα
180 2399 233 2466 καί
253 2396 315 2483 τὴν
332 2395 482 2483 κεφαλὴν
504 2400 556 2465 ἐπὶ
571 2405 627 2483 τῆς
639 2404 776 2483 σαρίσης
795 2411 983 2482 πεπηγυῖαν
1001 2405 1097 2483 κομί-

95 2501 160 2574 ζων
177 2502 373 2579 λελουμένος
389 2503 432 2584 τῳ
448 2496 551 2583 φόνῳ.

179 2597 208 2660 4.
227 2601 336 2662 YMN.
352 2594 493 2679 Ἄπαγε,
509 2587 718 2678 τόΛεόντιχε,
734 2590 834 2678 μιαροὶ
847 2600 949 2658 ταῦτα
964 2595 1018 2658 καὶ
1032 2618 1097 2676 φο-

93 2685 176 2775 βερὰ
195 2693 268 2772 περὶ
289 2698 414 2758 σαυτοῦ
433 2698 547 2779 διηγῇ,
575 2693 629 2758 καὶ
644 2688 707 2757 οόιι
725 2685 768 2756 ἄν
784 2695 883 2756 ἔτισε
900 2687 979 2755 οὐδὲ
996 2715 1096 2773 προς·
1114 2757 1117 2762 ,

93 2787 228 2871 βλέψειέ
237 2813 287 2865 τις
301 2786 388 2855 ούτοι
402 2796 557 2874 χαίροντα
573 2797 618 2879 τῳ
633 2789 768 2878 λύθρῳ,
785 2785 845 2872 οὐχ
859 2785 949 2862 ὅπως
960 2794 1097 2871 συμπίοι

92 2880 115 2970 ἢ
131 2894 382 2972 συγκοιμηθείη.
406 2895 510 2974 έγῳγε
527 2881 592 2955 οὖν
606 2886 729 2972 ἄπειμι.
1075 2941 1078 2945 -

178 2990 343 3051 AEONT.
365 2988 554 3055 Διπλοὶσιον
570 2985 717 3071 ἀπόλαβε
732 2984 767 3052 τό
785 2992 952 3070 μίσθωμα.
1033 3047 1037 3052 .

179 3089 289 3152 YMN.
315 3081 387 3153 Οὐκ
402 3079 445 3152 δν
460 3081 672 3172 ὑπομείναιμι
685 3081 886 3173 ἀνδροφόνῳ
902 3087 1093 3169 συγκαθεύ-

93 3186 174 3248 δειν.

178 3287 341 3348 ΛΕΟΝΤ.
377 3281 436 3368 Μὴ
465 3287 591 3365 δέδιθι,
622 3275 646 3347 ὦ
670 3244 780 3366 Ὑμνί·
806 3242 1100 3366 ἐνΠαφλαγόσιν

93 3382 203 3464 ἐκείνοι
218 3383 416 3466 πέπρακται,
433 3388 498 3448 νῦν
514 3381 549 3449 δὲ
565 3382 702 3467 εἰρήνην
715 3379 795 3466 ἄγω.

179 3483 289 3546 YMN.
310 3475 395 3547 Ἀλλ’
409 3475 527 3563 ἐναγὴς
542 3477 722 3560 ἅνθρωπος
734 3477 777 3562 εἷ,
794 3480 848 3546 nal
858 3475 895 3545 τό
908 3473 988 3564 αἷμα
1000 3483 1095 3548 ιιιιτέ-ι
