2625 4092
227 287 288 351 166
586 293 872 351 ΛΟΤΚΙΛΝΟΤ

224 449 349 532 τάξειν,
366 451 446 535 μήτε
462 448 595 535 ἡλικίαν
607 458 669 515 τοῦ
684 453 838 535 λέγοντος
849 449 979 533 ὁρῶντα
994 452 1074 538 μήτε
1090 450 1151 518 τόν
1167 451 1229 519 ἀλ·

225 555 286 615 λον
299 554 375 634 βίον
386 548 467 634 μήτε
477 546 539 633 τὴν
553 550 591 615 ἐν
604 562 672 624 τοῖς
687 549 799 632 λόγοις
813 544 1001 633 ἀγχίνοιαν·
1024 547 1091 638 ὅσφ
1102 548 1167 634 γάρ
1180 576 1231 626 τις
1306 547 1307 630 J

224 646 470 730 πιθανώτερος,
494 647 642 734 τοσούτῳ
661 646 909 730 ἐπιμελεστέρας
924 650 1026 714 δεῖται
1041 654 1097 732 τῆς
1115 649 1231 726 ἐξετύ-

224 764 314 822 σειος.
345 739 386 809 ού
401 747 454 812 δελ
468 753 584 811 τοίνυν
599 745 769 812 πιστεύειν
786 743 940 831 ἀλλοτρίᾳ
956 750 1077 828 κρίσει,
1098 751 1233 829 μᾶλλον

225 840 260 908 δὲ
283 849 371 924 μίσει
390 848 451 908 τοῦ
473 849 753 929 κατηγοροῦντος,
781 837 854 909 ἀλλ’
877 841 982 930 ἑαυτῷ
1004 839 1064 927 τὴν
1081 844 1232 921 ἐξέτασιν

175 954 177 957 ’
225 943 413 1023 φυλακτέον
426 945 483 1025 τῆς
496 937 671 1026 ἀληθείας,
695 938 864 1006 ἀποδόντα
880 941 935 1006 καὶ
950 947 996 1028 τῷ
1014 940 1231 1025 διαβάλλοντι

224 1036 284 1106 τόν
298 1039 435 1123 φθόνον
449 1042 503 1107 καί
516 1043 552 1107 ἐν
564 1049 701 1129 φανερῷ
711 1038 937 1124 ποιησόμενον
949 1036 1009 1106 τόν
1024 1045 1156 1124 ἔλεγχον
1170 1044 1232 1122 τῆς
1307 1077 1308 1084 1

223 1139 380 1220 ἑκατέρου
394 1140 556 1216 διανοίας.
574 1142 628 1206 καὶ
643 1153 752 1224 μισεῖν
766 1136 855 1204 ούτω
870 1139 925 1205 καὶ
939 1134 1072 1222 ἀγαπᾶν
1092 1134 1151 1204 τόν
1170 1141 1230 1204 δε-

159 1248 201 1303 161
224 1237 478 1322 δοκιμασμένον.
502 1237 581 1319 πρὶν
592 1238 628 1304 δὲ
639 1244 738 1303 τοῦτο
750 1244 885 1322 ποιῆσαι
896 1239 933 1305 ἐκ
943 1244 1000 1323 τῆς
1010 1236 1140 1322 πραότης
1151 1239 1231 1304 δια-

222 1339 323 1419 βολῆς
339 1336 575 1418 κεκινημένον,
590 1332 779 1417 Ἡράκλεις,
803 1330 847 1413 ὡς
862 1340 1077 1420 μειρακιῶδες
1096 1335 1151 1402 καὶ
1167 1360 1232 1400 τα·
1307 1419 1308 1430 ¹

96 1439 99 1444 ’
222 1427 341 1495 πεινόν
355 1431 408 1497 καὶ
423 1433 558 1498 πάντων
574 1429 633 1516 οὐχ
650 1431 766 1517 ἥκιστα
781 1430 908 1500 ἄδικον.
930 1438 982 1499 32.
998 1429 1080 1500 ἀλλά
1096 1431 1228 1498 τούτων

221 1525 382 1597 ἀπόντων
395 1539 519 1615 αίτιον,
537 1529 619 1615 ὅπερ
635 1535 671 1598 ἐν
687 1529 770 1619 ἀρχῇ
786 1537 929 1618 ἔφημεν,
947 1529 969 1618 ἡ
984 1531 1103 1617 ἀγνοια
1118 1533 1175 1599 καὶ
1190 1530 1227 1597 τό

222 1629 259 1694 ἐν
273 1629 381 1718 σκότφ
395 1653 462 1696 πον
479 1627 564 1697 εἶναι
579 1627 638 1696 τόν
654 1630 794 1696 ἕκαστον
811 1630 953 1711 τρόπον·
977 1627 1020 1707 ὡς
1038 1640 1070 1698 εί
1080 1655 1118 1714 γε
1132 1635 1227 1696 θεῶν

222 1751 269 1804 τις
284 1722 531 1807 ἀποκαλύψειεν
542 1725 638 1812 ἡμῶν
649 1725 727 1805 τούς
738 1733 843 1814 βίους,
858 1739 981 1813 οἴχοιτο
993 1723 1037 1794 ἀν
1051 1727 1226 1813 φεύγουσα

221 1827 254 1903 ἐς
268 1822 305 1892 τό
317 1826 495 1911 βάραθρον
506 1823 527 1912 ἡ
540 1825 678 1912 διαβολὴ
692 1827 804 1911 χώραν
818 1825 881 1894 ούκ
897 1834 1034 1914 ἔχουσα,
1051 1824 1094 1904 ὦς
1108 1823 1153 1892 ἀν
1164 1851 1226 1892 πε-

221 1925 441 2008 φωτισμένων
453 1930 522 1990 τῶν
538 1926 744 2008 πραγμάτων
759 1923 825 1991 ὑπό
843 1932 899 2010 τῆς
915 1923 1081 2011 ἀληθείας.

227 2319 715 2389 ΨΕΤΔΟΛΟΓΙΣΤΗΣ
742 2329 777 2383 Η
800 2321 938 2388 ΠΕΡΙ
964 2321 1078 2388 ΤΗΣ
1101 2323 1227 2388 ΑΠΟ-

287 2427 293 2438 “
367 2437 589 2505 ΦΡΑΔΟΣ
613 2437 754 2504 ΚΑΤΑ
784 2437 1080 2504 TIMAPXOT.
1309 2435 1310 2460 δ

306 2602 333 2665 l.
360 2593 446 2666 Ἀλλ’
474 2593 524 2662 ὅτι
551 2596 613 2679 μὲν
638 2592 769 2680 ἠγνόεις
790 2593 936 2681 τοῦνομα
960 2592 1021 2680 την
1043 2593 1225 2678 ἀποφράδα

155 2711 203 2767 162
221 2701 323 2761 παντί
335 2719 402 2760 που
418 2698 530 2778 δῆλον.
560 2698 630 2770 πῶς
644 2690 709 2776 γάρ
730 2686 773 2758 ἀν
789 2689 870 2780 ᾐτιῶ
889 2692 1063 2780 βάρβαρον
1083 2691 1171 2759 εἷναί
1184 2719 1224 2778 με

219 2790 281 2879 τὴν
301 2790 420 2877 φωνὴν
442 2790 492 2857 ἐπ’
508 2788 613 2876 αύτῷ,
641 2789 775 2856 εἰπόντα
797 2785 880 2872 ὑπὲρ
902 2797 965 2855 σού
989 2786 1033 2866 ἀς
1052 2787 1226 2874 ἀποφράδι

220 2889 334 2976 ὅμοιος
349 2900 416 2976 είης
434 2929 470 2939 -
486 2887 546 2957 τὸν
560 2886 624 2974 γάρ
639 2889 766 2969 τρόπον
780 2907 844 2952 σου
859 2884 979 2973 νηΛία
993 2890 1160 2973 μέμνημαι
1177 2896 1225 2956 εί-

220 2989 323 3066 κάσας
338 2997 378 3077 τῇ
398 2987 534 3075 τοιαύτη
549 2986 655 3074 ἡμέρᾳ
675 3027 712 3036 -
732 2982 817 3069 εἰμὴ
835 2989 888 3052 καὶ
909 2987 1119 3054 παντάπασιν
1140 2986 1227 3073 ἀνή-

219 3112 297 3164 κοος
310 3078 401 3173 ἦσθα
415 3092 477 3154 τού
490 3085 669 3171 όνόματοςς
690 3081 753 3169 ἐγώ
770 3082 879 3170 δὲτὴν
893 3085 954 3168 μὲν
965 3083 1145 3171 ἀποφράδα
1161 3085 1181 3152 ό
1195 3114 1227 3153 τι

219 3188 273 3253 καί
289 3183 444 3271 βούλεται
459 3181 543 3250 εἶναι
557 3184 678 3262 διδάξω
693 3203 730 3248 σε
746 3181 867 3267 μικρὸν
882 3181 1039 3266 ὕστερον·
1062 3182 1100 3251 τό
1116 3185 1152 3252 δὲ
1162 3193 1227 3250 τοῦ

216 3279 406 3370 Ἀρχιλόχου
421 3285 527 3349 ἐκεῖνο
541 3281 604 3368 ἤδη
620 3301 673 3348 σοι
689 3287 790 3366 λέγω,
813 3279 864 3348 ότι
879 3285 1007 3366 τέττιγα
1022 3288 1083 3348 τοῦ
1097 3289 1225 3364 πτεροῦ

219 3388 439 3465 συνείληφας,
461 3387 552 3462 είπερ
569 3379 644 3446 τινά
665 3378 806 3464 ποιητὴν
825 3381 956 3467 ίάμβων
969 3377 1103 3456 ἀκούεις
1115 3376 1226 3464 '‘102⁶'-

218 3486 334 3560 λοχον,
360 3477 491 3559 Πάριον
510 3475 547 3542 τό
567 3481 680 3556 γένος,
706 3477 813 3558 ἀνδρα
829 3482 948 3563 κομιδῇ
969 3477 1152 3559 ἐλεύθερον
1167 3481 1224 3543 καὶ
