2625 4092
225 311 267 376 54
578 316 881 376 AOYKIANOY

225 472 375 562 ὠφέλιμα
393 478 447 543 καὶ
463 472 605 558 τερπνά,
621 473 678 559 ἐμὲ
692 477 728 542 δὲ
743 473 777 541 εί
787 502 836 553 τις
850 472 948 559 ὑμῶν
962 477 1095 542 τοιοῦτό
1112 502 1144 542 τι
1161 481 1237 542 δια-

224 578 319 659 θείη,
341 582 461 641 είσεται
479 570 523 651 ὡς
538 570 580 639 οὐ
599 572 709 658 μάτην
723 572 964 659 παρεζώσμεθα
979 572 1041 641 τόν
1055 571 1235 660 ἀκινάκην.
1299 571 1300 580 ’

100 677 108 681 “
226 672 254 739 7.
274 664 358 754 ἀτάρ
373 673 446 738 εἰπέ
457 694 532 755 μοι,
548 674 583 735 τί
590 666 698 753 ὄνομα
709 674 833 737 ἔθεσθε
847 684 915 749 τοῖς
928 676 1156 758 γιγνομένοις,
1172 667 1240 757 ῆτί

98 816 102 823 1
226 774 344 854 φῶμεν
360 781 468 836 ποιεῖν
484 764 622 845 αὐτούς·

309 898 411 961 ΣΟΛ.
427 889 540 979 Ομὲν
550 918 656 979 χωρας
666 919 783 977 αυτος,
800 921 825 961 ω
840 892 1030 982 Ἀνάχαρσι,
1044 895 1238 982 γυμνάσιον
1299 923 1301 990 η

225 990 287 1080 ὑφ’
311 992 407 1080 ῆμων
425 990 621 1079 ὀνομάζεται
642 994 698 1061 καὶ
717 999 806 1062 ἔστιν
827 994 922 1081 ίερὸν
945 993 1153 1075 ’Λπόλλωνος
1174 1002 1238 1062 τοῦ

225 1098 390 1162 Λυκείου·
412 1089 516 1160 καὶ
481 1119 517 1159 το
530 1090 662 1179 άγαλμα
674 1090 764 1160 δὲ’
722 1100 827 1161 αυτοῦ
838 1091 930 1184 ὁρᾷς,
944 1092 1006 1162 τόν
1017 1097 1068 1163 ἐπὶ
1079 1121 1120 1184 τη
1106 1094 1238 1182 στήλη

225 1192 440 1276 κεκλιμένον,
461 1198 501 1278 τῆ
524 1187 738 1279 ἀριστερᾷμὲ
739 1218 759 1258 ν
779 1188 816 1259 τό
837 1191 934 1273 τόξον
948 1198 1082 1279 έχοντα,
1106 1190 1237 1279 ῆδεξιά

225 1291 262 1359 δὲ
276 1286 361 1374 ὑπὲρ
375 1296 433 1372 τῆς
447 1295 593 1375 κεφαλῆς
612 1286 885 1376 ἀνακεκλασμένη
903 1288 1015 1377 ὥσπερ
1031 1294 1067 1359 ἐκ
1082 1291 1239 1375 καμάτου
1299 1311 1300 1320 ’

225 1394 357 1474 μακροῦ
374 1384 634 1473 ἀναπαυόμενον
651 1392 802 1456 δείκνυσι
815 1386 876 1455 τόν
890 1390 985 1457 θεόν.
1017 1396 1048 1459 8.
1063 1397 1133 1455 των
1147 1414 1238 1473 γυμ-

225 1485 405 1571 νασμάτων
419 1484 455 1554 δὲ
465 1486 596 1551 τούτων
609 1482 646 1552 τό
661 1486 724 1569 μὲν
738 1487 775 1552 έν
787 1494 834 1573 τῷ
845 1494 939 1576 πηλῷ
950 1489 1056 1555 έκεῖνο
1072 1487 1162 1571 πάλη
1174 1513 1238 1553 κα-

226 1591 339 1667 λεῖται,
355 1586 389 1651 οί
400 1578 432 1650 δ’
447 1586 483 1650 έν
496 1589 536 1671 τῆ
548 1581 640 1649 κόνει
651 1589 829 1651 παλαίουσι
840 1586 896 1652 καὶ
906 1582 1012 1670 αὐτοί,
1025 1581 1063 1653 τό
1075 1584 1112 1652 δὲ
1123 1590 1239 1652 παίειν

226 1678 391 1765 ἀλλήλους
406 1678 621 1766 ὀρθοστάδην
636 1682 892 1766 παγκρατιάζειν
905 1686 1055 1769 λέγομεν.
1079 1685 1134 1750 καλ
1150 1680 1239 1751 άλλα

226 1780 262 1847 δὲ
282 1776 362 1866 ῆμίν
381 1782 449 1849 ε’στι
466 1779 636 1865 γυμνάσια
652 1786 790 1847 τοιαῦτα
811 1788 944 1867 πυγμῆς
965 1782 1020 1849 καὶ
1040 1784 1160 1849 δίσκον
1182 1782 1239 1848 καί
1299 1821 1300 1828 1

225 1884 287 1944 τοῦ
300 1873 560 1963 ὑπεράλλεσθαι,
575 1868 625 1943 όν
635 1874 795 1943 ἁπάντων
805 1874 938 1962 ἀγῶνας
951 1884 1165 1962 προτίθεμεν,
1182 1880 1238 1945 καλ

225 1972 243 2042 ὁ
257 1975 421 2061 κρατήσας
435 1973 568 2061 ἀριστος
579 1972 664 2043 εἶναι
675 1979 770 2042 δοκεῖ
780 1983 849 2042 τῶν
859 1974 939 2043 καθ’
953 1972 1059 2044 αὑτὸν
1069 1991 1124 2043 καί
1136 1982 1238 2043 ἀναι-

227 2086 330 2156 ρεῖται
346 2069 386 2140 τά
402 2064 501 2140 ἀθλα.

155 2213 209 2272 Μ
311 2206 341 2267 9.
359 2206 493 2268 ΑΝΑΧ.
518 2196 566 2267 Τά
584 2198 620 2267 δὲ
635 2192 725 2267 ἀθλα
739 2206 814 2267 τίνα
828 2194 909 2285 ὑμῖν
923 2198 1028 2266 ταῦτά
1041 2200 1149 2280 ἐστιν;

311 2318 413 2380 ΣΟΛ.
433 2308 628 2398 Ὀλυμπίασι
642 2310 705 2397 μὲν
718 2314 882 2397 στέφανος
892 2314 928 2378 ἐκ
942 2317 1094 2396 κοτίνου,
1108 2310 1239 2397 Ἰσθμοῖ

227 2411 263 2480 δὲ
278 2414 314 2479 ἐκ
328 2418 459 2496 πίτυος,
476 2413 513 2478 ἐν
523 2413 638 2501 Νεμέᾳ
653 2412 690 2479 δὲ
706 2417 849 2479 σελίνων
862 2413 1103 2496 πεπλεγμένος,
1119 2419 1239 2479 Πυθοῖ

226 2507 263 2577 δὲ
277 2516 365 2596 μῆλα
380 2535 448 2577 τον
461 2514 564 2596 ίεροῖν
579 2516 640 2577 τοῦ
654 2517 757 2595 θεοῦ,
780 2507 860 2595 παρ’
876 2506 957 2597 ἡμῖν
977 2510 1013 2578 δὲ
1032 2524 1101 2589 τοῖς
1114 2516 1238 2577 Πανα-

224 2614 381 2695 θηναίοις
390 2604 427 2675 τὰ
440 2614 552 2677 ἔλαιον
562 2606 599 2677 τό
612 2613 648 2678 ἐκ
659 2618 717 2696 τῆς
727 2617 854 2696 μορίας.
876 2617 911 2678 τί
918 2612 1084 2696 ἐγέλασας,
1098 2602 1238 2677 dumi-

147 2704 151 2723 '
226 2728 339 2794 χαρσις
359 2703 381 2794 ή
395 2706 479 2775 διότι
493 2708 595 2793 μικρά
611 2727 664 2774 σοι
680 2705 765 2775 εἶναι
779 2716 882 2775 ταῦτα
896 2713 1004 2789 δοκεῖς

310 2841 449 2902 ΑΝΑΧ.
472 2832 563 2919 Οὔκ,
586 2833 670 2902 ἀλλά
686 2836 875 2922 πάνσεμνα,
897 2829 1077 2921 άΣόλων,
1099 2837 1239 2906 κατέλε-
1299 2841 1300 2888 ί

228 2936 284 3011 ξας
296 2931 336 2999 τά
358 2924 448 2999 άθλα
465 2933 521 3000 καὶ
534 2930 610 3013 ἀξια
624 2948 693 3012 τοῖς
712 2960 748 3001 τε
764 2937 931 3003 διαθεῖσιν
947 2931 1032 3003 αότά
1049 2941 1237 3020 φιλοτιμεῖ-

228 3040 310 3097 σθαι
337 3031 390 3097 ἐπὶ
409 3038 450 3119 τῆ
475 3036 710 3121 μεγαλοδωρεᾷ
737 3035 792 3102 καί
812 3048 881 3113 τολς
903 3032 1100 3121 ἀγωνισταῖς
1121 3031 1239 3111 αὐτοῖς

228 3126 555 3209 ὑπερεσπουδακέναι
575 3134 650 3215 περὶ
670 3131 732 3218 τήν
746 3131 919 3217 ἀναίρεσιν
934 3141 1001 3199 τῶν
1015 3131 1238 3218 τηλικούτων,
1299 3147 1300 3150 ’

228 3225 311 3295 ὥστε
327 3226 442 3313 μήλων
462 3230 558 3296 ἕνεκα
579 3232 634 3297 καὶ
654 3238 796 3299 σελίνων
815 3238 960 3300 τοσαῦτα
975 3244 1159 3315 προπονεῖν
1180 3232 1239 3298 καὶ

227 3326 441 3395 κινδυνεύειν
458 3324 663 3415 ἀγχομένους
678 3329 762 3412 πρός
776 3329 930 3416 ἀλλήλων
950 3330 1006 3397 καί
1019 3332 1238 3414 κατακλωμέ-

226 3451 323 3511 νους,
347 3424 391 3505 ὡς
408 3424 469 3494 οόκ
486 3426 565 3496 ἐνόν
583 3426 806 3516 ἀπραγμόνως
827 3426 1009 3513 εὐπορῆσαι
1031 3427 1150 3514 μήλων
1167 3426 1238 3519 ὅτῳ

155 3537 207 3594 889
226 3527 390 3610 ἐπιθυμία
413 3520 435 3612 ῆ
461 3532 580 3616 σελίνῳ
601 3530 855 3613 ἐστεφανῶσθαι
881 3522 1016 3612 ήπίτνλ
1032 3527 1114 3614 μήτε
1138 3534 1237 3618 πηλῷ
