2625 4092
97 293 221 351 ΠΕΡΙ
242 293 336 352 ΤΟΥ
353 293 435 352 ΜΗ
451 295 569 353 ΡΑιΔ.
588 295 716 353 ΠΙΣΤ.
738 296 995 354 ΔΙΑΒΟΛΗι.
1040 290 1101 354 155

94 457 308 538 συνωμοσίας
324 455 361 520 έν
380 455 495 543 Τύρφ,
520 450 591 522 ὅδὲ
610 451 765 542 Ἀπελλῆς
782 453 842 541 ούχ
864 454 1002 538 ἑωράκει
1024 455 1101 522 ποτε

93 547 158 634 τῆν
175 547 286 633 Τύρον
301 547 379 617 οὐδὲ
392 547 454 618 τόν
467 552 653 637 Θεοδόταν,
677 550 767 632 ὅστις
781 547 843 640 ῆν,
861 557 1055 639 ἐγίνωσκεν.
1081 545 1101 636 ῆ

94 647 178 716 καθ’
194 647 276 715 ὅσον
287 647 390 734 ήκουε
400 658 609 736 Πτολεμαίου
619 650 695 719 τινά
707 650 859 738 ὕπαρχον
872 651 955 720 εἶναι
967 649 1006 718 τά
1019 650 1100 717 κατά

93 746 156 832 τῆν
168 753 330 832 Φοινίκην
340 751 626 834 ἐπιτετραμμένον.
639 747 714 818 ἀλλ’
725 750 814 835 ὅμως
823 758 891 817 τῶν
901 749 1100 832 ἀντιτέχνων

94 874 145 924 τις
164 844 350 930 Ἀντίφιλος
369 843 516 931 τοῦνομα
538 844 603 913 ὑπὸ
626 849 764 931 φθόνου
786 855 843 934 τῆς
866 846 955 931 παρά
972 854 1102 933 βασιλεῖ
1120 853 1169 908 ΠΒ

93 951 190 1030 τιμῆς
205 947 330 1029 καὶτῆς
346 941 429 1010 κατὰ
447 943 508 1031 τήν
521 949 640 1031 τέχνην
655 951 851 1032 ζηλοτυπίας
867 960 1021 1013 κατεῖπεν
1036 941 1099 1010 αύ-

93 1048 157 1109 τοῦ
168 1041 252 1124 πρός
263 1042 323 1108 τόν
331 1049 539 1128 Πτολεμαίου
551 1041 594 1120 ὡς
606 1054 656 1129 είη
668 1042 920 1131 κεκοινωνηκός
930 1051 997 1112 τῶν
1010 1041 1100 1110 όλων

93 1141 151 1206 καὶ
172 1136 215 1216 ἀς
236 1139 396 1206 θεάσαιτό
416 1167 465 1217 τις
486 1137 591 1207 αύτόν
613 1144 649 1208 έν
671 1148 812 1230 Φοινίκῃ
833 1141 1100 1224 συνεστιώμενον

92 1236 243 1324 Θεοδότᾳ
258 1239 312 1304 καλ
326 1235 405 1320 παρ’
419 1235 501 1306 ὅλον
510 1237 547 1306 τὸ
560 1242 696 1308 δείπνου
709 1238 792 1323 πρὸς
802 1238 839 1308 τό
856 1233 915 1318 ούς
927 1238 1016 1328 αύτῷ
1028 1265 1100 1305 κοι-

93 1337 361 1420 νολογούμενον,
381 1338 434 1403 καλ
445 1339 538 1415 τέλος
551 1335 703 1423 ἀπέφηνε
716 1335 775 1424 τήν
792 1338 904 1422 Τύρου
915 1334 1099 1404 ἀπόστασιν

93 1434 150 1499 καλ
167 1439 360 1518 Πηλουσίου
377 1435 563 1520 κατάληψιν
585 1439 621 1501 ἐκ
645 1442 703 1520 τῆς
727 1433 884 1503 Ἀπελλοῦ
907 1441 1099 1521 συμβουλῆς

92 1534 275 1615 γεγονέναι.
299 1538 328 1600 3.
347 1531 364 1598 ὁ
380 1534 415 1599 δὲ
427 1539 628 1618 Πτολεμαῖος
643 1531 687 1610 ὡς
702 1529 745 1600 ἀν
756 1534 809 1600 κοιλ
820 1525 924 1600 τάλλα
939 1529 980 1598 ού
995 1524 1099 1612 κάρτα

92 1631 264 1716 φρενήρης
275 1657 324 1707 τις
335 1628 398 1714 ω”ν,
414 1629 488 1699 ἀλλ’
502 1634 539 1697 ἐν
552 1639 707 1720 κολακείᾳ
719 1635 895 1716 δεσποτικῇ
909 1630 1098 1712 τεθραμμέ-
1122 1635 1169 1690 129

93 1754 169 1813 νος,
193 1727 298 1805 ούτως
314 1731 476 1814 ἐξεκαύθη
498 1732 551 1796 καὶ
566 1730 799 1814 συνεταράχθη
817 1725 901 1811 πρὸς
919 1735 976 1814 τῆς
990 1751 1098 1808 παρα-

93 1827 197 1906 δόξου
211 1827 332 1912 ταύτης
352 1832 526 1914 διαβολῆς,
548 1826 630 1894 ὥστε
648 1827 752 1913 μηδὲν
768 1834 835 1910 τῶν
852 1827 990 1895 είκότων
1006 1833 1099 1910 λογι·

93 1922 253 2010 σάμενος,
275 1923 352 2011 μηδ’
372 1924 422 1992 ὅτι
443 1923 630 2011 ἀντίτεχνος
650 1918 693 2010 ῆν
708 1923 725 1992 ὁ
743 1927 934 2012 διαβάλλων
950 1921 1028 2010 μηδ’
1047 1920 1098 1989 ὅτι

92 2022 288 2106 μικρότερος
298 2018 319 2108 ῆ
331 2022 413 2090 κατά
428 2025 630 2108 τηλικαύτην
643 2027 827 2106 προδοσίαν
839 2023 1028 2107 ζωγράφος,
1044 2021 1098 2086 καὶ

92 2126 196 2186 ταῦτα
218 2113 257 2187 εὖ
277 2119 458 2200 πεπονθός
476 2119 535 2187 ὑπ’
553 2119 658 2189 αὐτοῦ
675 2124 730 2189 καὶ
750 2119 829 2204 παρ’
854 2117 1011 2188 ὁντινοῦν
1032 2124 1099 2184 τοῖιν

92 2215 281 2302 ὁμοτέχνων
301 2224 527 2304 τετιμημένος,
549 2216 623 2286 ἀλλ’
642 2216 720 2286 οὐδὲ
743 2217 779 2284 τό
803 2219 962 2299 παράπαν
983 2222 1012 2284 εἰ
1031 2218 1100 2296 έξέ-

92 2315 237 2382 πλευσεν
248 2314 403 2402 Ἀπελλῆς
414 2321 447 2396 ἐς
460 2317 571 2400 Τύρον
583 2319 746 2401 ἐξετάσας,
765 2316 872 2396 εὐθύς
882 2319 957 2384 ἕαδε
969 2322 1100 2401 μηνίειν

91 2415 148 2480 καὶ
161 2421 241 2501 βοῆς
256 2418 436 2500 ἐνεπίμπλα
453 2415 492 2483 τά
505 2424 656 2504 βασίλεια
671 2416 731 2483 τόν
742 2414 919 2503 ἀχάριστον
930 2410 1099 2499 κεκραγως
1121 2429 1170 2483 130

93 2513 148 2578 καὶ
158 2514 217 2579 τόν
225 2516 404 2600 ἐπίβουλον
413 2519 468 2583 καλ
478 2516 687 2601 συνωμότην.
700 2516 754 2581 καὶ
766 2524 799 2582 εί
806 2539 843 2598 γε
853 2515 897 2598 μῆ
907 2519 974 2578 τῶν
984 2534 1099 2579 συνει-

92 2613 269 2694 λημμένων
283 2638 331 2688 τις
352 2611 582 2698 ἀγανακτήσας
599 2616 651 2682 ἐπὶ
667 2621 707 2701 τῆ
723 2620 783 2680 τοῦ
798 2611 987 2695 Ἀντιφίλου
1002 2607 1100 2676 ἀναι-

92 2717 231 2795 σχυντίᾳ
246 2707 374 2777 καὶτὸν
391 2710 514 2779 ἀέθλιον
528 2711 687 2797 Ἀπελλῆν
704 2711 901 2795 κατελεήσας
917 2715 981 2795 ἔφη
997 2711 1100 2794 μηδε·

90 2805 152 2882 νὸς
174 2803 286 2885 αὐτοῖς
302 2814 581 2897 κεκοινωνηκέναι
599 2810 659 2878 τόν
676 2810 876 2892 ἄνθρωπον,
901 2805 1098 2892 ἀπετέτμητο

90 2901 138 2972 ἀν
149 2904 211 2989 τήν
223 2907 373 2995 κεφαλήν
383 2911 439 2976 καὶ
448 2909 739 2993 παραπολελαύκει
749 2914 818 2974 τῶν
828 2910 864 2974 έν
877 2905 975 2995 Τύρῳ
987 2911 1100 2972 κακῶν
1193 2933 1195 2940 ’

89 3001 195 3070 οὐδὲν
217 3001 316 3082 αύτός
334 3016 436 3086 αἴτιος
452 3009 607 3094 γεγονός.
641 3012 670 3074 4.
691 3003 708 3072 ὁ
731 3004 793 3091 μὲν
814 2997 877 3071 οὖν
897 3011 1100 3088 Πτολεμαῖος

90 3100 183 3168 οὕτω
198 3105 325 3187 λέγεται
341 3111 563 3193 αἰσχυνθῆναι
578 3109 631 3173 έπὶ
647 3120 715 3183 τοῖς
730 3106 924 3191 γεγονόσιν,
942 3102 1023 3169 ὥστε
1041 3101 1100 3168 τόν

90 3203 156 3286 μὲν
174 3199 333 3288 Ἀπελλῆν
351 3203 468 3271 ἑκατόν
485 3206 660 3282 ταλάντοις
674 3205 879 3289 ἐδωρήσατο,
901 3202 960 3270 τὸν
976 3205 1011 3269 δέ
1024 3200 1099 3269 Ἀν-

90 3307 227 3385 τίφιλον
248 3303 423 3369 δουλεύειν
438 3303 527 3392 αύτῷ
549 3306 750 3385 παρέδωκεν.
785 3301 801 3367 ὁ
822 3301 858 3369 δὲ
878 3301 1031 3386 Ἀπελλῆς
1052 3294 1100 3368 οἷν

92 3401 379 3480 παρεκινδύνευσε
394 3406 602 3488 μεμνημένος
624 3405 737 3489 τοιᾷδέ
750 3428 815 3468 τινι
831 3404 935 3469 εἰκόνι
948 3401 1099 3487 ῆμύνατο

92 3498 154 3582 τῆν
169 3502 340 3588 διαβολήν.
364 3508 392 3569 5.
404 3505 439 3568 έν
455 3506 545 3589 δεξιᾷ
560 3527 607 3578 τις
618 3500 703 3586 ἀνῆρ
716 3501 859 3586 κάθηται
875 3501 913 3566 τά
927 3492 993 3567 ἀνα
1010 3525 1098 3581 παμ-
1121 3513 1165 3566 131
