2625 4092
238 317 301 380 112
593 316 900 376 AOYKIANOY

237 478 321 562 πρὸς
347 485 466 564 φίλους
493 477 618 561 ἀνδρας
640 475 769 562 τάληθῆ
785 464 909 561 λέγειν.
942 475 1122 562 ἀμαγούν
1143 482 1245 562 ἔγωγε
1289 461 1290 464 ¹

237 576 368 645 ἅπαντα
379 575 527 663 ἀκριβῶς
536 578 684 661 ἑώρακα,
700 577 754 643 καὶ
765 574 802 642 τό
816 576 925 662 χάσμα
938 577 1085 660 συνέμυε
1095 581 1154 641 καί
1159 600 1247 650 τινες

237 684 306 743 τῶν
322 682 460 744 οίκετιδν
471 673 711 760 ἀναζητοῦντές
725 700 781 759 με,
798 677 852 741 καὶ
862 665 1124 758 Πνρρίαςούτος
1136 675 1174 741 ἐν
1185 669 1244 738 αύ-

236 790 321 858 τοϊς,
346 778 528 859 ἐπέστησαν
546 772 640 840 ούπω
661 776 774 840 τέλεον
789 773 975 857 μεμυκότος
995 779 1056 838 τοῦ
1071 772 1244 858 χάσματος.

186 908 188 915 v
238 876 323 959 είπέ,
338 879 488 957 Πυρρία,
512 879 542 941 εί
556 871 667 957 ἀληθῆ
683 874 776 957 λέγω.
805 867 861 956 Νῆ
875 867 952 955 Δί’,
974 875 1038 956 ἔφη
1052 867 1071 939 ὁ
1085 876 1245 953 Πυρρίας,

237 975 292 1040 καὶ
306 968 432 1057 ὑλακῆς
449 972 486 1039 δὲ
500 968 628 1056 ἤκουσα
645 967 701 1035 διά
716 977 778 1036 τοῦ
787 970 950 1053 χάσματος
965 969 1020 1037 καὶ
1034 976 1102 1051 πῦρ
1116 995 1148 1035 τι
1163 965 1247 1034 ὑπο-

238 1070 382 1155 λάμπειν
398 1066 463 1135 ἀπὸ
477 1075 536 1153 τῆς
547 1068 658 1157 δᾳδός
678 1092 735 1154 μοι
752 1066 870 1133 ἐδόκει.
900 1062 1003 1152 Κάγώ
1019 1068 1158 1151 ἐγέλασα
1175 1068 1246 1132 ε’πι-

238 1167 464 1253 μετρήσαντος
476 1174 536 1232 τοῦ
550 1164 720 1249 μάρτυρος
731 1160 793 1249 τῆν
804 1161 934 1248 ὑλακήν
947 1166 1001 1231 καὶ
1012 1162 1049 1231 τὸ
1065 1170 1143 1246 πῦρ.
1166 1161 1246 1231 25.ὁ

237 1265 431 1351 Κλεόδημος
452 1265 504 1348 δέ,
532 1261 584 1332 Ού
606 1262 722 1348 καινά,
750 1259 857 1345 εἶπεν,
883 1259 962 1329 ούδέ
988 1261 1100 1342 ἀλλοις
1122 1260 1249 1348 ἀόρατα

238 1371 341 1431 ταῦτα
369 1360 468 1445 εἶδες,
496 1363 566 1430 ἐπεὶ
592 1362 646 1429 καὶ
666 1357 768 1437 αύτός
794 1356 836 1425 ού
862 1357 927 1443 πρό
957 1367 1083 1428 πολλοῦ
1106 1359 1250 1447 νοσήσας

238 1459 371 1528 τοιόνδε
386 1485 417 1525 τι
432 1460 642 1544 ἐθεασάμην·
671 1457 846 1526 ἐπεσκόπει
862 1461 902 1525 δέ
915 1483 955 1543 με
971 1460 1025 1525 καί
1040 1457 1250 1543 ἐθεράπευεν

235 1557 422 1643 Ἀντίγονος
442 1550 549 1637 οὗτος.
584 1557 709 1646 ἑβδόμη
724 1556 788 1643 μὲν
806 1549 851 1643 ῆν
869 1554 991 1643 ῆμέρα,
1018 1554 1087 1625 ὀδδ
1107 1554 1250 1640 πυρετός

180 1678 182 1685 ’
238 1652 307 1734 οἷος
323 1656 497 1736 καύσωνος
508 1656 744 1741 σφοδρότερος.
767 1652 912 1733 ἅπαντες
926 1657 966 1722 δέ
976 1680 1017 1741 με
1029 1651 1250 1732 ἀπολιπόντες

240 1751 294 1821 ἐπ’
312 1757 448 1839 ἐρημίας
468 1755 735 1840 ἐπικλεισάμενοι
748 1750 809 1833 τάς
827 1753 938 1838 θύρας
959 1757 1020 1833 ἐξω
1035 1755 1247 1839 περιέμενον·

239 1850 328 1929 ούτω
342 1850 407 1938 γάρ
423 1855 614 1937 ἐκέλευσας,
635 1845 859 1937 οἷἈντίγονε,
876 1862 910 1921 εί
919 1877 990 1931 πως
1002 1856 1191 1937 δυνηθείην
1206 1858 1250 1929 εἰς

238 1948 350 2016 ὕπνον
360 1952 552 2033 τρέπεσθαι.
574 1951 648 2018 τότε
663 1944 728 2017 ούν
744 1953 918 2036 ἐφίσταταί
931 1977 988 2038 μοι
1002 1956 1137 2028 νεανίας
1152 1952 1250 2035 ἐγρη-

189 2064 224 2119 53
237 2050 352 2136 γορότι
373 2050 544 2135 πάγκαλος
563 2048 688 2119 λευκὸν
704 2051 838 2136 ίμάτιον
858 2049 1156 2137 περιβεβλημένος,
1181 2046 1249 2115 εἶτα

238 2145 426 2233 ἀναστήσας
446 2146 519 2234 ἀγει
536 2150 590 2215 διά
612 2173 703 2225 τινος
721 2148 888 2234 χάσματος
909 2151 941 2225 ἐς
962 2144 1023 2213 τόν
1041 2144 1178 2231 Ἅιδην,
1207 2171 1251 2223 ις

239 2242 357 2313 αὐτίκα
377 2245 541 2331 ἐγνώρισα
560 2247 735 2315 Τάνταλον
749 2243 833 2315 ίδάν
855 2251 909 2314 καὶ
929 2242 1053 2313 Τιτυὸν
1072 2246 1127 2313 καὶ
1143 2251 1251 2313 Σίσυ-

239 2370 317 2430 φον.
346 2345 401 2412 καὶ
416 2342 456 2411 τά
472 2344 538 2430 μὲν
549 2342 634 2412 ἀλλα
650 2350 684 2411 τί
697 2338 741 2411 ἀν
756 2343 837 2433 ὑμῖν
853 2349 997 2433 λέγοιμι;
1018 2348 1088 2413 ἐπεὶ
1109 2345 1147 2414 δέ
1167 2342 1249 2413 κατά

238 2440 275 2509 τὸ
292 2442 507 2529 δικαστήριον
528 2443 693 2529 ε’γενόμην
708 2484 751 2497 -
765 2450 877 2529 παρῆν
892 2444 928 2512 δὲ
947 2445 1002 2511 καὶ
1020 2441 1037 2511 ὁ
1052 2440 1180 2521 Αίακδς
1196 2446 1249 2512 καὶ

239 2540 257 2611 ὁ
272 2543 397 2628 Χάρων
409 2544 464 2611 καὶ
479 2546 516 2610 αί
526 2551 656 2628 Μοῖραι
672 2545 779 2614 καλαί
792 2540 938 2627 Ἐρινύες
950 2584 988 2596 -
1010 2542 1105 2630 ὁμέν
1115 2571 1166 2622 τις
1183 2542 1247 2611 (ὅσ-

238 2666 301 2725 περ
316 2640 473 2729 βασιλεύς
489 2640 507 2709 ὁ
523 2642 688 2711 Πλούτων
703 2669 760 2729 μοι
782 2646 875 2709 δοκεῖ
887 2648 1037 2729 καθῆστο
1055 2643 1251 2727 ἐπιλεγόμε-

238 2768 297 2820 νος
316 2749 384 2809 τοῐν
400 2744 656 2829 τεθνηξομένων
671 2738 711 2809 τά
727 2740 893 2827 ὀνόματα,
918 2738 978 2822 οὓς
997 2739 1059 2828 ήδη
1081 2739 1250 2829 ὑπερημέ

239 2866 320 2923 ρους
337 2847 395 2927 τῆς
410 2846 492 2927 ζωῆς
507 2843 709 2927 συνέβαινεν
724 2839 818 2910 εἶναι.
840 2838 858 2910 ὁ
876 2844 913 2908 δὲ
925 2849 1101 2921 νεανίσκος
1115 2843 1172 2928 ἐμὲ
1190 2844 1249 2928 φέ-

239 2964 311 3024 ρων
324 2943 531 3025 παρέστησεν
545 2937 653 3029 αύτῷ·
684 2937 702 3007 ὁ
722 2940 758 3009 δὲ
772 2939 937 3008 Πλούτων
951 2937 1162 3027 ἠγανάκτησε
1177 2941 1251 3009 τότε

239 3039 294 3105 καὶ
308 3034 392 3123 πρός
403 3035 462 3104 τὸν
476 3035 645 3124 ἀγαγόντα
660 3065 717 3126 με,
736 3038 841 3109 Ούπω
853 3040 1081 3126 πεπλήρωται,
1097 3048 1198 3127 φησί,
1213 3036 1250 3108 τό

239 3142 328 3221 νῆμα
343 3132 450 3224 αὐτῷ,
469 3135 553 3206 ὥστε
567 3136 682 3207 ἀπίτω.
706 3137 750 3207 σύ
769 3139 804 3206 δὲ
821 3136 861 3225 δὴ
875 3137 937 3208 τόν
950 3142 1071 3224 χαλκέα
1086 3142 1251 3226 Δημύλον

239 3235 316 3323 ἄγε·
346 3234 431 3321 ὑπὲρ
448 3236 513 3323 γάρ
533 3236 593 3306 τόν
616 3237 782 3325 ἄτρακτον
798 3238 863 3325 ῆδη
883 3246 959 3325 βιοῖ.
992 3236 1084 3323 κάγώ
1106 3238 1252 3324 ἅσμενος

238 3334 444 3422 ἀναδραμάν
458 3334 559 3417 αύτὸς
572 3338 634 3424 μὲν
648 3337 713 3425 ήδη
727 3336 893 3421 ἀπύρετος
905 3331 967 3424 ἦν,
987 3334 1200 3423 ἀπήγγελλον
1215 3338 1251 3404 δὲ

238 3432 364 3503 άπασιν
385 3432 430 3517 ἀς
450 3438 644 3523 τεθνήξεται
666 3438 843 3525 Δημύλος·
876 3439 914 3504 ἐν
929 3437 1091 3522 γειτόνων
1112 3437 1152 3505 δὲ
1170 3433 1252 3525 ἡμῖν

239 3534 316 3625 ᾤκει
337 3542 450 3607 νοσῶν
472 3564 502 3605 τι
524 3538 579 3611 καὶ
606 3535 724 3622 αὐτός,
753 3534 797 3615 ἀς
821 3535 1053 3621 ἀπηγγέλλετο.
1088 3538 1143 3603 καί
1165 3534 1251 3621 μετά
