<?xml version="1.0" encoding="UTF-8"?>
<!DOCTYPE html PUBLIC "-//W3C//DTD XHTML 1.0 Transitional//EN"
    "http://www.w3.org/TR/xhtml1/DTD/xhtml1-transitional.dtd">
<html xmlns="http://www.w3.org/1999/xhtml" xml:lang="en" lang="en">
 <head>
  <title>
</title>
<meta http-equiv="Content-Type" content="text/html;charset=utf-8" />
  <meta name='ocr-system' content='tesseract 3.04.00' />
  <meta name='ocr-capabilities' content='ocr_page ocr_carea ocr_par ocr_line ocrx_word'/>
</head>
<body>
  <div class='ocr_page' id='page_1' title='image "./lucianisamosate04jacogoog/lucianisamosate04jacogoog_0021.png"; bbox 0 0 2625 4092; ppageno 0'>
   <div class='ocr_carea' id='block_1_1' title="bbox 494 311 1154 369">
    <p class='ocr_par' dir='ltr' id='par_1_1' title="bbox 494 311 1154 369">
     <span class='ocr_line' id='line_1_1' title="bbox 494 311 1154 369; baseline 0.008 -5"><span class='ocrx_word' id='word_1_1' title='bbox 494 311 726 366; x_wconf 70' lang='lat' dir='ltr'><strong>PRAEFATIO.</strong></span> <span class='ocrx_word' id='word_1_2' title='bbox 1136 326 1154 369; x_wconf 77' lang='lat' dir='ltr'>v</span> 
     </span>
    </p>
   </div>
   <div class='ocr_carea' id='block_1_2' title="bbox 16 440 1154 3639">
    <p class='ocr_par' dir='ltr' id='par_1_2' title="bbox 16 440 1154 3639">
     <span class='ocr_line' id='line_1_2' title="bbox 66 440 1152 517; baseline -0.002 -15"><span class='ocrx_word' id='word_1_3' title='bbox 66 453 123 504; x_wconf 68' lang='lat' dir='ltr'><strong>mid.</strong></span> <span class='ocrx_word' id='word_1_4' title='bbox 152 443 238 503; x_wconf 72' lang='grc' dir='ltr'><strong><em>οὐδὲν</em></strong></span> <span class='ocrx_word' id='word_1_5' title='bbox 264 444 317 517; x_wconf 88' lang='grc' dir='ltr'><strong>γάρ</strong></span> <span class='ocrx_word' id='word_1_6' title='bbox 347 443 412 502; x_wconf 79' lang='grc' dir='ltr'><strong><em>οἷον</em></strong></span> <span class='ocrx_word' id='word_1_7' title='bbox 434 440 550 501; x_wconf 86' lang='grc' dir='ltr'><strong><em>ἀκοάειν</em></strong></span> <span class='ocrx_word' id='word_1_8' title='bbox 579 441 674 500; x_wconf 77' lang='grc' dir='ltr'><strong><em>αὐτοῖν</em></strong></span> <span class='ocrx_word' id='word_1_9' title='bbox 703 445 838 509; x_wconf 73' lang='grc' dir='ltr'><strong>πολλάκις</strong></span> <span class='ocrx_word' id='word_1_10' title='bbox 865 451 893 502; x_wconf 88' lang='grc' dir='ltr'><strong>λε</strong></span> <span class='ocrx_word' id='word_1_11' title='bbox 912 444 1023 517; x_wconf 71' lang='grc' dir='ltr'><strong><em>ομάνων</em></strong></span> <span class='ocrx_word' id='word_1_12' title='bbox 1052 452 1152 516; x_wconf 82' lang='lat' dir='ltr'><strong>scripsi,</strong></span> 
     </span>
     <span class='ocr_line' id='line_1_3' title="bbox 64 469 1151 587; baseline -0.003 -16"><span class='ocrx_word' id='word_1_13' title='bbox 64 523 281 584; x_wconf 77' lang='lat' dir='ltr'><strong>quemadmodum</strong></span> <span class='ocrx_word' id='word_1_14' title='bbox 310 530 376 572; x_wconf 88' lang='lat' dir='ltr'><strong>reete</strong></span> <span class='ocrx_word' id='word_1_15' title='bbox 401 523 508 570; x_wconf 82' lang='lat' dir='ltr'><strong>correxit</strong></span> <span class='ocrx_word' id='word_1_16' title='bbox 531 524 627 570; x_wconf 88' lang='lat' dir='ltr'><strong>amicus</strong></span> <span class='ocrx_word' id='word_1_17' title='bbox 652 521 753 581; x_wconf 81' lang='lat' dir='ltr'><strong>Cobeti,</strong></span> <span class='ocrx_word' id='word_1_18' title='bbox 782 536 829 587; x_wconf 89' lang='lat' dir='ltr'><strong>pro</strong></span> <span class='ocrx_word' id='word_1_19' title='bbox 856 469 924 571; x_wconf 70' lang='grc' dir='ltr'><strong><em>οῦδὲ</em></strong></span> <span class='ocrx_word' id='word_1_20' title='bbox 954 511 1009 584; x_wconf 80' lang='grc' dir='ltr'><strong>γάρ</strong></span> <span class='ocrx_word' id='word_1_21' title='bbox 1032 511 1099 568; x_wconf 81' lang='grc' dir='ltr'><strong><em>οἷόν</em></strong></span> <span class='ocrx_word' id='word_1_22' title='bbox 1121 532 1151 568; x_wconf 87' lang='grc' dir='ltr'><strong>τε</strong></span> 
     </span>
     <span class='ocr_line' id='line_1_4' title="bbox 63 580 1152 655; baseline -0.002 -16"><span class='ocrx_word' id='word_1_23' title='bbox 63 583 183 641; x_wconf 76' lang='grc' dir='ltr'><strong><em>ἀκούειν</em></strong></span> <span class='ocrx_word' id='word_1_24' title='bbox 209 580 303 640; x_wconf 72' lang='grc' dir='ltr'><strong><em>αὐτῶν</em></strong></span> <span class='ocrx_word' id='word_1_25' title='bbox 325 583 363 655; x_wconf 77' lang='grc' dir='ltr'><strong>μὴ</strong></span> <span class='ocrx_word' id='word_1_26' title='bbox 382 580 517 647; x_wconf 77' lang='grc' dir='ltr'><strong><em>πολλάκις</em></strong></span> <span class='ocrx_word' id='word_1_27' title='bbox 535 581 693 654; x_wconf 83' lang='grc' dir='ltr'><strong><em>λεγομένων</em></strong></span> <span class='ocrx_word' id='word_1_28' title='bbox 733 590 793 642; x_wconf 79' lang='lat' dir='ltr'><strong>ibid.</strong></span> <span class='ocrx_word' id='word_1_29' title='bbox 819 583 953 655; x_wconf 76' lang='grc' dir='ltr'><strong><em>πλήθωσι</em></strong></span> <span class='ocrx_word' id='word_1_30' title='bbox 972 591 1058 654; x_wconf 77' lang='lat' dir='ltr'><strong>recepi</strong></span> <span class='ocrx_word' id='word_1_31' title='bbox 1078 604 1152 653; x_wconf 83' lang='lat' dir='ltr'><strong>prae-</strong></span> 
     </span>
     <span class='ocr_line' id='line_1_5' title="bbox 62 647 1152 734; baseline -0.004 -24"><span class='ocrx_word' id='word_1_32' title='bbox 62 671 139 734; x_wconf 74' lang='lat' dir='ltr'><strong>eunte</strong></span> <span class='ocrx_word' id='word_1_33' title='bbox 159 660 236 714; x_wconf 85' lang='lat' dir='ltr'><strong>Diod.</strong></span> <span class='ocrx_word' id='word_1_34' title='bbox 261 675 309 725; x_wconf 88' lang='lat' dir='ltr'><strong>pro</strong></span> <span class='ocrx_word' id='word_1_35' title='bbox 334 652 479 726; x_wconf 78' lang='grc' dir='ltr'><strong><em>πλήθουσι</em></strong></span> <span class='ocrx_word' id='word_1_36' title='bbox 522 675 543 708; x_wconf 86' lang='grc' dir='ltr'><strong>ο.</strong></span> <span class='ocrx_word' id='word_1_37' title='bbox 567 659 595 708; x_wconf 90' lang='lat' dir='ltr'><strong>ll</strong></span> <span class='ocrx_word' id='word_1_38' title='bbox 617 651 711 725; x_wconf 77' lang='grc' dir='ltr'><strong><em>ἔγωγε]</em></strong></span> <span class='ocrx_word' id='word_1_39' title='bbox 738 648 790 722; x_wconf 76' lang='grc' dir='ltr'><strong>ἐγώ</strong></span> <span class='ocrx_word' id='word_1_40' title='bbox 815 651 868 724; x_wconf 91' lang='grc' dir='ltr'><strong>γάρ</strong></span> <span class='ocrx_word' id='word_1_41' title='bbox 885 659 972 714; x_wconf 80' lang='lat' dir='ltr'><strong>Cobet.</strong></span> <span class='ocrx_word' id='word_1_42' title='bbox 1007 657 1069 710; x_wconf 72' lang='lat' dir='ltr'><strong>iord.</strong></span> <span class='ocrx_word' id='word_1_43' title='bbox 1088 647 1105 707; x_wconf 85' lang='grc' dir='ltr'><strong><em>δ</em></strong></span> <span class='ocrx_word' id='word_1_44' title='bbox 1121 648 1152 706; x_wconf 78' lang='lat' dir='ltr'><strong>ii</strong></span> 
     </span>
     <span class='ocr_line' id='line_1_6' title="bbox 68 718 1152 794; baseline 0.003 -18"><span class='ocrx_word' id='word_1_45' title='bbox 68 726 233 793; x_wconf 85' lang='grc' dir='ltr'><strong><em>Επίκουρος</em></strong></span> <span class='ocrx_word' id='word_1_46' title='bbox 260 729 344 794; x_wconf 85' lang='lat' dir='ltr'><strong>recepi</strong></span> <span class='ocrx_word' id='word_1_47' title='bbox 367 744 413 794; x_wconf 90' lang='lat' dir='ltr'><strong>pro</strong></span> <span class='ocrx_word' id='word_1_48' title='bbox 439 744 455 778; x_wconf 93' lang='grc' dir='ltr'><strong><em>ο</em></strong></span> <span class='ocrx_word' id='word_1_49' title='bbox 480 719 512 777; x_wconf 73' lang='lat' dir='ltr'><strong>ii</strong></span> <span class='ocrx_word' id='word_1_50' title='bbox 533 719 728 786; x_wconf 76' lang='grc' dir='ltr'><strong><em>Ἐπικούρειος</em></strong></span> <span class='ocrx_word' id='word_1_51' title='bbox 775 728 835 778; x_wconf 81' lang='lat' dir='ltr'><strong>ibid.</strong></span> <span class='ocrx_word' id='word_1_52' title='bbox 862 718 1052 794; x_wconf 63' lang='lat' dir='ltr'><strong>ficticiorum]</strong></span> <span class='ocrx_word' id='word_1_53' title='bbox 1081 725 1152 792; x_wconf 78' lang='lat' dir='ltr'><strong>vuig.</strong></span> 
     </span>
     <span class='ocr_line' id='line_1_7' title="bbox 62 784 1151 880; baseline -0.002 -33"><span class='ocrx_word' id='word_1_54' title='bbox 62 788 216 876; x_wconf 78' lang='grc' dir='ltr'><strong><em>ἀγλήσεσιν</em></strong></span> <span class='ocrx_word' id='word_1_55' title='bbox 234 799 347 864; x_wconf 86' lang='lat' dir='ltr'><strong>praefert</strong></span> <span class='ocrx_word' id='word_1_56' title='bbox 361 798 508 880; x_wconf 51' lang='lat' dir='ltr'><strong>ffirfdiiff&#39;.</strong></span> <span class='ocrx_word' id='word_1_57' title='bbox 521 798 581 852; x_wconf 75' lang='lat' dir='ltr'><strong>iiiii.</strong></span> <span class='ocrx_word' id='word_1_58' title='bbox 601 795 641 862; x_wconf 80' lang='grc' dir='ltr'><strong>μή</strong></span> <span class='ocrx_word' id='word_1_59' title='bbox 657 789 761 864; x_wconf 87' lang='grc' dir='ltr'><strong><em>άλλως]</em></strong></span> <span class='ocrx_word' id='word_1_60' title='bbox 775 789 816 864; x_wconf 74' lang='grc' dir='ltr'><strong>μὴ</strong></span> <span class='ocrx_word' id='word_1_61' title='bbox 826 784 863 846; x_wconf 83' lang='grc' dir='ltr'><strong>ἀν</strong></span> <span class='ocrx_word' id='word_1_62' title='bbox 878 788 970 856; x_wconf 81' lang='grc' dir='ltr'><strong><em>άλλως</em></strong></span> <span class='ocrx_word' id='word_1_63' title='bbox 978 796 1065 847; x_wconf 85' lang='lat' dir='ltr'><strong>Cobet.</strong></span> <span class='ocrx_word' id='word_1_64' title='bbox 1091 797 1151 877; x_wconf 64' lang='lat' dir='ltr'><strong>ibid.</strong></span> 
     </span>
     <span class='ocr_line' id='line_1_8' title="bbox 64 857 1152 1001; baseline -0.001 -16"><span class='ocrx_word' id='word_1_65' title='bbox 64 857 1152 1001; x_wconf 59' lang='lat' dir='ltr'><strong>{uitiiitniusinnitensis..uiritim}</strong></span> 
     </span>
     <span class='ocr_line' id='line_1_9' title="bbox 63 993 1152 1072; baseline -0.001 -16"><span class='ocrx_word' id='word_1_66' title='bbox 63 1008 135 1056; x_wconf 84' lang='lat' dir='ltr'><strong>conia</strong></span> <span class='ocrx_word' id='word_1_67' title='bbox 153 1014 211 1056; x_wconf 78' lang='lat' dir='ltr'><strong>tura</strong></span> <span class='ocrx_word' id='word_1_68' title='bbox 229 1005 315 1056; x_wconf 86' lang='lat' dir='ltr'><strong>Cobet.</strong></span> <span class='ocrx_word' id='word_1_69' title='bbox 333 1021 380 1071; x_wconf 85' lang='lat' dir='ltr'><strong>pro</strong></span> <span class='ocrx_word' id='word_1_70' title='bbox 404 995 496 1069; x_wconf 79' lang='grc' dir='ltr'><strong><em>ἡδέως</em></strong></span> <span class='ocrx_word' id='word_1_71' title='bbox 518 993 554 1055; x_wconf 85' lang='grc' dir='ltr'><strong>οῦ</strong></span> <span class='ocrx_word' id='word_1_72' title='bbox 578 995 690 1071; x_wconf 78' lang='grc' dir='ltr'><strong><em>ζήσεται</em></strong></span> <span class='ocrx_word' id='word_1_73' title='bbox 730 1006 791 1057; x_wconf 82' lang='lat' dir='ltr'><strong>ibid.</strong></span> <span class='ocrx_word' id='word_1_74' title='bbox 816 1004 901 1055; x_wconf 79' lang='grc' dir='ltr'><strong>ΤΤΧ.</strong></span> <span class='ocrx_word' id='word_1_75' title='bbox 921 1002 988 1061; x_wconf 69' lang='lat' dir='ltr'><strong>Huic</strong></span> <span class='ocrx_word' id='word_1_76' title='bbox 1010 993 1080 1072; x_wconf 79' lang='grc' dir='ltr'><strong><em>κτὲ.]</em></strong></span> <span class='ocrx_word' id='word_1_77' title='bbox 1106 1002 1152 1055; x_wconf 82' lang='grc' dir='ltr'><strong><em>(λο-</em></strong></span> 
     </span>
     <span class='ocr_line' id='line_1_10' title="bbox 64 1073 1152 1140; baseline -0.001 -17"><span class='ocrx_word' id='word_1_78' title='bbox 64 1079 113 1124; x_wconf 80' lang='lat' dir='ltr'><strong>bet.</strong></span> <span class='ocrx_word' id='word_1_79' title='bbox 134 1075 221 1126; x_wconf 85' lang='lat' dir='ltr'><strong>locum</strong></span> <span class='ocrx_word' id='word_1_80' title='bbox 239 1084 362 1138; x_wconf 85' lang='lat' dir='ltr'><strong>sequutus</strong></span> <span class='ocrx_word' id='word_1_81' title='bbox 379 1076 469 1140; x_wconf 87' lang='lat' dir='ltr'><strong>partim</strong></span> <span class='ocrx_word' id='word_1_82' title='bbox 488 1073 615 1126; x_wconf 86' lang='lat' dir='ltr'><strong>Guelferb.</strong></span> <span class='ocrx_word' id='word_1_83' title='bbox 634 1076 726 1140; x_wconf 82' lang='lat' dir='ltr'><strong>partim</strong></span> <span class='ocrx_word' id='word_1_84' title='bbox 738 1075 894 1125; x_wconf 78' lang='lat' dir='ltr'><strong>Marcianum</strong></span> <span class='ocrx_word' id='word_1_85' title='bbox 911 1075 1023 1124; x_wconf 84' lang='lat' dir='ltr'><strong>codicem</strong></span> <span class='ocrx_word' id='word_1_86' title='bbox 1039 1076 1077 1124; x_wconf 91' lang='lat' dir='ltr'><strong>sic</strong></span> <span class='ocrx_word' id='word_1_87' title='bbox 1092 1088 1152 1124; x_wconf 87' lang='lat' dir='ltr'><strong>cou-</strong></span> 
     </span>
     <span class='ocr_line' id='line_1_11' title="bbox 62 1133 1151 1209; baseline -0.002 -15"><span class='ocrx_word' id='word_1_88' title='bbox 62 1146 158 1194; x_wconf 88' lang='lat' dir='ltr'><strong>stituit:</strong></span> <span class='ocrx_word' id='word_1_89' title='bbox 194 1141 279 1194; x_wconf 72' lang='lat' dir='ltr'><strong>m.</strong></span> <span class='ocrx_word' id='word_1_90' title='bbox 299 1141 366 1200; x_wconf 83' lang='grc' dir='ltr'><strong><em>Πάς</em></strong></span> <span class='ocrx_word' id='word_1_91' title='bbox 391 1135 443 1208; x_wconf 82' lang='grc' dir='ltr'><strong>οάγ</strong></span> <span class='ocrx_word' id='word_1_92' title='bbox 467 1134 575 1208; x_wconf 76' lang='grc' dir='ltr'><strong><em>ἡδέως,</em></strong></span> <span class='ocrx_word' id='word_1_93' title='bbox 600 1140 659 1194; x_wconf 78' lang='lat' dir='ltr'><strong>aie</strong></span> <span class='ocrx_word' id='word_1_94' title='bbox 681 1135 736 1209; x_wconf 72' lang='grc' dir='ltr'><strong><em>ἔχει</em></strong></span> <span class='ocrx_word' id='word_1_95' title='bbox 758 1136 791 1194; x_wconf 81' lang='grc' dir='ltr'><strong>τά</strong></span> <span class='ocrx_word' id='word_1_96' title='bbox 815 1145 917 1209; x_wconf 81' lang='grc' dir='ltr'><strong><em>φαγεῖν</em></strong></span> <span class='ocrx_word' id='word_1_97' title='bbox 943 1133 1014 1209; x_wconf 86' lang='grc' dir='ltr'><strong><em>παρ’</em></strong></span> <span class='ocrx_word' id='word_1_98' title='bbox 1038 1133 1151 1193; x_wconf 77' lang='grc' dir='ltr'><strong><em>ἑαυτοῦ.</em></strong></span> 
     </span>
     <span class='ocr_line' id='line_1_12' title="bbox 63 1158 1149 1280; baseline 0.004 -19"><span class='ocrx_word' id='word_1_99' title='bbox 63 1210 149 1262; x_wconf 82' lang='grc' dir='ltr'><em>ΠΛΡ.</em></span> <span class='ocrx_word' id='word_1_100' title='bbox 171 1203 235 1264; x_wconf 84' lang='grc' dir='ltr'><strong>Ὅτι</strong></span> <span class='ocrx_word' id='word_1_101' title='bbox 266 1203 356 1262; x_wconf 86' lang='grc' dir='ltr'><strong><em>πολλά</em></strong></span> <span class='ocrx_word' id='word_1_102' title='bbox 386 1203 495 1277; x_wconf 88' lang='grc' dir='ltr'><strong><em>άτοποι,</em></strong></span> <span class='ocrx_word' id='word_1_103' title='bbox 531 1201 556 1264; x_wconf 73' lang='grc' dir='ltr'><strong><em>ολ</em></strong></span> <span class='ocrx_word' id='word_1_104' title='bbox 581 1158 644 1264; x_wconf 49' lang='grc' dir='ltr'><strong><em>κτλ(</em></strong></span> <span class='ocrx_word' id='word_1_105' title='bbox 667 1203 764 1263; x_wconf 88' lang='grc' dir='ltr'><strong><em>άτοπα</em></strong></span> <span class='ocrx_word' id='word_1_106' title='bbox 788 1229 835 1280; x_wconf 89' lang='lat' dir='ltr'><strong>pro</strong></span> <span class='ocrx_word' id='word_1_107' title='bbox 867 1227 912 1263; x_wconf 90' lang='grc' dir='ltr'><strong>τοι</strong></span> <span class='ocrx_word' id='word_1_108' title='bbox 941 1214 1045 1278; x_wconf 87' lang='lat' dir='ltr'><strong>praebet</strong></span> <span class='ocrx_word' id='word_1_109' title='bbox 1074 1213 1149 1265; x_wconf 77' lang='lat' dir='ltr'><strong>Maro</strong></span> 
     </span>
     <span class='ocr_line' id='line_1_13' title="bbox 62 1272 1151 1350; baseline 0 -18"><span class='ocrx_word' id='word_1_110' title='bbox 62 1283 122 1332; x_wconf 84' lang='lat' dir='ltr'><strong>ibid.</strong></span> <span class='ocrx_word' id='word_1_111' title='bbox 144 1273 335 1349; x_wconf 71' lang='grc' dir='ltr'><strong><em>ἐγγινομένας]</em></strong></span> <span class='ocrx_word' id='word_1_112' title='bbox 360 1272 556 1348; x_wconf 73' lang='grc' dir='ltr'><strong><em>ἐγγιγνομένας</em></strong></span> <span class='ocrx_word' id='word_1_113' title='bbox 572 1282 646 1333; x_wconf 89' lang='lat' dir='ltr'><strong>Dind.</strong></span> <span class='ocrx_word' id='word_1_114' title='bbox 688 1282 748 1334; x_wconf 74' lang='lat' dir='ltr'><strong>tota.</strong></span> <span class='ocrx_word' id='word_1_115' title='bbox 772 1274 899 1350; x_wconf 77' lang='grc' dir='ltr'><strong><em>παρέχει]</em></strong></span> <span class='ocrx_word' id='word_1_116' title='bbox 923 1272 1046 1347; x_wconf 83' lang='grc' dir='ltr'><strong><em>ῦπάργει</em></strong></span> <span class='ocrx_word' id='word_1_117' title='bbox 1064 1281 1151 1342; x_wconf 79' lang='lat' dir='ltr'><strong>Maru,</strong></span> 
     </span>
     <span class='ocr_line' id='line_1_14' title="bbox 61 1343 1152 1419; baseline 0.002 -19"><span class='ocrx_word' id='word_1_118' title='bbox 61 1352 141 1415; x_wconf 88' lang='lat' dir='ltr'><strong>idque</strong></span> <span class='ocrx_word' id='word_1_119' title='bbox 161 1353 251 1419; x_wconf 84' lang='lat' dir='ltr'><strong>probet</strong></span> <span class='ocrx_word' id='word_1_120' title='bbox 267 1351 344 1409; x_wconf 50' lang='lat' dir='ltr'><strong>Goba</strong></span> <span class='ocrx_word' id='word_1_121' title='bbox 368 1363 394 1403; x_wconf 87' lang='lat' dir='ltr'><strong>et</strong></span> <span class='ocrx_word' id='word_1_122' title='bbox 416 1362 455 1401; x_wconf 87' lang='lat' dir='ltr'><strong>est</strong></span> <span class='ocrx_word' id='word_1_123' title='bbox 475 1368 544 1404; x_wconf 87' lang='lat' dir='ltr'><strong>mere</strong></span> <span class='ocrx_word' id='word_1_124' title='bbox 563 1353 746 1417; x_wconf 79' lang='lat' dir='ltr'><strong>interpretatio.</strong></span> <span class='ocrx_word' id='word_1_125' title='bbox 783 1352 845 1403; x_wconf 75' lang='lat' dir='ltr'><strong>ibid.</strong></span> <span class='ocrx_word' id='word_1_126' title='bbox 869 1343 997 1417; x_wconf 76' lang='grc' dir='ltr'><strong><em>ἐφίκοιτο</em></strong></span> <span class='ocrx_word' id='word_1_127' title='bbox 1018 1352 1103 1416; x_wconf 85' lang='lat' dir='ltr'><strong>recepi</strong></span> <span class='ocrx_word' id='word_1_128' title='bbox 1119 1367 1152 1402; x_wconf 88' lang='lat' dir='ltr'><strong>ex</strong></span> 
     </span>
     <span class='ocr_line' id='line_1_15' title="bbox 64 1411 1151 1490; baseline 0.001 -20"><span class='ocrx_word' id='word_1_129' title='bbox 64 1421 140 1490; x_wconf 70' lang='lat' dir='ltr'><strong>Marc.</strong></span> <span class='ocrx_word' id='word_1_130' title='bbox 161 1435 209 1488; x_wconf 87' lang='lat' dir='ltr'><strong>pro</strong></span> <span class='ocrx_word' id='word_1_131' title='bbox 227 1411 374 1486; x_wconf 83' lang='grc' dir='ltr'><strong><em>ἐφικνοῖτο</em></strong></span> <span class='ocrx_word' id='word_1_132' title='bbox 406 1420 467 1472; x_wconf 82' lang='lat' dir='ltr'><strong>ibid.</strong></span> <span class='ocrx_word' id='word_1_133' title='bbox 477 1413 545 1487; x_wconf 66' lang='grc' dir='ltr'><strong><em>λέγω</em></strong></span> <span class='ocrx_word' id='word_1_134' title='bbox 559 1412 610 1488; x_wconf 77' lang='grc' dir='ltr'><strong>δὴ]</strong></span> <span class='ocrx_word' id='word_1_135' title='bbox 622 1414 690 1486; x_wconf 75' lang='grc' dir='ltr'><strong><em>λέγω</em></strong></span> <span class='ocrx_word' id='word_1_136' title='bbox 707 1414 740 1470; x_wconf 73' lang='grc' dir='ltr'><strong><em>δέ</em></strong></span> <span class='ocrx_word' id='word_1_137' title='bbox 749 1430 844 1472; x_wconf 87' lang='lat' dir='ltr'><strong>temere</strong></span> <span class='ocrx_word' id='word_1_138' title='bbox 858 1430 961 1473; x_wconf 82' lang='lat' dir='ltr'><strong>revocat</strong></span> <span class='ocrx_word' id='word_1_139' title='bbox 974 1420 1060 1473; x_wconf 77' lang='lat' dir='ltr'><strong>Cobet.</strong></span> <span class='ocrx_word' id='word_1_140' title='bbox 1091 1420 1151 1471; x_wconf 72' lang='lat' dir='ltr'><strong>tota.</strong></span> 
     </span>
     <span class='ocr_line' id='line_1_16' title="bbox 62 1480 1151 1558; baseline -0.001 -18"><span class='ocrx_word' id='word_1_141' title='bbox 62 1487 241 1553; x_wconf 75' lang='grc' dir='ltr'><strong><em>ἀντεροῦντα</em></strong></span> <span class='ocrx_word' id='word_1_142' title='bbox 253 1506 310 1542; x_wconf 88' lang='lat' dir='ltr'><strong>eum</strong></span> <span class='ocrx_word' id='word_1_143' title='bbox 325 1490 401 1544; x_wconf 85' lang='lat' dir='ltr'><strong>Diod.</strong></span> <span class='ocrx_word' id='word_1_144' title='bbox 418 1506 468 1540; x_wconf 87' lang='lat' dir='ltr'><strong>reo.</strong></span> <span class='ocrx_word' id='word_1_145' title='bbox 481 1506 528 1556; x_wconf 91' lang='lat' dir='ltr'><strong>pro</strong></span> <span class='ocrx_word' id='word_1_146' title='bbox 538 1481 676 1554; x_wconf 81' lang='grc' dir='ltr'><strong><em>ῦστερεῖν.</em></strong></span> <span class='ocrx_word' id='word_1_147' title='bbox 693 1492 801 1542; x_wconf 79' lang='lat' dir='ltr'><strong>correxit</strong></span> <span class='ocrx_word' id='word_1_148' title='bbox 812 1491 949 1558; x_wconf 76' lang='lat' dir='ltr'><strong>Seagerus.</strong></span> <span class='ocrx_word' id='word_1_149' title='bbox 971 1491 1033 1541; x_wconf 78' lang='lat' dir='ltr'><strong>ibid.</strong></span> <span class='ocrx_word' id='word_1_150' title='bbox 1045 1480 1151 1556; x_wconf 90' lang='grc' dir='ltr'><strong><em>πάντα]</em></strong></span> 
     </span>
     <span class='ocr_line' id='line_1_17' title="bbox 64 1548 1152 1641; baseline 0.002 -33"><span class='ocrx_word' id='word_1_151' title='bbox 64 1555 158 1609; x_wconf 83' lang='grc' dir='ltr'><strong><em>πάντα</em></strong></span> <span class='ocrx_word' id='word_1_152' title='bbox 181 1557 271 1610; x_wconf 88' lang='grc' dir='ltr'><strong><em>ταῦτα</em></strong></span> <span class='ocrx_word' id='word_1_153' title='bbox 283 1559 371 1612; x_wconf 83' lang='grc' dir='ltr'><strong><em>(λολιει.</em></strong></span> <span class='ocrx_word' id='word_1_154' title='bbox 404 1561 465 1610; x_wconf 81' lang='lat' dir='ltr'><strong>ibid.</strong></span> <span class='ocrx_word' id='word_1_155' title='bbox 481 1551 548 1613; x_wconf 84' lang='grc' dir='ltr'><strong><em>οῦτε</em></strong></span> <span class='ocrx_word' id='word_1_156' title='bbox 566 1553 698 1641; x_wconf 85' lang='grc' dir='ltr'><strong><em>μάγειρος</em></strong></span> <span class='ocrx_word' id='word_1_157' title='bbox 718 1548 786 1628; x_wconf 61' lang='grc' dir='ltr'><strong><em>ντί]</em></strong></span> <span class='ocrx_word' id='word_1_158' title='bbox 805 1561 932 1628; x_wconf 80' lang='lat' dir='ltr'><strong>Hirschig.</strong></span> <span class='ocrx_word' id='word_1_159' title='bbox 950 1558 1034 1610; x_wconf 88' lang='lat' dir='ltr'><strong>locum</strong></span> <span class='ocrx_word' id='word_1_160' title='bbox 1051 1561 1086 1609; x_wconf 87' lang='lat' dir='ltr'><strong>ita</strong></span> <span class='ocrx_word' id='word_1_161' title='bbox 1103 1560 1152 1610; x_wconf 89' lang='lat' dir='ltr'><strong>im·</strong></span> 
     </span>
     <span class='ocr_line' id='line_1_18' title="bbox 63 1614 1152 1714; baseline 0.001 -36"><span class='ocrx_word' id='word_1_162' title='bbox 63 1638 157 1680; x_wconf 86' lang='lat' dir='ltr'><strong>rnutat:</strong></span> <span class='ocrx_word' id='word_1_163' title='bbox 180 1627 221 1700; x_wconf 77' lang='grc' dir='ltr'><strong>τῷ</strong></span> <span class='ocrx_word' id='word_1_164' title='bbox 234 1623 266 1680; x_wconf 74' lang='grc' dir='ltr'><strong>δὲ</strong></span> <span class='ocrx_word' id='word_1_165' title='bbox 284 1627 431 1714; x_wconf 87' lang='grc' dir='ltr'><strong><em>παρασίτῳ</em></strong></span> <span class='ocrx_word' id='word_1_166' title='bbox 450 1619 515 1682; x_wconf 86' lang='grc' dir='ltr'><strong><em>οῦτε</em></strong></span> <span class='ocrx_word' id='word_1_167' title='bbox 534 1623 667 1713; x_wconf 82' lang='grc' dir='ltr'><strong><em>μαγειρός</em></strong></span> <span class='ocrx_word' id='word_1_168' title='bbox 686 1619 761 1679; x_wconf 77' lang='grc' dir='ltr'><strong><em>ἐστιν</em></strong></span> <span class='ocrx_word' id='word_1_169' title='bbox 776 1614 802 1697; x_wconf 76' lang='grc' dir='ltr'><strong>φ’</strong></span> <span class='ocrx_word' id='word_1_170' title='bbox 816 1624 974 1696; x_wconf 78' lang='grc' dir='ltr'><strong><em>χαλεπήναι</em></strong></span> <span class='ocrx_word' id='word_1_171' title='bbox 991 1617 1058 1679; x_wconf 86' lang='grc' dir='ltr'><strong><em>οῦτε</em></strong></span> <span class='ocrx_word' id='word_1_172' title='bbox 1076 1623 1152 1679; x_wconf 88' lang='grc' dir='ltr'><strong><em>οίκο-</em></strong></span> 
     </span>
     <span class='ocr_line' id='line_1_19' title="bbox 63 1687 1153 1767; baseline 0.003 -20"><span class='ocrx_word' id='word_1_173' title='bbox 63 1691 172 1763; x_wconf 81' lang='grc' dir='ltr'><strong><em>νόμος,</em></strong></span> <span class='ocrx_word' id='word_1_174' title='bbox 191 1689 257 1752; x_wconf 88' lang='grc' dir='ltr'><strong><em>οῦτε</em></strong></span> <span class='ocrx_word' id='word_1_175' title='bbox 271 1689 357 1764; x_wconf 90' lang='grc' dir='ltr'><strong><em>ἀγρος</em></strong></span> <span class='ocrx_word' id='word_1_176' title='bbox 376 1689 441 1751; x_wconf 83' lang='grc' dir='ltr'><strong><em>οῦτε</em></strong></span> <span class='ocrx_word' id='word_1_177' title='bbox 457 1691 592 1767; x_wconf 78' lang='grc' dir='ltr'><strong><em>ἀργύρια,</em></strong></span> <span class='ocrx_word' id='word_1_178' title='bbox 611 1691 685 1763; x_wconf 72' lang='grc' dir='ltr'><strong>υπέρ</strong></span> <span class='ocrx_word' id='word_1_179' title='bbox 699 1687 755 1748; x_wconf 85' lang='grc' dir='ltr'><strong><em>κτὲ.</em></strong></span> <span class='ocrx_word' id='word_1_180' title='bbox 784 1700 845 1750; x_wconf 82' lang='lat' dir='ltr'><strong>ibid.</strong></span> <span class='ocrx_word' id='word_1_181' title='bbox 864 1691 1049 1763; x_wconf 74' lang='grc' dir='ltr'><strong><em>ἀπολομένων</em></strong></span> <span class='ocrx_word' id='word_1_182' title='bbox 1068 1701 1153 1764; x_wconf 87' lang='lat' dir='ltr'><strong>recepi</strong></span> 
     </span>
     <span class='ocr_line' id='line_1_20' title="bbox 62 1755 1150 1836; baseline 0 -18"><span class='ocrx_word' id='word_1_183' title='bbox 62 1785 95 1818; x_wconf 87' lang='lat' dir='ltr'><strong>ex</strong></span> <span class='ocrx_word' id='word_1_184' title='bbox 112 1769 196 1824; x_wconf 84' lang='lat' dir='ltr'><strong>Maro.</strong></span> <span class='ocrx_word' id='word_1_185' title='bbox 216 1780 318 1821; x_wconf 82' lang='lat' dir='ltr'><strong>auctore</strong></span> <span class='ocrx_word' id='word_1_186' title='bbox 336 1770 422 1822; x_wconf 80' lang='lat' dir='ltr'><strong>Cobet.</strong></span> <span class='ocrx_word' id='word_1_187' title='bbox 440 1786 487 1836; x_wconf 90' lang='lat' dir='ltr'><strong>pro</strong></span> <span class='ocrx_word' id='word_1_188' title='bbox 505 1761 717 1834; x_wconf 80' lang='grc' dir='ltr'><strong><em>ἀπολλυμένων.</em></strong></span> <span class='ocrx_word' id='word_1_189' title='bbox 757 1768 818 1818; x_wconf 83' lang='lat' dir='ltr'><strong>ibid.</strong></span> <span class='ocrx_word' id='word_1_190' title='bbox 837 1767 911 1835; x_wconf 88' lang='grc' dir='ltr'><strong><em>πίοι]</em></strong></span> <span class='ocrx_word' id='word_1_191' title='bbox 932 1765 996 1817; x_wconf 88' lang='grc' dir='ltr'><strong><em>πίοι</em></strong></span> <span class='ocrx_word' id='word_1_192' title='bbox 1017 1755 1055 1818; x_wconf 82' lang='grc' dir='ltr'><strong>ἀν</strong></span> <span class='ocrx_word' id='word_1_193' title='bbox 1073 1769 1150 1822; x_wconf 84' lang='lat' dir='ltr'><strong>Diod.</strong></span> 
     </span>
     <span class='ocr_line' id='line_1_21' title="bbox 62 1831 1153 1906; baseline -0.002 -18"><span class='ocrx_word' id='word_1_194' title='bbox 62 1855 84 1888; x_wconf 92' lang='lat' dir='ltr'><strong>c.</strong></span> <span class='ocrx_word' id='word_1_195' title='bbox 108 1839 142 1888; x_wconf 85' lang='lat'><strong>13</strong></span> <span class='ocrx_word' id='word_1_196' title='bbox 165 1831 330 1906; x_wconf 78' lang='grc' dir='ltr'><strong><em>προσάγειν]</em></strong></span> <span class='ocrx_word' id='word_1_197' title='bbox 351 1841 485 1891; x_wconf 87' lang='lat' dir='ltr'><strong>lectionem</strong></span> <span class='ocrx_word' id='word_1_198' title='bbox 504 1832 640 1904; x_wconf 83' lang='grc' dir='ltr'><strong><em>προάγειν</em></strong></span> <span class='ocrx_word' id='word_1_199' title='bbox 663 1839 735 1888; x_wconf 89' lang='lat' dir='ltr'><strong>unice</strong></span> <span class='ocrx_word' id='word_1_200' title='bbox 751 1853 838 1888; x_wconf 86' lang='lat' dir='ltr'><strong>verum</strong></span> <span class='ocrx_word' id='word_1_201' title='bbox 856 1854 913 1888; x_wconf 90' lang='lat' dir='ltr'><strong>esse</strong></span> <span class='ocrx_word' id='word_1_202' title='bbox 932 1847 1004 1904; x_wconf 86' lang='lat' dir='ltr'><strong>putet</strong></span> <span class='ocrx_word' id='word_1_203' title='bbox 1023 1836 1101 1900; x_wconf 68' lang='lat' dir='ltr'><strong>Gon,</strong></span> <span class='ocrx_word' id='word_1_204' title='bbox 1127 1848 1153 1888; x_wconf 83' lang='lat' dir='ltr'><strong>at</strong></span> 
     </span>
     <span class='ocr_line' id='line_1_22' title="bbox 63 1903 1151 1973; baseline -0.001 -16"><span class='ocrx_word' id='word_1_205' title='bbox 63 1923 113 1957; x_wconf 88' lang='lat' dir='ltr'><strong>non</strong></span> <span class='ocrx_word' id='word_1_206' title='bbox 132 1909 262 1960; x_wconf 83' lang='lat' dir='ltr'><strong>intellexit</strong></span> <span class='ocrx_word' id='word_1_207' title='bbox 281 1911 320 1958; x_wconf 88' lang='lat' dir='ltr'><strong>vir</strong></span> <span class='ocrx_word' id='word_1_208' title='bbox 342 1910 505 1960; x_wconf 88' lang='lat' dir='ltr'><strong>acutissimas</strong></span> <span class='ocrx_word' id='word_1_209' title='bbox 523 1912 656 1960; x_wconf 83' lang='lat' dir='ltr'><strong>verborum</strong></span> <span class='ocrx_word' id='word_1_210' title='bbox 675 1905 911 1960; x_wconf 72' lang='lat' dir='ltr'><strong>conformationem.</strong></span> <span class='ocrx_word' id='word_1_211' title='bbox 952 1907 1012 1959; x_wconf 81' lang='lat' dir='ltr'><strong>ibid.</strong></span> <span class='ocrx_word' id='word_1_212' title='bbox 1033 1903 1151 1973; x_wconf 90' lang='grc' dir='ltr'><strong><em>κλαίων]</em></strong></span> 
     </span>
     <span class='ocr_line' id='line_1_23' title="bbox 62 1967 1148 2042; baseline 0.001 -18"><span class='ocrx_word' id='word_1_213' title='bbox 62 1969 156 2027; x_wconf 84' lang='grc' dir='ltr'><strong><em>κλάων</em></strong></span> <span class='ocrx_word' id='word_1_214' title='bbox 178 1980 253 2028; x_wconf 84' lang='lat' dir='ltr'><strong>Diod.</strong></span> <span class='ocrx_word' id='word_1_215' title='bbox 282 1977 343 2028; x_wconf 78' lang='lat' dir='ltr'><strong>ibid.</strong></span> <span class='ocrx_word' id='word_1_216' title='bbox 361 1974 566 2029; x_wconf 81' lang='grc' dir='ltr'><strong><em>διδασκαλείων</em></strong></span> <span class='ocrx_word' id='word_1_217' title='bbox 581 1980 637 2030; x_wconf 90' lang='lat' dir='ltr'><strong>eod.</strong></span> <span class='ocrx_word' id='word_1_218' title='bbox 656 1986 794 2042; x_wconf 89' lang='lat' dir='ltr'><strong>praeeunte</strong></span> <span class='ocrx_word' id='word_1_219' title='bbox 811 1979 898 2042; x_wconf 85' lang='lat' dir='ltr'><strong>recepi</strong></span> <span class='ocrx_word' id='word_1_220' title='bbox 911 1991 958 2042; x_wconf 89' lang='lat' dir='ltr'><strong>pro</strong></span> <span class='ocrx_word' id='word_1_221' title='bbox 973 1967 1148 2026; x_wconf 81' lang='grc' dir='ltr'><strong><em>διδασκάλων</em></strong></span> 
     </span>
     <span class='ocr_line' id='line_1_24' title="bbox 60 2038 1152 2112; baseline 0 -16"><span class='ocrx_word' id='word_1_222' title='bbox 60 2048 180 2112; x_wconf 84' lang='lat' dir='ltr'><strong>quemvis</strong></span> <span class='ocrx_word' id='word_1_223' title='bbox 202 2049 388 2112; x_wconf 80' lang='lat' dir='ltr'><strong>refragantibus</strong></span> <span class='ocrx_word' id='word_1_224' title='bbox 403 2050 478 2098; x_wconf 81' lang='lat' dir='ltr'><strong>coriti.</strong></span> <span class='ocrx_word' id='word_1_225' title='bbox 513 2049 574 2100; x_wconf 79' lang='lat' dir='ltr'><strong>ibid.</strong></span> <span class='ocrx_word' id='word_1_226' title='bbox 593 2038 628 2096; x_wconf 86' lang='grc' dir='ltr'><strong>τά</strong></span> <span class='ocrx_word' id='word_1_227' title='bbox 646 2056 703 2097; x_wconf 90' lang='lat' dir='ltr'><strong>ante</strong></span> <span class='ocrx_word' id='word_1_228' title='bbox 720 2042 904 2096; x_wconf 78' lang='grc' dir='ltr'><strong><em>διδασκαλεῖα</em></strong></span> <span class='ocrx_word' id='word_1_229' title='bbox 919 2062 952 2096; x_wconf 87' lang='lat' dir='ltr'><strong>ex</strong></span> <span class='ocrx_word' id='word_1_230' title='bbox 965 2048 1093 2096; x_wconf 86' lang='lat' dir='ltr'><strong>Marciano</strong></span> <span class='ocrx_word' id='word_1_231' title='bbox 1109 2047 1152 2096; x_wconf 82' lang='lat' dir='ltr'><strong>ad-</strong></span> 
     </span>
     <span class='ocr_line' id='line_1_25' title="bbox 60 2103 1151 2183; baseline -0.001 -17"><span class='ocrx_word' id='word_1_232' title='bbox 60 2116 126 2167; x_wconf 88' lang='lat' dir='ltr'><strong>didi.</strong></span> <span class='ocrx_word' id='word_1_233' title='bbox 151 2116 216 2166; x_wconf 78' lang='lat' dir='ltr'><strong>ibid.</strong></span> <span class='ocrx_word' id='word_1_234' title='bbox 231 2108 355 2182; x_wconf 68' lang='lat' dir='ltr'><strong>pipinius</strong></span> <span class='ocrx_word' id='word_1_235' title='bbox 375 2119 466 2183; x_wconf 85' lang='lat' dir='ltr'><strong>scripsi</strong></span> <span class='ocrx_word' id='word_1_236' title='bbox 483 2133 528 2183; x_wconf 92' lang='lat' dir='ltr'><strong>pro</strong></span> <span class='ocrx_word' id='word_1_237' title='bbox 548 2110 586 2183; x_wconf 77' lang='grc' dir='ltr'><strong>μὴ</strong></span> <span class='ocrx_word' id='word_1_238' title='bbox 606 2108 672 2167; x_wconf 88' lang='grc' dir='ltr'><strong><em>δότε</em></strong></span> <span class='ocrx_word' id='word_1_239' title='bbox 705 2115 765 2165; x_wconf 81' lang='lat' dir='ltr'><strong>ibid.</strong></span> <span class='ocrx_word' id='word_1_240' title='bbox 777 2107 903 2183; x_wconf 80' lang='grc' dir='ltr'><strong><em>ἔντιμον]</em></strong></span> <span class='ocrx_word' id='word_1_241' title='bbox 922 2103 953 2164; x_wconf 85' lang='grc' dir='ltr'><strong>ἐν</strong></span> <span class='ocrx_word' id='word_1_242' title='bbox 971 2113 1039 2182; x_wconf 84' lang='grc' dir='ltr'><strong><em>τιμῇ</em></strong></span> <span class='ocrx_word' id='word_1_243' title='bbox 1055 2114 1151 2174; x_wconf 80' lang='lat' dir='ltr'><strong>Cobet..</strong></span> 
     </span>
     <span class='ocr_line' id='line_1_26' title="bbox 60 2186 1152 2254; baseline 0 -18"><span class='ocrx_word' id='word_1_244' title='bbox 60 2193 88 2237; x_wconf 82' lang='lat' dir='ltr'><strong>at</strong></span> <span class='ocrx_word' id='word_1_245' title='bbox 105 2187 173 2236; x_wconf 89' lang='lat' dir='ltr'><strong>idem</strong></span> <span class='ocrx_word' id='word_1_246' title='bbox 196 2189 246 2237; x_wconf 84' lang='lat' dir='ltr'><strong>iarn</strong></span> <span class='ocrx_word' id='word_1_247' title='bbox 261 2197 430 2252; x_wconf 80' lang='lat' dir='ltr'><strong>proposuerat</strong></span> <span class='ocrx_word' id='word_1_248' title='bbox 442 2186 576 2254; x_wconf 78' lang='lat' dir='ltr'><strong>Seagerus.</strong></span> <span class='ocrx_word' id='word_1_249' title='bbox 595 2186 655 2236; x_wconf 87' lang='lat' dir='ltr'><strong>talia</strong></span> <span class='ocrx_word' id='word_1_250' title='bbox 670 2186 815 2251; x_wconf 77' lang='lat' dir='ltr'><strong>excogitare</strong></span> <span class='ocrx_word' id='word_1_251' title='bbox 829 2187 916 2248; x_wconf 77' lang='lat' dir='ltr'><strong>magni</strong></span> <span class='ocrx_word' id='word_1_252' title='bbox 932 2188 1027 2250; x_wconf 77' lang='lat' dir='ltr'><strong>negotii</strong></span> <span class='ocrx_word' id='word_1_253' title='bbox 1041 2194 1152 2236; x_wconf 89' lang='lat' dir='ltr'><strong>nonest.</strong></span> 
     </span>
     <span class='ocr_line' id='line_1_27' title="bbox 60 2242 1153 2322; baseline -0.002 -17"><span class='ocrx_word' id='word_1_254' title='bbox 60 2272 84 2305; x_wconf 85' lang='lat' dir='ltr'><strong>a.</strong></span> <span class='ocrx_word' id='word_1_255' title='bbox 97 2255 132 2306; x_wconf 89' lang='grc'><strong>14</strong></span> <span class='ocrx_word' id='word_1_256' title='bbox 150 2246 202 2321; x_wconf 84' lang='grc' dir='ltr'><strong>οάγ</strong></span> <span class='ocrx_word' id='word_1_257' title='bbox 223 2249 318 2319; x_wconf 81' lang='grc' dir='ltr'><strong><em>ἕτερον</em></strong></span> <span class='ocrx_word' id='word_1_258' title='bbox 332 2245 402 2322; x_wconf 76' lang='grc' dir='ltr'><strong><em>κτέ]</em></strong></span> <span class='ocrx_word' id='word_1_259' title='bbox 421 2257 576 2314; x_wconf 68' lang='lat' dir='ltr'><strong>‚manifesta</strong></span> <span class='ocrx_word' id='word_1_260' title='bbox 595 2256 686 2305; x_wconf 82' lang='lat' dir='ltr'><strong>lacuna</strong></span> <span class='ocrx_word' id='word_1_261' title='bbox 699 2255 737 2304; x_wconf 88' lang='lat' dir='ltr'><strong>sio</strong></span> <span class='ocrx_word' id='word_1_262' title='bbox 755 2254 883 2320; x_wconf 82' lang='lat' dir='ltr'><strong>explenda</strong></span> <span class='ocrx_word' id='word_1_263' title='bbox 901 2255 1012 2304; x_wconf 84' lang='lat' dir='ltr'><strong>videtur:</strong></span> <span class='ocrx_word' id='word_1_264' title='bbox 1029 2242 1081 2318; x_wconf 81' lang='grc' dir='ltr'><strong>οῦγ</strong></span> <span class='ocrx_word' id='word_1_265' title='bbox 1097 2246 1153 2304; x_wconf 77' lang='grc' dir='ltr'><strong><em>ἓτε-</em></strong></span> 
     </span>
     <span class='ocr_line' id='line_1_28' title="bbox 16 2309 1153 2389; baseline 0.003 -19"><span class='ocrx_word' id='word_1_266' title='bbox 16 2367 17 2370; x_wconf 66' lang='lat'>,</span> <span class='ocrx_word' id='word_1_267' title='bbox 60 2337 115 2388; x_wconf 88' lang='grc' dir='ltr'><strong><em>ρον</em></strong></span> <span class='ocrx_word' id='word_1_268' title='bbox 127 2318 179 2387; x_wconf 77' lang='grc' dir='ltr'><strong>μέν</strong></span> <span class='ocrx_word' id='word_1_269' title='bbox 205 2340 230 2374; x_wconf 85' lang='grc' dir='ltr'><strong>τι</strong></span> <span class='ocrx_word' id='word_1_270' title='bbox 250 2316 412 2389; x_wconf 86' lang='grc' dir='ltr'><strong><em>πράττει,</em></strong></span> <span class='ocrx_word' id='word_1_271' title='bbox 431 2319 555 2388; x_wconf 77' lang='grc' dir='ltr'><strong><em>ἕτερον</em></strong></span> <span class='ocrx_word' id='word_1_272' title='bbox 569 2317 606 2374; x_wconf 77' lang='grc' dir='ltr'><strong><em>δέ</em></strong></span> <span class='ocrx_word' id='word_1_273' title='bbox 624 2315 730 2374; x_wconf 82' lang='grc' dir='ltr'><strong><em>διάκει.</em></strong></span> <span class='ocrx_word' id='word_1_274' title='bbox 744 2333 797 2373; x_wconf 90' lang='lat' dir='ltr'><strong>tum</strong></span> <span class='ocrx_word' id='word_1_275' title='bbox 810 2324 881 2389; x_wconf 82' lang='lat' dir='ltr'><strong>iege:</strong></span> <span class='ocrx_word' id='word_1_276' title='bbox 899 2318 949 2373; x_wconf 83' lang='grc' dir='ltr'><strong><em>κοιλ</em></strong></span> <span class='ocrx_word' id='word_1_277' title='bbox 963 2313 1002 2372; x_wconf 85' lang='grc' dir='ltr'><strong>τδ</strong></span> <span class='ocrx_word' id='word_1_278' title='bbox 1023 2309 1153 2374; x_wconf 75' lang='grc' dir='ltr'><strong><em>οὗὲνεκα</em></strong></span> 
     </span>
     <span class='ocr_line' id='line_1_29' title="bbox 58 2383 1153 2460; baseline 0 -18"><span class='ocrx_word' id='word_1_279' title='bbox 58 2390 212 2458; x_wconf 58' lang='grc' dir='ltr'><strong>γίγνεται(ι</strong></span> <span class='ocrx_word' id='word_1_280' title='bbox 229 2394 314 2447; x_wconf 74' lang='lat' dir='ltr'><strong>cobet.</strong></span> <span class='ocrx_word' id='word_1_281' title='bbox 334 2395 416 2445; x_wconf 87' lang='lat' dir='ltr'><strong>futilis</strong></span> <span class='ocrx_word' id='word_1_282' title='bbox 431 2397 583 2447; x_wconf 84' lang='lat' dir='ltr'><strong>coniectura.</strong></span> <span class='ocrx_word' id='word_1_283' title='bbox 622 2410 643 2447; x_wconf 92' lang='grc' dir='ltr'><strong>ο.</strong></span> <span class='ocrx_word' id='word_1_284' title='bbox 665 2394 697 2444; x_wconf 83' lang='grc'><strong>15</strong></span> <span class='ocrx_word' id='word_1_285' title='bbox 716 2384 810 2443; x_wconf 82' lang='grc' dir='ltr'><strong><em>ἐκεῖνά</em></strong></span> <span class='ocrx_word' id='word_1_286' title='bbox 828 2392 869 2460; x_wconf 88' lang='grc' dir='ltr'><strong><em>γε]</em></strong></span> <span class='ocrx_word' id='word_1_287' title='bbox 888 2383 981 2443; x_wconf 81' lang='grc' dir='ltr'><strong><em>ἐκεῖνό</em></strong></span> <span class='ocrx_word' id='word_1_288' title='bbox 1000 2406 1031 2458; x_wconf 86' lang='grc' dir='ltr'><strong><em>γε</em></strong></span> <span class='ocrx_word' id='word_1_289' title='bbox 1054 2393 1153 2454; x_wconf 65' lang='lat' dir='ltr'><strong>Cobet„</strong></span> 
     </span>
     <span class='ocr_line' id='line_1_30' title="bbox 59 2453 1153 2527; baseline 0 -14"><span class='ocrx_word' id='word_1_290' title='bbox 59 2464 121 2527; x_wconf 88' lang='lat' dir='ltr'><strong>quie</strong></span> <span class='ocrx_word' id='word_1_291' title='bbox 139 2463 269 2515; x_wconf 85' lang='lat' dir='ltr'><strong>referatur</strong></span> <span class='ocrx_word' id='word_1_292' title='bbox 284 2464 316 2512; x_wconf 86' lang='lat' dir='ltr'><strong>ad</strong></span> <span class='ocrx_word' id='word_1_293' title='bbox 335 2479 389 2515; x_wconf 88' lang='lat' dir='ltr'><strong>rem</strong></span> <span class='ocrx_word' id='word_1_294' title='bbox 406 2479 508 2514; x_wconf 88' lang='lat' dir='ltr'><strong>unem.</strong></span> <span class='ocrx_word' id='word_1_295' title='bbox 539 2458 784 2526; x_wconf 58' lang='lat' dir='ltr'><strong>winthoniensi]</strong></span> <span class='ocrx_word' id='word_1_296' title='bbox 803 2453 959 2512; x_wconf 71' lang='grc' dir='ltr'><strong><em>ἐπιτελοῦσι</em></strong></span> <span class='ocrx_word' id='word_1_297' title='bbox 978 2462 1054 2512; x_wconf 86' lang='lat' dir='ltr'><strong>idern.</strong></span> <span class='ocrx_word' id='word_1_298' title='bbox 1086 2480 1108 2515; x_wconf 88' lang='lat' dir='ltr'><strong>c.</strong></span> <span class='ocrx_word' id='word_1_299' title='bbox 1121 2463 1153 2514; x_wconf 77' lang='lat'><strong>16</strong></span> 
     </span>
     <span class='ocr_line' id='line_1_31' title="bbox 60 2521 1153 2599; baseline -0.001 -18"><span class='ocrx_word' id='word_1_300' title='bbox 60 2528 221 2590; x_wconf 79' lang='grc' dir='ltr'><strong><em>νοσοῦντες</em></strong></span> <span class='ocrx_word' id='word_1_301' title='bbox 235 2521 302 2599; x_wconf 60' lang='lat' dir='ltr'><strong>nri]</strong></span> <span class='ocrx_word' id='word_1_302' title='bbox 327 2529 494 2595; x_wconf 84' lang='grc' dir='ltr'><strong><em>νοσοῦντες,</em></strong></span> <span class='ocrx_word' id='word_1_303' title='bbox 520 2525 626 2597; x_wconf 81' lang='grc' dir='ltr'><strong><em>ταύτην</em></strong></span> <span class='ocrx_word' id='word_1_304' title='bbox 646 2523 678 2580; x_wconf 71' lang='grc' dir='ltr'><strong>δὲ</strong></span> <span class='ocrx_word' id='word_1_305' title='bbox 701 2522 754 2594; x_wconf 85' lang='grc' dir='ltr'><strong>τήν</strong></span> <span class='ocrx_word' id='word_1_306' title='bbox 776 2524 878 2596; x_wconf 85' lang='grc' dir='ltr'><strong><em>ιε’γνην</em></strong></span> <span class='ocrx_word' id='word_1_307' title='bbox 896 2529 1086 2589; x_wconf 82' lang='grc' dir='ltr'><strong><em>πολυποσίαις</em></strong></span> <span class='ocrx_word' id='word_1_308' title='bbox 1104 2527 1153 2581; x_wconf 84' lang='grc' dir='ltr'><strong><em>κοιλ</em></strong></span> 
     </span>
     <span class='ocr_line' id='line_1_32' title="bbox 59 2591 1152 2668; baseline 0.001 -19"><span class='ocrx_word' id='word_1_309' title='bbox 59 2601 244 2660; x_wconf 84' lang='grc' dir='ltr'><strong><em>πολυσιτιαις</em></strong></span> <span class='ocrx_word' id='word_1_310' title='bbox 261 2592 505 2668; x_wconf 72' lang='grc' dir='ltr'><strong><em>εὐφραινομένους</em></strong></span> <span class='ocrx_word' id='word_1_311' title='bbox 523 2595 580 2652; x_wconf 82' lang='grc' dir='ltr'><strong><em>ἐστι</em></strong></span> <span class='ocrx_word' id='word_1_312' title='bbox 598 2591 760 2665; x_wconf 73' lang='grc' dir='ltr'><strong><em>μανθάνειν</em></strong></span> <span class='ocrx_word' id='word_1_313' title='bbox 779 2600 877 2659; x_wconf 73' lang='lat' dir='ltr'><strong>Cobet„</strong></span> <span class='ocrx_word' id='word_1_314' title='bbox 900 2616 993 2664; x_wconf 88' lang='lat' dir='ltr'><strong>quum,</strong></span> <span class='ocrx_word' id='word_1_315' title='bbox 1021 2613 1047 2651; x_wconf 92' lang='lat' dir='ltr'><strong>ut</strong></span> <span class='ocrx_word' id='word_1_316' title='bbox 1066 2601 1152 2667; x_wconf 80' lang='lat' dir='ltr'><strong>refert,</strong></span> 
     </span>
     <span class='ocr_line' id='line_1_33' title="bbox 60 2660 1153 2751; baseline 0 -32"><span class='ocrx_word' id='word_1_317' title='bbox 60 2673 86 2720; x_wconf 91' lang='lat' dir='ltr'><strong>in</strong></span> <span class='ocrx_word' id='word_1_318' title='bbox 103 2673 238 2723; x_wconf 71' lang='lat' dir='ltr'><strong>Marciano</strong></span> <span class='ocrx_word' id='word_1_319' title='bbox 256 2673 368 2738; x_wconf 78' lang='lat' dir='ltr'><strong>legatur:</strong></span> <span class='ocrx_word' id='word_1_320' title='bbox 393 2661 484 2737; x_wconf 84' lang='grc' dir='ltr'><strong><em>αῦτὴν</em></strong></span> <span class='ocrx_word' id='word_1_321' title='bbox 509 2663 540 2720; x_wconf 75' lang='grc' dir='ltr'><strong><em>δέ</em></strong></span> <span class='ocrx_word' id='word_1_322' title='bbox 560 2663 612 2736; x_wconf 73' lang='grc' dir='ltr'><strong>τὴν</strong></span> <span class='ocrx_word' id='word_1_323' title='bbox 635 2660 1020 2751; x_wconf 70' lang='grc' dir='ltr'><strong><em>τέγνην-εῦφραινομένου</em></strong></span> <span class='ocrx_word' id='word_1_324' title='bbox 1039 2663 1153 2733; x_wconf 78' lang='grc' dir='ltr'><strong><em>μανθά-</em></strong></span> 
     </span>
     <span class='ocr_line' id='line_1_34' title="bbox 60 2730 1154 2806; baseline -0.001 -16"><span class='ocrx_word' id='word_1_325' title='bbox 60 2754 122 2790; x_wconf 88' lang='grc' dir='ltr'><strong><em>νειν</em></strong></span> <span class='ocrx_word' id='word_1_326' title='bbox 159 2759 182 2794; x_wconf 85' lang='grc' dir='ltr'><strong>ο.</strong></span> <span class='ocrx_word' id='word_1_327' title='bbox 209 2743 241 2793; x_wconf 86' lang='grc'><strong>17</strong></span> <span class='ocrx_word' id='word_1_328' title='bbox 259 2730 380 2806; x_wconf 78' lang='grc' dir='ltr'><strong><em>ἀπάρχει</em></strong></span> <span class='ocrx_word' id='word_1_329' title='bbox 402 2736 452 2790; x_wconf 78' lang='grc' dir='ltr'><strong>καὶ</strong></span> <span class='ocrx_word' id='word_1_330' title='bbox 470 2733 571 2806; x_wconf 72' lang='grc' dir='ltr'><strong><em>μηδὲν]</em></strong></span> <span class='ocrx_word' id='word_1_331' title='bbox 594 2753 710 2803; x_wconf 84' lang='grc' dir='ltr'><strong><em>παρεγει</em></strong></span> <span class='ocrx_word' id='word_1_332' title='bbox 727 2734 776 2786; x_wconf 79' lang='grc' dir='ltr'><strong>καί</strong></span> <span class='ocrx_word' id='word_1_333' title='bbox 799 2735 840 2806; x_wconf 77' lang='grc' dir='ltr'><strong>τῷ</strong></span> <span class='ocrx_word' id='word_1_334' title='bbox 853 2730 944 2804; x_wconf 75' lang='grc' dir='ltr'><strong><em>μπγδέν</em></strong></span> <span class='ocrx_word' id='word_1_335' title='bbox 962 2738 998 2788; x_wconf 88' lang='lat' dir='ltr'><strong>id.</strong></span> <span class='ocrx_word' id='word_1_336' title='bbox 1022 2738 1083 2788; x_wconf 90' lang='lat' dir='ltr'><strong>lusit</strong></span> <span class='ocrx_word' id='word_1_337' title='bbox 1098 2740 1154 2791; x_wconf 87' lang='lat' dir='ltr'><strong>sine</strong></span> 
     </span>
     <span class='ocr_line' id='line_1_35' title="bbox 60 2798 1153 2891; baseline -0.001 -31"><span class='ocrx_word' id='word_1_338' title='bbox 60 2811 139 2860; x_wconf 82' lang='lat' dir='ltr'><strong>dubio</strong></span> <span class='ocrx_word' id='word_1_339' title='bbox 157 2812 318 2862; x_wconf 71' lang='lat' dir='ltr'><strong>indoctus.</strong></span> <span class='ocrx_word' id='word_1_340' title='bbox 355 2824 376 2860; x_wconf 91' lang='lat' dir='ltr'><strong>c.</strong></span> <span class='ocrx_word' id='word_1_341' title='bbox 393 2809 425 2860; x_wconf 82' lang='lat'><strong>19</strong></span> <span class='ocrx_word' id='word_1_342' title='bbox 442 2802 594 2876; x_wconf 87' lang='grc' dir='ltr'><strong><em>Σωκράτη]</em></strong></span> <span class='ocrx_word' id='word_1_343' title='bbox 612 2803 663 2860; x_wconf 85' lang='grc' dir='ltr'><strong>τὸν</strong></span> <span class='ocrx_word' id='word_1_344' title='bbox 680 2798 837 2871; x_wconf 85' lang='grc' dir='ltr'><strong><em>Σωκράτην</em></strong></span> <span class='ocrx_word' id='word_1_345' title='bbox 855 2808 989 2891; x_wconf 52' lang='grc' dir='ltr'><strong><em>Μειολεο.)</em></strong></span> <span class='ocrx_word' id='word_1_346' title='bbox 1006 2810 1075 2872; x_wconf 86' lang='lat' dir='ltr'><strong>quod</strong></span> <span class='ocrx_word' id='word_1_347' title='bbox 1094 2824 1153 2874; x_wconf 91' lang='lat' dir='ltr'><strong>pro-</strong></span> 
     </span>
     <span class='ocr_line' id='line_1_36' title="bbox 60 2874 1153 2945; baseline 0.001 -17"><span class='ocrx_word' id='word_1_348' title='bbox 60 2882 103 2929; x_wconf 86' lang='lat' dir='ltr'><strong>bet</strong></span> <span class='ocrx_word' id='word_1_349' title='bbox 120 2879 182 2930; x_wconf 84' lang='lat' dir='ltr'><strong>Gob.</strong></span> <span class='ocrx_word' id='word_1_350' title='bbox 225 2881 286 2932; x_wconf 82' lang='lat' dir='ltr'><strong>ibid.</strong></span> <span class='ocrx_word' id='word_1_351' title='bbox 304 2876 506 2945; x_wconf 88' lang='grc' dir='ltr'><strong><em>παραγίγνεται</em></strong></span> <span class='ocrx_word' id='word_1_352' title='bbox 523 2880 599 2930; x_wconf 83' lang='lat' dir='ltr'><strong>Dind.</strong></span> <span class='ocrx_word' id='word_1_353' title='bbox 639 2898 662 2934; x_wconf 90' lang='lat' dir='ltr'><strong>c.</strong></span> <span class='ocrx_word' id='word_1_354' title='bbox 679 2881 712 2929; x_wconf 92' lang='grc'><strong>22</strong></span> <span class='ocrx_word' id='word_1_355' title='bbox 735 2874 924 2944; x_wconf 79' lang='grc' dir='ltr'><strong><em>παρασιτικῆς</em></strong></span> <span class='ocrx_word' id='word_1_356' title='bbox 941 2891 1020 2931; x_wconf 84' lang='grc' dir='ltr'><strong><em>πάνυ</em></strong></span> <span class='ocrx_word' id='word_1_357' title='bbox 1037 2893 1087 2928; x_wconf 89' lang='lat' dir='ltr'><strong>reo.</strong></span> <span class='ocrx_word' id='word_1_358' title='bbox 1107 2893 1153 2944; x_wconf 91' lang='lat' dir='ltr'><strong>pro</strong></span> 
     </span>
     <span class='ocr_line' id='line_1_37' title="bbox 59 2934 1153 3026; baseline 0.002 -29"><span class='ocrx_word' id='word_1_359' title='bbox 59 2939 288 3014; x_wconf 83' lang='grc' dir='ltr'><strong><em>παρασιτικῆςὴ</em></strong></span> <span class='ocrx_word' id='word_1_360' title='bbox 307 2937 381 3014; x_wconf 79' lang='grc' dir='ltr'><strong><em>ἀργὴ</em></strong></span> <span class='ocrx_word' id='word_1_361' title='bbox 400 2941 477 2999; x_wconf 89' lang='grc' dir='ltr'><strong><em>πάνυ</em></strong></span> <span class='ocrx_word' id='word_1_362' title='bbox 512 2950 572 3001; x_wconf 83' lang='lat' dir='ltr'><strong>ibid.</strong></span> <span class='ocrx_word' id='word_1_363' title='bbox 591 2939 644 2998; x_wconf 87' lang='grc' dir='ltr'><strong><em>οῦκ</em></strong></span> <span class='ocrx_word' id='word_1_364' title='bbox 662 2935 699 2998; x_wconf 86' lang='grc' dir='ltr'><strong>ἀν</strong></span> <span class='ocrx_word' id='word_1_365' title='bbox 712 2936 791 3014; x_wconf 86' lang='grc' dir='ltr'><strong><em>ἀλλο]</em></strong></span> <span class='ocrx_word' id='word_1_366' title='bbox 818 2934 856 2997; x_wconf 83' lang='grc' dir='ltr'><strong>ἀν</strong></span> <span class='ocrx_word' id='word_1_367' title='bbox 874 2963 931 2998; x_wconf 90' lang='lat' dir='ltr'><strong>cum</strong></span> <span class='ocrx_word' id='word_1_368' title='bbox 951 2947 1027 2999; x_wconf 84' lang='lat' dir='ltr'><strong>Diod.</strong></span> <span class='ocrx_word' id='word_1_369' title='bbox 1047 2949 1153 3026; x_wconf 70' lang='lat' dir='ltr'><strong>inserui.</strong></span> 
     </span>
     <span class='ocr_line' id='line_1_38' title="bbox 59 3003 1154 3081; baseline -0.003 -13"><span class='ocrx_word' id='word_1_370' title='bbox 59 3019 121 3072; x_wconf 80' lang='lat' dir='ltr'><strong>ibid.</strong></span> <span class='ocrx_word' id='word_1_371' title='bbox 142 3003 234 3077; x_wconf 76' lang='grc' dir='ltr'><strong><em>οὗτος</em></strong></span> <span class='ocrx_word' id='word_1_372' title='bbox 256 3009 373 3081; x_wconf 82' lang='grc' dir='ltr'><strong><em>ὁφίλος</em></strong></span> <span class='ocrx_word' id='word_1_373' title='bbox 409 3018 544 3069; x_wconf 87' lang='lat' dir='ltr'><strong>delendum</strong></span> <span class='ocrx_word' id='word_1_374' title='bbox 567 3029 652 3070; x_wconf 83' lang='lat' dir='ltr'><strong>censet</strong></span> <span class='ocrx_word' id='word_1_375' title='bbox 675 3016 811 3069; x_wconf 77' lang='lat' dir='ltr'><strong>articulum</strong></span> <span class='ocrx_word' id='word_1_376' title='bbox 835 3016 921 3068; x_wconf 86' lang='lat' dir='ltr'><strong>Cobet.</strong></span> <span class='ocrx_word' id='word_1_377' title='bbox 962 3035 984 3068; x_wconf 89' lang='lat' dir='ltr'><strong>c.</strong></span> <span class='ocrx_word' id='word_1_378' title='bbox 1006 3015 1041 3068; x_wconf 84' lang='lat'><strong>23</strong></span> <span class='ocrx_word' id='word_1_379' title='bbox 1063 3013 1154 3067; x_wconf 75' lang='grc' dir='ltr'><strong><em>αυτοῦ</em></strong></span> 
     </span>
     <span class='ocr_line' id='line_1_39' title="bbox 57 3077 1153 3172; baseline -0.001 -37"><span class='ocrx_word' id='word_1_380' title='bbox 57 3101 162 3138; x_wconf 84' lang='lat' dir='ltr'><strong>auctore</strong></span> <span class='ocrx_word' id='word_1_381' title='bbox 183 3087 258 3137; x_wconf 84' lang='lat' dir='ltr'><strong>Dind.</strong></span> <span class='ocrx_word' id='word_1_382' title='bbox 277 3102 323 3154; x_wconf 87' lang='lat' dir='ltr'><strong>pro</strong></span> <span class='ocrx_word' id='word_1_383' title='bbox 339 3084 431 3140; x_wconf 88' lang='grc' dir='ltr'><strong><em>αυτοῦ</em></strong></span> <span class='ocrx_word' id='word_1_384' title='bbox 464 3105 486 3140; x_wconf 90' lang='grc' dir='ltr'><strong>ο.</strong></span> <span class='ocrx_word' id='word_1_385' title='bbox 506 3091 540 3139; x_wconf 83' lang='grc'><strong>24</strong></span> <span class='ocrx_word' id='word_1_386' title='bbox 555 3079 590 3140; x_wconf 92' lang='grc' dir='ltr'><strong>τά</strong></span> <span class='ocrx_word' id='word_1_387' title='bbox 608 3077 648 3156; x_wconf 77' lang='grc' dir='ltr'><strong>γ’]</strong></span> <span class='ocrx_word' id='word_1_388' title='bbox 664 3077 694 3172; x_wconf 78' lang='grc' dir='ltr'><strong>γ’</strong></span> <span class='ocrx_word' id='word_1_389' title='bbox 712 3102 768 3138; x_wconf 86' lang='lat' dir='ltr'><strong>eum</strong></span> <span class='ocrx_word' id='word_1_390' title='bbox 785 3087 861 3139; x_wconf 89' lang='lat' dir='ltr'><strong>Dind.</strong></span> <span class='ocrx_word' id='word_1_391' title='bbox 881 3102 913 3137; x_wconf 82' lang='lat' dir='ltr'><strong>ex</strong></span> <span class='ocrx_word' id='word_1_392' title='bbox 927 3087 1037 3136; x_wconf 86' lang='lat' dir='ltr'><strong>Homero</strong></span> <span class='ocrx_word' id='word_1_393' title='bbox 1054 3086 1153 3137; x_wconf 84' lang='lat' dir='ltr'><strong>addidi.</strong></span> 
     </span>
     <span class='ocr_line' id='line_1_40' title="bbox 59 3146 1151 3235; baseline -0.003 -28"><span class='ocrx_word' id='word_1_394' title='bbox 59 3173 83 3207; x_wconf 86' lang='lat' dir='ltr'><strong>e.</strong></span> <span class='ocrx_word' id='word_1_395' title='bbox 94 3160 127 3208; x_wconf 77' lang='grc'><strong>25</strong></span> <span class='ocrx_word' id='word_1_396' title='bbox 152 3148 261 3223; x_wconf 69' lang='grc' dir='ltr'><strong><em>ῥήτορά</em></strong></span> <span class='ocrx_word' id='word_1_397' title='bbox 272 3154 314 3222; x_wconf 89' lang='grc' dir='ltr'><strong>τε]</strong></span> <span class='ocrx_word' id='word_1_398' title='bbox 332 3148 441 3224; x_wconf 74' lang='grc' dir='ltr'><strong><em>δήτορά</em></strong></span> <span class='ocrx_word' id='word_1_399' title='bbox 452 3171 482 3223; x_wconf 84' lang='grc' dir='ltr'><strong><em>γε</em></strong></span> <span class='ocrx_word' id='word_1_400' title='bbox 496 3157 556 3208; x_wconf 84' lang='grc' dir='ltr'><strong><em>(λολ).</em></strong></span> <span class='ocrx_word' id='word_1_401' title='bbox 586 3159 646 3208; x_wconf 81' lang='lat' dir='ltr'><strong>ibid.</strong></span> <span class='ocrx_word' id='word_1_402' title='bbox 660 3152 823 3222; x_wconf 80' lang='grc' dir='ltr'><strong><em>αποφαίνγ]</em></strong></span> <span class='ocrx_word' id='word_1_403' title='bbox 841 3146 1016 3235; x_wconf 60' lang='grc' dir='ltr'><strong><em>άποφαίνγις</em></strong></span> <span class='ocrx_word' id='word_1_404' title='bbox 1026 3154 1061 3205; x_wconf 83' lang='lat' dir='ltr'><strong>id.</strong></span> <span class='ocrx_word' id='word_1_405' title='bbox 1091 3155 1151 3204; x_wconf 81' lang='lat' dir='ltr'><strong>ibid.</strong></span> 
     </span>
     <span class='ocr_line' id='line_1_41' title="bbox 57 3215 1153 3293; baseline 0.001 -17"><span class='ocrx_word' id='word_1_406' title='bbox 57 3215 125 3276; x_wconf 86' lang='grc' dir='ltr'><strong><em>άντλ</em></strong></span> <span class='ocrx_word' id='word_1_407' title='bbox 155 3219 271 3293; x_wconf 77' lang='grc' dir='ltr'><strong><em>τοῦτον]</em></strong></span> <span class='ocrx_word' id='word_1_408' title='bbox 295 3223 360 3277; x_wconf 78' lang='grc' dir='ltr'><strong><em>ἀντὶ</em></strong></span> <span class='ocrx_word' id='word_1_409' title='bbox 383 3225 436 3278; x_wconf 89' lang='grc' dir='ltr'><strong>τοῦ</strong></span> <span class='ocrx_word' id='word_1_410' title='bbox 460 3228 496 3283; x_wconf 86' lang='lat' dir='ltr'><strong>id.</strong></span> <span class='ocrx_word' id='word_1_411' title='bbox 533 3244 555 3277; x_wconf 88' lang='lat' dir='ltr'><strong>c.</strong></span> <span class='ocrx_word' id='word_1_412' title='bbox 579 3228 613 3278; x_wconf 83' lang='grc'><strong>26</strong></span> <span class='ocrx_word' id='word_1_413' title='bbox 632 3222 733 3276; x_wconf 81' lang='grc' dir='ltr'><strong><em>ποιοῦν</em></strong></span> <span class='ocrx_word' id='word_1_414' title='bbox 756 3227 847 3290; x_wconf 80' lang='lat' dir='ltr'><strong>scripsi</strong></span> <span class='ocrx_word' id='word_1_415' title='bbox 871 3240 918 3289; x_wconf 88' lang='lat' dir='ltr'><strong>pro</strong></span> <span class='ocrx_word' id='word_1_416' title='bbox 941 3238 1058 3276; x_wconf 83' lang='grc' dir='ltr'><strong><em>παντων</em></strong></span> <span class='ocrx_word' id='word_1_417' title='bbox 1092 3224 1153 3277; x_wconf 76' lang='lat' dir='ltr'><strong>ibid.</strong></span> 
     </span>
     <span class='ocr_line' id='line_1_42' title="bbox 58 3283 1154 3377; baseline -0.003 -33"><span class='ocrx_word' id='word_1_418' title='bbox 58 3288 128 3358; x_wconf 81' lang='grc' dir='ltr'><strong><em>φέρε</em></strong></span> <span class='ocrx_word' id='word_1_419' title='bbox 152 3289 201 3377; x_wconf 72' lang='grc' dir='ltr'><strong>δὲ]</strong></span> <span class='ocrx_word' id='word_1_420' title='bbox 214 3289 283 3361; x_wconf 82' lang='grc' dir='ltr'><strong><em>φέρε</em></strong></span> <span class='ocrx_word' id='word_1_421' title='bbox 301 3288 337 3361; x_wconf 73' lang='grc' dir='ltr'><strong>δὴ</strong></span> <span class='ocrx_word' id='word_1_422' title='bbox 355 3306 458 3350; x_wconf 80' lang='lat' dir='ltr'><strong>revocat</strong></span> <span class='ocrx_word' id='word_1_423' title='bbox 475 3297 510 3350; x_wconf 79' lang='lat' dir='ltr'><strong>id,</strong></span> <span class='ocrx_word' id='word_1_424' title='bbox 546 3298 607 3347; x_wconf 81' lang='lat' dir='ltr'><strong>ibid.</strong></span> <span class='ocrx_word' id='word_1_425' title='bbox 625 3286 689 3345; x_wconf 90' lang='grc' dir='ltr'><strong><em>κατ’</em></strong></span> <span class='ocrx_word' id='word_1_426' title='bbox 707 3287 798 3359; x_wconf 85' lang='grc' dir='ltr'><strong><em>ίδίαν]</em></strong></span> <span class='ocrx_word' id='word_1_427' title='bbox 817 3287 879 3362; x_wconf 63' lang='lat' dir='ltr'><strong>trip</strong></span> <span class='ocrx_word' id='word_1_428' title='bbox 895 3295 931 3346; x_wconf 83' lang='lat' dir='ltr'><strong>id.</strong></span> <span class='ocrx_word' id='word_1_429' title='bbox 966 3293 1026 3344; x_wconf 84' lang='lat' dir='ltr'><strong>iin&#39;d.</strong></span> <span class='ocrx_word' id='word_1_430' title='bbox 1045 3283 1154 3357; x_wconf 81' lang='grc' dir='ltr'><strong><em>ἀμολὸ-</em></strong></span> 
     </span>
     <span class='ocr_line' id='line_1_43' title="bbox 58 3356 1154 3432; baseline -0.001 -19"><span class='ocrx_word' id='word_1_431' title='bbox 58 3380 141 3429; x_wconf 83' lang='grc' dir='ltr'><strong><em>γιγται</em></strong></span> <span class='ocrx_word' id='word_1_432' title='bbox 166 3363 216 3432; x_wconf 86' lang='grc' dir='ltr'><strong>δη]</strong></span> <span class='ocrx_word' id='word_1_433' title='bbox 240 3382 298 3416; x_wconf 89' lang='lat' dir='ltr'><strong>cnm</strong></span> <span class='ocrx_word' id='word_1_434' title='bbox 314 3367 388 3416; x_wconf 86' lang='lat' dir='ltr'><strong>Diod.</strong></span> <span class='ocrx_word' id='word_1_435' title='bbox 410 3383 458 3432; x_wconf 88' lang='lat' dir='ltr'><strong>pru</strong></span> <span class='ocrx_word' id='word_1_436' title='bbox 474 3356 550 3430; x_wconf 78' lang='grc' dir='ltr'><strong><em>ἀμολ</em></strong></span> <span class='ocrx_word' id='word_1_437' title='bbox 578 3356 631 3430; x_wconf 88' lang='grc' dir='ltr'><strong>γάρ</strong></span> <span class='ocrx_word' id='word_1_438' title='bbox 646 3356 684 3430; x_wconf 77' lang='grc' dir='ltr'><strong>δὴ</strong></span> <span class='ocrx_word' id='word_1_439' title='bbox 718 3363 779 3413; x_wconf 82' lang='lat' dir='ltr'><strong>ibid.</strong></span> <span class='ocrx_word' id='word_1_440' title='bbox 799 3373 857 3429; x_wconf 90' lang='lat' dir='ltr'><strong>post</strong></span> <span class='ocrx_word' id='word_1_441' title='bbox 881 3376 955 3420; x_wconf 85' lang='grc' dir='ltr'><strong><em>τινες</em></strong></span> <span class='ocrx_word' id='word_1_442' title='bbox 978 3363 1036 3412; x_wconf 89' lang='lat' dir='ltr'><strong>eod.</strong></span> <span class='ocrx_word' id='word_1_443' title='bbox 1051 3373 1154 3423; x_wconf 85' lang='lat' dir='ltr'><strong>auctore</strong></span> 
     </span>
     <span class='ocr_line' id='line_1_44' title="bbox 58 3422 1151 3564; baseline -0.001 -12"><span class='ocrx_word' id='word_1_444' title='bbox 58 3437 169 3553; x_wconf 68' lang='lat' dir='ltr'><strong>ean</strong></span> <span class='ocrx_word' id='word_1_445' title='bbox 202 3489 387 3555; x_wconf 86' lang='lat'><strong>.</strong></span> <span class='ocrx_word' id='word_1_446' title='bbox 428 3425 650 3564; x_wconf 53' lang='lat' dir='ltr'><strong>iiiiii·</strong></span> <span class='ocrx_word' id='word_1_447' title='bbox 766 3447 821 3552; x_wconf 77' lang='lat' dir='ltr'><strong>nt</strong></span> <span class='ocrx_word' id='word_1_448' title='bbox 838 3422 1151 3552; x_wconf 60' lang='lat' dir='ltr'><strong>‘tantuin</strong></span> 
     </span>
     <span class='ocr_line' id='line_1_45' title="bbox 58 3514 1149 3639; baseline -0.004 -17"><span class='ocrx_word' id='word_1_449' title='bbox 58 3519 119 3634; x_wconf 75' lang='grc' dir='ltr'><strong><em>τερ(</em></strong></span> <span class='ocrx_word' id='word_1_450' title='bbox 140 3519 188 3639; x_wconf 51' lang='grc' dir='ltr'><strong>δεῖ)</strong></span> <span class='ocrx_word' id='word_1_451' title='bbox 202 3519 491 3637; x_wconf 49' lang='grc' dir='ltr'><strong><em>άάἴιδείὲαίμίδποο.ε27</em></strong></span> <span class='ocrx_word' id='word_1_452' title='bbox 510 3519 585 3622; x_wconf 57' lang='grc' dir='ltr'><strong><em>ἓάυτοι</em></strong></span> <span class='ocrx_word' id='word_1_453' title='bbox 602 3514 803 3638; x_wconf 57' lang='grc' dir='ltr'><strong><em>κάίῐῃτδραδτδ]</em></strong></span> <span class='ocrx_word' id='word_1_454' title='bbox 823 3540 854 3622; x_wconf 71' lang='grc' dir='ltr'><strong>ἐν</strong></span> <span class='ocrx_word' id='word_1_455' title='bbox 871 3519 901 3620; x_wconf 68' lang='grc' dir='ltr'><strong><em>δε</em></strong></span> <span class='ocrx_word' id='word_1_456' title='bbox 916 3567 966 3620; x_wconf 82' lang='grc' dir='ltr'><strong>καλ</strong></span> <span class='ocrx_word' id='word_1_457' title='bbox 983 3541 1149 3620; x_wconf 71' lang='grc' dir='ltr'><strong><em>ταῦτάνΗλτ·</em></strong></span> 
     </span>
    </p>
   </div>
   <div class='ocr_carea' id='block_1_3' title="bbox 0 0 1318 4092">
    <p class='ocr_par' dir='ltr' id='par_1_3' title="bbox 0 0 1318 4092">
     <span class='ocr_line' id='line_1_46' title="bbox 0 0 1318 4092; baseline 0 1"><span class='ocrx_word' id='word_1_458' title='bbox 0 0 1318 4092; x_wconf 95' lang='lat' dir='ltr'><strong> </strong></span> 
     </span>
    </p>
   </div>
  </div>
 </body>
</html>
