2625 4092
361 274 482 332 ΠΕΡΙ
502 273 803 332 ΠΑΡΑΣΙΤΟΥ.
1046 270 1088 335 31

159 441 259 502 ΠΛΡ.
282 435 348 502 Καί
362 430 429 520 μήν
444 430 573 519 ἀπόχρη
590 459 644 520 γε,
667 443 759 517 είπερ
776 438 866 501 ἔσται
880 431 918 500 τό
935 431 1016 502 αύτό
1034 437 1089 502 τέ·

75 542 131 612 λος
141 529 354 618 εὐδαιμονίας
365 537 420 600 καί
430 540 658 617 παρασιτικῆς.
683 537 732 599 10.
749 547 904 616 φανεῖται
918 535 954 599 δὲ
966 530 1087 611 οὕτως·

75 631 92 702 ὁ
107 631 172 720 γάρ
187 628 293 716 σοφός
303 628 448 716 Ὅμηρος
460 627 521 697 τὸν
536 637 598 697 τού
609 637 797 712 παρασίτου
811 636 888 716 βίον
901 631 1087 716 θαυμάζων

77 731 118 809 ὥς
136 731 201 815 ἀρα
218 731 381 817 μακάριος
397 731 451 798 καί
463 727 605 817 ζηλωτός
622 739 673 815 είη
688 730 802 815 μόνος,

134 829 176 898 ού
193 829 259 918 γὰρ
275 831 382 916 ἔγωγέ
393 834 427 895 τί
439 854 525 915 φημι
537 829 631 905 τέλος
643 828 859 913 χαριέστερον
873 825 969 913 εἶναι,

133 926 155 1016 ή
171 927 220 997 ὅτ’
238 925 282 996 ἀν
297 927 490 1014 εὐφροσύνη
503 928 565 1011 μέν
580 932 637 1014 ἔχη
654 925 738 992 κάτα
755 929 861 1012 δῆμον
875 924 1018 1014 ἅπαντα,
1103 942 1152 998 847

403 1025 494 1108 παρὰ
510 1025 547 1092 δὲ
563 1026 720 1110 πλήθωσι
735 1026 893 1107 τράπεζαι

132 1132 229 1194 σίτου
244 1130 298 1193 καὶ
316 1131 455 1208 κρειῶν,
473 1125 564 1208 μέθυ
578 1121 609 1189 δ’
624 1125 661 1190 εἰι
679 1130 844 1209 κρητῆρος
857 1120 1023 1208 ἀφύσσων

133 1224 283 1311 οἰνοχόος
296 1228 435 1312 φορέῃσι
450 1225 504 1290 καὶ
522 1227 629 1311 ἐγχείῃ
646 1222 814 1290 δεπάεσσι.

72 1326 123 1393 καί
139 1321 184 1402 ὡς
200 1320 260 1409 ούχ
282 1327 405 1400 ίιιανως
425 1331 530 1389 ταῦτα
546 1323 733 1407 θαυμάζων
750 1329 879 1407 μᾶλλον
898 1324 961 1409 τήν
976 1322 1083 1393 αὑτοῦ

72 1423 210 1510 γνύμην
221 1437 312 1491 ποιεί
323 1427 560 1506 φανερωτέραν
578 1415 617 1489 εύ
633 1426 756 1508 λέγων·

154 1520 255 1589 τοῦτό
270 1529 304 1589 τί
315 1547 371 1608 μοι
387 1522 567 1588 κάλλιστον
583 1522 632 1588 ἐνὶ
648 1523 768 1606 φρεσίν
787 1525 907 1588 εἴδεται
924 1521 1018 1606 εἶναι,

69 1618 128 1706 ούχ
149 1618 266 1703 ἕτερόν
285 1647 316 1688 τι
335 1622 367 1699 ἐξ
390 1611 439 1687 ύν
457 1639 578 1706 φησιν,
603 1615 682 1706 ήτό
703 1635 898 1701 παρασιτεῖν
920 1620 1081 1708 εὔδαιμον

69 1724 229 1805 νομίζων·
263 1721 318 1785 καὶ
341 1715 410 1805 μήν
430 1715 510 1786 οὐδὲ
528 1721 575 1808 τῷ
594 1717 729 1804 τυχόντι
754 1715 851 1800 ἀνδρὶ
874 1722 1080 1802 περιτέθεικε

67 1818 207 1895 τούτους
222 1813 301 1894 τούς
316 1817 454 1902 λόγους,
470 1814 555 1884 ἀλλά
566 1824 613 1904 τῷ
624 1815 807 1906 σοφωτάτω
818 1825 887 1884 τῶν
899 1815 1076 1903 Ἑλλήνων.

66 1923 172 1985 καίτοι
186 1941 226 2001 γε
246 1924 338 1997 είπερ
353 1915 511 2003 ἐβούλετο
527 1910 708 1992 Ὀδυσσεύς
721 1911 758 1979 τό
776 1913 858 1981 κατὰ
875 1915 954 1994 τούς
967 1925 1079 1984 Στωϊ-

67 2011 147 2092 κούς
163 2018 313 2082 ἐπαινεῖν
327 2017 438 2096 τέλος,
462 2011 604 2080 ἐδύνατο
627 2015 721 2080 ταυτί
736 2014 845 2097 λέγειν
861 2011 916 2080 ὅτε
938 2011 999 2081 τόν
1014 2022 1077 2083 Φι-

65 2113 228 2199 λοκτήτην
243 2111 412 2199 ἀνήγαγεν
423 2115 459 2180 ἐκ
470 2120 527 2198 τῆς
538 2111 696 2198 Λήμνου,
714 2110 768 2179 ὅτε
783 2109 819 2180 τὸ
828 2111 930 2182 Ἴλιον
941 2115 1076 2196 ἐξεπόρ-

64 2220 187 2297 θησεν,
209 2211 264 2278 ὅτε
283 2210 534 2297 τούςἝλληνας
558 2211 746 2297 φεύγοντας
762 2215 935 2297 κατέσχεν,
960 2211 1016 2280 ὅτε
1031 2219 1077 2291 είς

67 2317 191 2393 Τροίαν
203 2317 359 2397 εἰσῆλθεν
370 2307 490 2378 ἑαυτὸν
498 2309 708 2396 μαστιγώσας
717 2312 772 2379 καί
782 2308 868 2381 κατιά
878 2308 1074 2380 καὶΣτωϊκά
1093 2326 1146 2382 888

64 2409 148 2495 ῥάκη
164 2410 277 2488 ἐνδύς·
307 2407 391 2477 ἀλλά
409 2410 482 2476 τότε
505 2407 567 2476 ούκ
586 2408 655 2478 εἷπε
676 2417 774 2478 τοῦτο
795 2415 887 2489 τέλος
906 2413 1076 2496 χαριέστε-

65 2531 133 2586 ρον.
157 2504 242 2575 ἀλλά
256 2507 324 2594 μήν
339 2511 394 2575 καί
410 2511 447 2575 ἐν
464 2515 509 2598 τῷ
524 2515 593 2575 τῶν
603 2504 840 2593 Ἐπικουρείων
853 2517 915 2600 βίφ
932 2509 1074 2596 γενόμε-

62 2630 118 2684 νος
133 2598 238 2684 αὖθις
252 2606 342 2690 παρὰ
357 2615 396 2696 τῆ
408 2615 573 2692 Καλυψοῖ,
589 2606 644 2675 ὅτε
659 2605 749 2694 αύτῷ
764 2605 912 2694 ὑπῆρχεν
924 2611 961 2675 έν
973 2606 1073 2697 ἀργίᾳ

63 2731 97 2771 τε
110 2705 279 2792 βιοτεύειν
289 2709 344 2772 καὶ
358 2714 493 2792 τρυφᾶν
506 2711 561 2774 καὶ
575 2715 684 2793 βινεῖν
698 2704 946 2792 τῆν”Λτλαντος
960 2715 1072 2792 θυγα-

62 2805 138 2886 τέρα
154 2805 210 2871 καὶ
225 2818 332 2873 κινεῖν
350 2805 457 2883 πάσας
471 2803 529 2884 τάς
545 2812 634 2884 λείας
646 2804 809 2892 κινήσεις,
827 2802 906 2872 οὐδὲ
917 2804 990 2871 τότε
1002 2803 1072 2871 εἶπε

62 2908 159 2969 τοῦτο
184 2899 221 2969 τό
246 2905 338 2982 τέλος
357 2907 587 2991 χαριέστερον,
610 2900 694 2972 ἀλλά
716 2899 776 2970 τόν
795 2908 863 2969 τῶν
879 2908 1072 2987 παρασίτων

62 3006 146 3086 βίον.
177 3003 358 3069 ἐκαλοῦντο
377 3001 413 3069 δε
434 3001 632 3088 δαιτυμόνες
646 3007 681 3069 οί
698 2999 876 3084 παράσιτοι
888 2999 972 3068 τότε.
1002 3009 1073 3080 πως

62 3089 124 3164 ούν
145 3101 251 3184 λέγεις
278 3101 382 3169 πάλιν
399 3097 464 3186 γάρ
480 3098 574 3179 ἀξιον
594 3098 856 3186 ἀναμνησθῆναι
878 3106 947 3167 τῶν
963 3102 1071 3167 έπαίν·

63 3193 162 3263 ούδὲν
188 3195 253 3282 γάρ
280 3193 354 3266 οἷον
381 3195 520 3267 ἀκούειν
542 3195 654 3265 αὐτῶν
680 3197 841 3276 πολλάκις
862 3200 1069 3287 λεγομένων·

63 3296 283 3381 ,δαιτυμόνες
297 3298 485 3384 καθήμενοι
500 3301 602 3384 ἑξείης
610 3306 641 3341 ·“
663 3304 737 3366 καί·

268 3394 358 3480 παρά
373 3399 409 3464 δὲ
426 3398 580 3484 πλήθωσι
594 3396 752 3482 τράπεζαι

187 3502 282 3561 σίτου
299 3497 353 3561 καίΙ
368 3502 500 3573 κρειῶν.
