2625 4092
467 271 702 328 PRAEFATIO.
1081 285 1130 325 xlx

44 411 130 464 πλείω
152 403 182 464 δ’
199 401 236 464 ἄν
269 411 330 462 ibid.
351 407 464 462 Φίλωνα
481 428 540 463 cum
559 412 616 466 eod.
641 427 693 463 ree.
711 427 758 478 pro
776 402 883 461 Φίλων’
920 428 942 463 e.
962 413 996 464 44
1018 400 1129 478 αὐτοῖς]

43 475 142 542 αὐτοῖς
151 483 186 535 ia
203 499 227 534 ο.
239 480 272 532 19
282 478 478 545 παρελθοῦσιν
487 497 546 532 eum
562 483 620 533 eod.
631 482 665 533 δε
679 483 746 536 coni.
758 479 850 547 Guyeti
864 482 949 546 reeepi
966 496 1012 546 pre
1027 480 1129 546 παρελ-

42 547 153 611 θόντας
192 567 216 604 ο.
233 552 268 606 20
283 540 343 602 ύπό
363 543 479 600 πάντων
496 566 554 601 aum
575 552 631 602 eod.
652 551 685 602 de
703 550 784 602 eiusd.
804 549 896 618 θυμοί
913 552 980 601 coni.
1003 563 1051 616 pro
1070 546 1129 599 τῶν

41 616 169 672 πάντων.
188 620 305 673 Halmius
316 612 395 687 παρα
406 612 522 670 πάντων
548 636 571 672 ο.
581 622 615 672 22
623 612 782 684 γινομένων
805 612 978 685 γιγνομένων
993 620 1029 669 id.
1059 635 1083 669 ο.
1095 619 1129 671 23

42 683 178 756 ἀνδρείαν
195 698 334 757 praeeunte
351 690 408 742 eod.
428 705 475 758 pro
489 680 612 755 ἀνδρίαν
650 689 711 740 ibid.
729 678 782 739 τᾶν
811 677 849 739 ἂν
865 691 898 741 ia
932 689 993 742 ibid.
1008 679 1048 753 μὴ
1070 697 1129 740 ante

41 752 162 828 τοιούτῳ
173 761 244 811 deest
256 759 327 842 apud
336 761 410 810 eund.
431 777 453 814 ο.
464 761 498 810 25
508 751 671 810 συντάττειν
686 767 825 825 praeeunte
832 760 891 809 ead.
902 773 950 826 pro
962 750 1129 810 συντύοσειν

109 829 174 883 Ner.
189 833 238 881 ο.2
252 826 341 886 ωςτυδ
350 820 405 896 δι’]
420 831 456 879 ita
472 845 528 879 eum
545 830 603 881 eod.
614 829 708 894 scripsi
729 829 761 879 de
769 829 875 894 Kayaevi
893 829 959 879 coni.
975 843 1024 893 pro
1038 817 1070 879 τδ
1087 817 1128 877 δι’

40 900 101 952 ιδία.
114 896 219 949 είσοιτο
229 877 340 950 οοςιοκίι
348 899 417 950 idem
426 901 535 966 Kayser3
545 899 678 964 legebatur
687 894 794 948 elevatae
810 896 871 948 ibid.
883 893 1129 961 διψῶσι-τοιού-

39 965 84 1034 τσ]
94 983 155 1019 aum
163 968 221 1025 ead.
231 969 263 1018 de
269 969 374 1034 Kayseri
384 969 450 1018 oeni.
461 969 547 1034 recepi
556 983 603 1032 pro
613 958 870 1033 ψαύουσι-τούτο
889 984 910 1017 α
921 967 938 1019 3
947 957 1052 1034 ἀρχὴν]
1062 956 1129 1033 ὄρυ-

40 1026 1129 1171 αίαννναναίίαανίαίαν

40 1167 167 1259 ἕρεύθει]
183 1143 342 1228 conekiv'id.
356 1155 489 1242 legebatur
503 1158 620 1242 ίρίυθει*
638 1193 661 1227 ο.
672 1175 690 1227 8
700 1143 755 1226 elul
770 1191 828 1227 eum
842 1121 1128 1228 eod.re0.{1⁸e1a'cobsii

39 1242 260 1381 conag‘omlggp.
269 1305 458 1378 ν.6ἰίλληκτώ
469 1322 606 1380 praeeunte
616 1316 674 1365 eod.
684 1330 731 1380 pro
738 1304 856 1378 Ἀληκτύ
869 1333 894 1365 v.
902 1315 936 1369 10
945 1311 1058 1382 βροτοῖς
1069 1332 1129 1366 cum

39 1386 97 1437 eod.
109 1401 162 1436 rea.
173 1380 340 1502 μνοοβροτύν
358 1401 383 1434 v.
397 1385 429 1436 18
438 1375 550 1451 φαύλῳ]
560 1385 707 1452 typothetae
717 1382 792 1448 eulpa
801 1386 826 1434 in
838 1385 920 1451 prima
929 1386 990 1438 edit.
998 1375 1079 1450 φύλῳ
1092 1387 1127 1435 le-

39 1455 118 1520 gitur.
135 1470 163 1504 v.
176 1454 208 1505 21
239 1443 319 1520 ’ἐπ’]
329 1443 358 1501 δ’
369 1443 421 1502 ἀπ’
433 1455 469 1504 id.
488 1471 514 1503 v.
526 1452 560 1505 23
568 1445 689 1519 κρητὴρ]
699 1443 806 1517 κρατηρ
816 1456 852 1507 id.
871 1471 897 1504 v.
906 1452 939 1504 31
953 1446 1069 1520 ἔνθεον]
1084 1448 1128 1504 ἔν-

38 1524 116 1574 θονν
127 1524 164 1576 id.
180 1540 206 1577 v.
216 1521 250 1574 32
258 1513 344 1572 ’Ἅττει
354 1522 389 1576 id.
404 1539 428 1574 v.
436 1521 470 1574 38
478 1513 659 1590 Κορύβαντες
668 1512 737 1574 εύύν
748 1524 834 1588 recepi
842 1538 888 1588 pro
899 1512 968 1574 εύύιν
977 1522 1048 1589 Κορ.
1059 1541 1084 1576 v.
1093 1523 1127 1574 30

39 1589 186 1659 βρίθουσα
194 1593 286 1672 εονὶρρί
314 1607 342 1642 ro
353 1584 384 1640 δὲ
393 1588 547 1659 βρίθουσα.
564 1592 640 1644 Dind.
650 1585 683 1642 δὲ
693 1580 782 1661 βριθύ
800 1608 825 1645 ν.
835 1583 898 1643 4οἆ
913 1583 1056 1657 δύσγαμος
1067 1596 1125 1647 eod.

38 1670 178 1728 praeeunte
192 1676 239 1728 pro
253 1675 273 1710 α
288 1607 320 1711 δὲ
335 1652 415 1726 δύσγ.
439 1678 464 1712 v.
482 1661 514 1713 51
532 1655 678 1727 νυκτέροις
694 1663 726 1713 de
742 1659 833 1727 Guyeti
848 1662 914 1711 coni.
932 1678 988 1712 eum
1004 1663 1062 1713 eod.
1079 1678 1126 1728 pro

39 1724 176 1797 νύκτερος
196 1747 221 1781 v.
235 1732 268 1783 52
278 1719 434 1793 δακρύοντ’
450 1739 585 1795 praeeunte
596 1733 653 1787 ead.
668 1746 716 1796 pra
729 1721 865 1796 δακρύοις
886 1748 912 1786 v.
925 1730 958 1783 53
974 1723 1053 1794 νύοις
1068 1748 1127 1782 eum

38 1803 97 1856 eod.
107 1802 228 1852 revocavi
237 1815 283 1865 pro
292 1789 379 1864 βοῶν’
398 1816 422 1849 ν.
435 1799 468 1852 50
478 1797 541 1850 λίπε
551 1815 608 1851 eum
624 1803 682 1854 eod.
694 1817 746 1852 rea.
756 1817 802 1866 pro
812 1801 891 1852 λεῖπε
913 1817 938 1850 v.
950 1790 1013 1868 78η
1024 1809 1127 1852 auctora

37 1872 97 1922 ead.
109 1856 189 1936 μνον]
211 1870 272 1920 ibid.
281 1868 394 1951 Βακχίρο
405 1885 462 1919 eum
473 1871 529 1922 eod.
541 1885 592 1926 ree.
603 1885 650 1936 pro
658 1867 790 1935 Βακχίαν
814 1888 840 1922 v.
851 1870 885 1923 02
896 1862 989 1930 Ζανὸς
999 1887 1056 1923 eum
1067 1871 1126 1921 aad.

35 1955 87 1992 rec.
94 1954 148 2076 ηερ
155 1929 249 2003 Ζηνὸς
268 1954 291 1988 v.
300 1937 334 1991 06
343 1953 431 2002 κορας
441 1949 544 1991 auctore
554 1939 613 1992 eod.
624 1953 671 2005 pro
681 1931 772 2005 κόραν
791 1958 816 1991 v.
827 1941 878 1993 103
888 1929 945 1998 ἇύς
957 1943 1013 1993 eod.
1023 1948 1128 1992 auctore

36 2025 84 2075 pro
116 1998 156 2066 ύς
174 2024 198 2058 v.
210 2008 261 2059 112
274 2005 357 2059 Τίσιν
372 2001 404 2059 δὲ
421 2010 477 2060 eod.
487 2018 589 2060 auctore
597 2025 645 2075 pre
658 2006 723 2061 Τίσι
732 2001 761 2060 δ’
772 2000 803 2061 ἐν
819 2027 845 2064 v.
859 2012 908 2063 122
918 2003 1014 2093 χέρας]
1029 2010 1126 2076 χεῖρας

35 2079 171 2144 revocavit
181 2078 216 2130 id.
233 2077 294 2131 ibid.
301 2073 425 2144 κορωνύ]
435 2069 549 2144 κύρωνα
558 2079 594 2131 id.
611 2096 636 2129 v.
648 2080 698 2132 120
706 2079 782 2146 Σῐγα
792 2072 843 2144 μὲν
853 2075 1125 2147 αίθηρεοοιοοοεοδ.

34 2162 83 2213 pro
94 2143 171 2212 Slva
180 2141 246 2212 μέν,
262 2139 368 2214 αἰθήρ,
383 2143 432 2199 καλ
464 2165 488 2199 v.
501 2148 550 2201 132
567 2145 689 2198 σκίπανι
703 2166 761 2201 eum
779 2151 836 2203 eod„
853 2166 904 2204 ree.
920 2167 967 2217 pro
983 2148 1126 2214 σκίμπωνι

36 2234 60 2270 v.
75 2217 128 2269 137
137 2205 233 2266 ταῖσδ’
245 2210 416 2280 είαριναῖοιν
426 2209 456 2268 ἐν
466 2205 565 2287 ὄραις]
575 2221 610 2269 ita
619 2219 651 2269 de
664 2220 747 2272 eiuad.
758 2221 825 2271 enni.
836 2235 883 2286 pro
891 2207 981 2286 ύραις
994 2221 1058 2277 ταῖς
1069 2212 1125 2268 εία-

34 2287 166 2350 ριναῖσιν
184 2303 210 2336 ν.
221 2286 272 2338 140
281 2278 381 2354 ἀτμὸς]
391 2278 473 2353 ἀτμίς
483 2288 520 2338 id.
540 2305 564 2338 v.
576 2286 626 2339 148
635 2281 705 2355 alal]
713 2279 759 2338 ἀεὶ
769 2290 805 2341 id.
825 2306 851 2339 v.
864 2290 913 2342 152
923 2278 1003 2340 ἄλλοι
1013 2282 1044 2338 δὲ
1054 2280 1126 2353 προῖ-

34 2369 102 2405 σιον
114 2356 153 2406 id.
170 2371 196 2409 v.
206 2355 257 2408 158
266 2348 480 2425 κολλάμφακον]
490 2348 593 2408 κόλλαν
603 2349 716 2420 σφάκον
724 2357 913 2424 Th.Bergkiue.
930 2375 955 2411 v.
964 2358 1015 2410 160
1024 2349 1126 2422 Πάρου

34 2427 67 2476 de
77 2422 163 2476 eiusd.
175 2425 224 2476 viri
234 2427 301 2477 docti
316 2427 381 2476 coni.
394 2428 452 2478 dedi
469 2442 515 2494 pro
524 2419 615 2491 γάρου
638 2443 663 2477 v.
677 2425 726 2478 162
738 2417 847 2478 ἰίσσίοο
861 2428 929 2478 idem
937 2427 1070 2492 proposuit
1079 2442 1125 2491 pro

33 2488 130 2544 Ἀσίου
151 2510 177 2545 v.
193 2493 244 2546 165
260 2492 458 2563 πεπείρανται]
473 2493 640 2561 πεπείραται
654 2495 733 2548 Dind·
760 2513 787 2548 v.
804 2495 856 2549 166
871 2491 967 2562 χυλός]
984 2487 1073 2561 χυμός
1088 2497 1125 2546 id.

35 2579 60 2616 v.
75 2563 130 2615 167
137 2552 209 2614 ὄντα
217 2565 275 2619 ead.
285 2575 422 2631 praeeunte
431 2581 478 2632 pro
489 2556 559 2618 ὀστᾶ
578 2583 601 2616 v.
613 2564 665 2616 174
675 2557 755 2633 ἔλαβε
764 2579 805 2614 πα
823 2556 904 2631 ἀνῇς
913 2556 1078 2631 Κυρρύνης]
1090 2566 1127 2616 ita

33 2633 184 2684 emendavit
192 2633 286 2700 Bergk.
301 2633 361 2684 eall.
372 2635 477 2701 Hesyeh.
496 2645 520 2687 et
529 2637 600 2686 Phot.
613 2637 639 2684 in
650 2651 674 2684 v.
685 2650 732 2699 pro
742 2581 837 2702 ἔλλαβε
850 2627 929 2700 παρὰ
943 2632 995 2699 τῆς
1005 2625 1124 2699 κρύνης,

34 2701 129 2753 Binda
147 2694 228 2770 ἔλαβε
237 2694 317 2769 παρὰ
324 2699 376 2768 τῆς
385 2697 523 2770 κοιράνον
543 2723 567 2756 v.
579 2704 629 2756 178
641 2704 717 2754 τοῖσι
726 2697 759 2753 δὲ
767 2713 869 2754 auctore
878 2705 955 2756 Dina.
967 2719 1012 2768 pro
1021 2703 1083 2759 τοῖς
1094 2694 1126 2752 δὲ

36 2787 58 2820 ν.
74 2769 127 2821 170
135 2767 267 2836 γίγνομαι
278 2773 312 2824 id.
323 2772 359 2824 lta
374 2782 433 2827 etv.
447 2773 505 2825 188.
524 2791 547 2823 v.
559 2774 609 2826 184
625 2761 670 2824 ὅτ’
686 2762 777 2822 ίπὶτά
790 2787 848 2822 eam
866 2774 924 2827 eod.
935 2789 986 2828 ree.
997 2788 1044 2838 pro
1054 2760 1125 2822 ὅταν

32 2830 83 2890 ἐπί
105 2856 130 2890 ν.
145 2831 263 2908 135Ἄτη
276 2843 311 2894 λδ.
327 2832 463 2906 μνοἌτην
487 2860 511 2894 v.
523 2842 574 2896 100
589 2839 708 2911 βυθίας]
717 2833 826 2908 βαθέης
840 2843 876 2892 id.
894 2859 921 2893 v.
931 2842 984 2894 216
999 2839 1126 2909 κραταιῷ

34 2927 96 2960 cum
112 2911 169 2961 eod.
189 2926 240 2961 rec.
256 2927 303 2978 pra
319 2909 459 2976 κραταιοῖς
486 2929 512 2965 v.
530 2914 581 2965 220
597 2907 666 2964 είδύ
681 2912 738 2962 ead.
754 2921 857 2962 auctore
870 2926 917 2977 pro
933 2908 987 2961 ίδω
1019 2928 1046 2966 v.
1062 2910 1126 2980 221]

33 2975 172 3046 βαθμοῖν]
184 2976 300 3047 βασμύν
310 2980 344 3031 ld.
363 2995 389 3031 v.
401 2981 452 3034 232
461 2983 497 3034 id.
508 2984 652 3034 emendavit
661 2985 708 3033 ita:
733 2973 817 3049 βύσιν
827 2973 941 3048 σαθρὰν
952 2971 1126 3033 ύνειλυσπα-

33 3042 113 3117 μένῳ
129 3065 157 3099 v.
168 3048 220 3100 233
229 3045 311 3114 μέλος
333 3042 420 3114 δέμας
429 3052 464 3103 id.
484 3068 508 3103 v.
519 3054 570 3105 235
579 3045 615 3102 τοὶ
626 3045 660 3103 δέ
687 3041 799 3102 ’aazia’
810 3059 912 3103 auctore
922 3053 980 3103 eod.
992 3043 1083 3118 ρτοτὰ
1094 3043 1127 3102 δέ

33 3132 69 3182 με
78 3116 182 3168 κεῖθεν
202 3135 226 3174 ν.
238 3122 288 3172 251
325 3111 377 3185 ςγ’
388 3121 445 3171 eod.
456 3130 557 3174 auctore
567 3137 614 3188 pro
624 3067 711 3187 αἴν’
728 3136 754 3172 v.
765 3121 815 3174 261
825 3113 992 3187 Ααρτιάδην
1001 3137 1058 3172 eum
1068 3123 1125 3173 eod.

33 3201 81 3252 pru
91 3181 283 3253 Λαερτιάδην.
301 3208 327 3246 v.
338 3190 390 3242 264
400 3183 522 3256 πύθηθε
531 3193 582 3244 seri
601 3194 624 3243 al
637 3193 684 3260 pr'o
699 3182 839 3255 πύθησθε
860 3208 885 3242 v.
895 3192 946 3244 275
961 3187 1055 3250 κακοῖς
1067 3207 1125 3242 eum

32 3258 94 3308 eod.
106 3259 226 3310 revoeavi
232 3275 279 3325 pro
288 3259 372 3318 θεοῖς
389 3276 415 3311 v.
425 3260 475 3313 201
489 3207 599 3327 οἶτρεκύ1

34 3318 166 3414 maereo)
176 3327 213 3380 id.
242 3345 265 3378 v.
277 3328 327 3382 301
342 3320 412 3394 τόση
423 3332 459 3384 id.
486 3349 510 3389 v.
522 3332 574 3386 310
583 3323 757 3398 γιγνωοκέτω
766 3331 803 3382 id.
827 3346 853 3380 v.
864 3329 915 3384 315
929 3322 1019 3395 δέρμα
1033 3326 1126 3397 πίτυϊ]

35 3392 109 3460 δερμ
131 3395 244 3456 απίτος
254 3399 289 3449 id.
309 3417 333 3451 v.
347 3398 398 3452 323
409 3390 555 3452 εύύδυνον
565 3405 602 3458 id.
623 3419 650 3452 v.
663 3401 715 3455 332
724 3389 754 3449 δ’
766 3401 823 3452 eod.
836 3409 939 3452 auctore
949 3400 1072 3451 additum.

109 3463 189 3530 Ocyp·
198 3483 223 3518 v.
234 3458 315 3520 aad
325 3459 407 3536 ἐμοῦ]
416 3460 468 3520 ὑπ’
478 3462 549 3536 ἐμοῦ
558 3487 614 3538 προ
621 3470 655 3501 **
667 3473 703 3526 id.
721 3485 747 3520 v.
757 3468 775 3520 0
786 3456 807 3536 ἦ
815 3485 872 3520 eum
882 3469 941 3519 ead.
951 3469 1068 3520 revocavi
1078 3484 1124 3533 pro

36 3517 56 3596 η’
73 3550 101 3586 v.
112 3537 147 3586 24
161 3527 247 3588 δόλον
258 3553 316 3588 eum
328 3540 385 3594 eod.
403 3541 435 3590 de
451 3543 516 3592 coni.
529 3542 618 3608 Guyeti
634 3557 681 3608 pro
692 3532 792 3592 Δόλων
809 3555 834 3592 v.
845 3540 880 3591 25
894 3529 930 3638 μέ
942 3537 979 3602 τι]
994 3527 1024 3603 μ’
1036 3531 1075 3587 ἔτι
1088 3538 1123 3587 id.

588 3274 688 3327 στερον
697 3261 734 3312 id.
753 3276 778 3314 v.
790 3261 843 3315 204
852 3257 974 3312 λιποῦσα
983 3262 1020 3318 id,
1037 3277 1062 3312 v.
1074 3260 1126 3312 206
1211 3285 1214 3294 ·
