2625 4092
386 288 506 347 ΠΕΡΙ
525 287 775 347 ΠΕΝΘΟΤΣ.
1046 284 1086 349 77

75 445 156 526 τούς
176 446 257 531 παρ’
276 446 356 534 ὑμῖν
375 451 430 515 καὶ
451 442 569 515 οἷστισι
593 455 791 532 γυμνασίοις
810 446 1012 534 ἀνατρέφετε
1032 452 1085 517 καὶ

74 543 167 623 ὅπως
184 543 265 632 ὑμίν
280 544 400 627 ἄνδρες
414 542 537 630 ἀγαθοὶ
553 552 734 629 γίγνονται.

162 651 298 712 ΑΝΑΧ.
322 644 526 712 Δικαιότατα
541 646 603 728 μέν
618 637 699 729 οὖν,
717 636 897 729 ω’·Σόλων,
913 648 968 711 καὶ
983 650 1087 729 ἔγωγε
1104 657 1156 711 922

76 742 277 829 διηγήσομαι
288 738 328 807 τᾶ
339 750 491 808 Σκυθῶν
502 741 637 826 νόμιμα,
650 738 692 808 ού
704 740 808 826 σεμνοὶ
821 752 901 821 ίσως
912 741 991 810 οὐδὲ
1002 739 1084 810 καθ’

77 840 180 926 ὑμᾶς,
198 842 232 907 οἳ
247 865 285 924 γε
303 837 382 907 οὐδὲ
396 838 478 907 κατὰ
497 840 618 925 κόρρης
633 848 844 926 παταχθῆναι
861 840 1087 928 τολμήσαιμεν

76 934 121 1005 ἂν
137 946 218 1024 μίαν
237 938 387 1024 πληγήν·
417 941 518 1005 δειλοὶ
536 939 601 1024 γάρ
622 943 739 1025 ἐσμεν·
768 936 850 1006 ἀλλὰ
869 940 1035 1024 εἰρήσεταί
1049 966 1087 1025 γε

76 1036 176 1105 ὁποία
191 1032 235 1103 ύν
251 1029 281 1125 ᾗ
306 1038 338 1113 ἐς
353 1034 475 1119 αύριον
491 1039 620 1123 μέντοι,
644 1045 675 1105 εί
688 1042 794 1120 δοκεῖ,
817 1035 1087 1125 ὑπερβαλώμεθα

77 1136 139 1224 τὴν
157 1142 358 1220 συνουσίαν,
382 1132 425 1213 ὡς
446 1132 517 1201 ύτε
535 1133 634 1213 αὐτός
654 1141 736 1222 ἔφης
755 1142 802 1203 ἔτι
824 1143 952 1221 μᾶλλον
967 1137 1086 1223 ἐννοή-

75 1258 170 1321 σαιμι
181 1231 262 1302 καθ’
271 1231 413 1320 ἡσυχίαν
422 1232 444 1300 όί
453 1260 488 1300 τε
497 1232 558 1320 χρὴ
571 1240 674 1301 εἰπεῖν
686 1234 908 1319 συναγάγοιμι
919 1241 959 1322 τῇ
971 1234 1086 1320 μνήμη

75 1331 240 1399 ἐπελθών.
271 1329 309 1399 τό
328 1332 364 1398 δὲ
380 1338 446 1398 νῦν
465 1334 540 1417 ἔχον
556 1330 707 1416 ἀπίωμεν
726 1332 779 1399 ἐπὶ
794 1331 939 1414 τούτοις,
964 1332 1085 1415 ἑσπέρα

41 1438 57 1451 ’
73 1429 139 1517 νὰο
158 1429 231 1517 ἤδη·

472 1577 682 1587 ----..

322 1769 474 1837 ΠΕΡΙ
513 1768 841 1835 ΠΕΝΘΟΥΣ.

164 1937 192 2000 1.
206 1929 320 2011 ’Ἀξιόν
334 1955 373 2015 γε
388 1943 590 2015 παρατηρεῖν
604 1926 644 1995 τὰ
662 1927 728 1995 ύπὸ
743 1938 811 1996 των
826 1938 959 1998 πολλῶν
970 1933 1008 1998 έν
1018 1944 1087 2010 τοῖς

74 2032 218 2097 πένθεσι
235 2030 396 2115 γινόμενα
413 2028 468 2095 καὶ
489 2028 651 2113 λεγόμενα
669 2029 723 2094 καὶ
745 2026 784 2093 τό
806 2026 872 2101 ὑπὸ
892 2037 961 2095 τῶν
976 2053 1086 2113 παρα-

73 2130 307 2215 μυθουμένων
322 2132 428 2213 δῆθεν
449 2123 572 2203 αὐτούς
586 2117 689 2203 αὖθις
704 2118 748 2191 αύ
764 2126 947 2212 λεγόμενα,
972 2127 1027 2194 καί
1043 2124 1088 2204 ὡς

73 2225 229 2312 ἀφόρητα
252 2224 413 2312 ἡγοῦνται
433 2220 473 2292 τὰ
497 2230 724 2309 συμβαίνοντα
745 2230 840 2309 σφίσι
865 2250 900 2291 τε
921 2221 1034 2302 αύτοῑς
1056 2228 1090 2292 οί

73 2323 280 2410 ὀδυρόμενοι
291 2324 345 2391 καὶ
357 2328 494 2399 ἐκείνοις
508 2317 557 2399 οἷς
569 2319 766 2407 ὀδύρονται,
786 2320 828 2389 ού
841 2320 886 2409 μά
901 2321 962 2390 τόν
973 2323 1087 2390 Πλού-

72 2451 168 2494 τωνα
190 2426 244 2491 καὶ
265 2420 502 2507 Φερσεφόνην,
530 2417 602 2486 κατ’
621 2418 721 2488 ούδέν
743 2422 956 2506 ἐπιστάμενοι
973 2429 1089 2505 σαφῶς

73 2522 156 2593 οὔτε
173 2529 203 2589 εί
216 2518 347 2606 πονηρὰ
364 2528 467 2587 ταῦτα
481 2520 536 2586 καὶ
550 2520 656 2604 λύπης
672 2520 746 2599 ἄξια
761 2517 783 2606 ἦ
798 2519 996 2589 τούναντίον
1007 2518 1088 2606 ἡδέα
1121 2538 1128 2547 ’
1152 2587 1154 2592 .

72 2622 132 2691 καὶ
149 2626 267 2706 βελτίω
281 2634 349 2696 τοῖς
363 2626 529 2696 παθοῦσι,
548 2618 640 2707 νόμῳ
655 2620 757 2685 δὲκαὶ
773 2624 936 2708 ξυνηθείᾳ
949 2619 1011 2704 τὴν
1026 2620 1088 2688 λύ-

73 2746 147 2805 πην
169 2720 405 2801 ἐπιτρέποντες.
441 2718 575 2785 ἐπειδὰν
592 2722 709 2781 τοίνυν
730 2713 889 2803 ύποθύνη
906 2744 970 2802 τις,
999 2716 1087 2785 οὕτω

17 2856 22 2865 ·
73 2823 213 2884 ποιοῦσι
231 2857 269 2866 -
285 2824 414 2901 μᾶλλον
426 2814 461 2883 δέ
472 2816 636 2898 πρότερον
655 2820 760 2881 εἰπεῖν
772 2815 937 2900 βούλομαι
951 2814 1088 2897 ἅστινας

73 2917 153 2996 περὶ
165 2911 270 2981 αὐτοῦ
285 2922 345 2981 τοῦ
361 2914 515 2982 θανάτου
530 2912 626 2992 δόξας
640 2917 790 2997 ἔχουσιν·
812 2912 901 2982 οὕτω
914 2915 979 3001 γὰρ
996 2924 1085 2985 ἔσται
1104 2936 1156 2990 923

74 3012 247 3101 φανερόν,
271 3004 404 3090 οὗτινος
417 3013 515 3078 ἕνεκα
534 3008 573 3076 τύ
592 3007 728 3094 περιττοὶ
744 3013 855 3079 ἐκεῖνα
870 3014 1087 3097 ἐπιτηδεύου-

73 3134 142 3181 σιν.
167 3118 196 3177 2.
214 3107 232 3176 ὁ
247 3109 309 3195 μὲν
324 3108 364 3193 δὴ
381 3109 485 3188 πολύς
500 3108 630 3196 ὅμιλος,
646 3106 706 3188 οὕς
717 3110 849 3188 ἰδιώτας
864 3116 898 3179 ολ
911 3113 1010 3196 σοφοὶ
1026 3137 1087 3178 κα-

74 3216 214 3293 λοῦσιν,
235 3206 365 3298 Ὁμήρῳ
387 3234 421 3274 τε
442 3210 495 3277 καὶ
515 3206 656 3299 Ἡσιόδφ
679 3210 820 3286 καὶτοῖς
842 3209 954 3286 ἄλλοις
975 3220 1087 3295 μυθο-

75 3322 185 3386 ποιοῖς
206 3310 282 3390 περὶ
302 3308 430 3374 τούτων
445 3308 643 3392 πειθόμενοι
665 3309 720 3375 καὶ
739 3308 847 3393 νόμον
869 3309 1007 3394 θέμενοι
1026 3304 1088 3394 τὴν

76 3416 214 3493 ποίησιν
225 3403 338 3472 αύτών
350 3406 453 3472 τόπον
468 3434 541 3473 τινα
554 3404 619 3474 ὑπό
635 3416 675 3493 τῇ
685 3413 728 3492 γῇ
740 3403 980 3492 βαθύνἍιδην
990 3403 1088 3472 ύπει-

78 3505 221 3591 λη’φασι,
239 3506 344 3589 μέγαν
360 3506 459 3571 δὲκαὶ
474 3506 674 3590 πολύχωρον
685 3511 806 3570 τοῦτον
821 3501 973 3570 εἶναικαὶ
989 3509 1087 3586 ζοφεη
