2625 4092
236 286 281 346 ·οε
601 282 898 371 Λονκιεαον

238 444 440 530 πλησιάζωσι
450 441 534 525 πρὸς
545 438 606 527 τήν
621 446 790 510 πολιτείαν
801 443 856 508 καὶ
867 444 926 527 δέγγ
937 438 1060 519 αὐτούς
1070 438 1134 526 ἤδη
1147 468 1253 526 μετα-

237 547 437 630 χειρίζεσθαι
463 536 502 605 τά
526 540 623 606 κοινά
651 580 687 589 —
710 546 816 607 καίτοι
840 543 900 617 ἔξω
929 546 990 604 τοῦ
1015 536 1146 624 ἀγῶνος
1170 549 1254 617 ἴσως

237 646 357 708 ταῦτα·
380 633 422 702 οὐ
438 633 503 721 γάρ
514 634 606 715 ὅπως
617 635 676 715 τάς
686 634 795 722 ψυχάς
809 634 921 704 αὐτῶν
934 633 1122 723 ἀσκοῦμεν,
1141 641 1174 717 ἐξ
1187 636 1253 720 ἀρ-

237 743 296 822 χῆς
310 731 488 819 προύκειτο
504 739 619 820 εἰπεῖν,
634 732 718 802 ἀλλὰ
733 732 777 801 δι’
791 732 815 801 ὅ
828 761 859 801 τι
872 747 940 810 τοϊς
953 734 1117 811 τοιούτοις
1132 736 1253 811 πόνοις

238 832 503 919 καταγυμνάζειν
513 829 810 918 αὐτούςάξιοῦμεν.
827 830 910 903 ὥστε
920 829 1020 909 αὐτὸς
1031 835 1163 922 ἐμαυτῷ
1172 854 1251 900 σιω

238 939 307 999 πάν
316 930 510 1013 προστάττω
520 928 562 997 ού
570 927 829 1016 περιμείναςτόν
840 930 970 1017 κήρυκα
978 928 1059 999 ούδδ
1067 927 1128 997 τὸν
1138 928 1251 1013 ’Λρεο-

92 1080 93 1084 ,
168 1046 222 1103 903
239 1036 382 1115 παγίτήν
395 1030 448 1113 σέ,
467 1025 509 1105 ὃς
525 1025 584 1093 ὑπ’
601 1032 732 1109 αίδούς,
755 1025 861 1111 οἶμαι,
879 1024 980 1115 ἀνέχῃ
998 1034 1168 1113 ληροῦντα
1184 1025 1250 1112 ήδη

238 1134 383 1195 τοσαῦτα
399 1130 460 1206 ἔξω
474 1132 535 1193 τοῦ
552 1125 751 1211 πράγματος.

322 1235 458 1297 AN'AX.
480 1230 566 1305 Είπέ
585 1253 659 1312 μοι,
682 1218 859 1309 άΣόλων,
881 1222 966 1307 πρὸς
986 1224 1022 1291 δὲ
1044 1220 1085 1309 δή
1109 1221 1191 1301 τούς
1209 1222 1249 1291 τὰ

238 1326 483 1412 ἀναγκαιότατα
497 1324 541 1411 μή
563 1330 721 1411 λέγοντας
735 1326 772 1390 ἐν
792 1322 905 1412 Ἀρείῳ
920 1323 1034 1410 πάγςο,
1058 1319 1143 1390 ἀλλά
1162 1320 1249 1389 ἀπο-

238 1431 448 1508 σιωπῶντας,
463 1422 564 1490 οὐδὲν
577 1431 618 1511 τή
633 1430 739 1509 βουλή
754 1423 939 1506 πρόστιμον
956 1419 1184 1504 ἐπινενόηταις

321 1528 423 1589 ΣΟΑ.
450 1528 492 1588 Τί
504 1529 602 1588 τοῦτο
618 1522 704 1606 ήρου
718 1548 776 1607 με;
796 1520 927 1589 οὐδέπω
944 1518 1008 1605 γάρ
1026 1523 1139 1603 δῆλον.

323 1628 457 1691 ANAX.
480 1617 551 1688 ’Ότι
572 1617 611 1686 τά
634 1621 792 1687 κάλλιστα
808 1621 862 1687 καὶ
883 1622 954 1704 ἐμοὶ
966 1617 1112 1688 ἀκοῦσαι
1126 1617 1247 1703 ἥδιστα

237 1723 352 1803 παρεὶς
366 1717 405 1786 τά
420 1722 495 1803 περὶ
510 1723 568 1804 τῆς
584 1726 691 1803 ψυχῆς
704 1716 744 1784 τά
758 1710 858 1803 ἧττον
872 1715 1035 1802 ἀναγκαία
1049 1718 1161 1801 λέγειν
1173 1720 1248 1789 δια-

236 1826 317 1906 νοῇ,
332 1817 503 1903 γυμνάσια
519 1819 574 1883 καὶ
588 1817 802 1902 διαπονήσεις
816 1823 883 1882 τῶν
900 1816 1072 1901 σωμάτων.

322 1921 425 1983 ΣΘΛ.
447 1918 631 2000 Μέμνήμαι
652 1914 734 1998 γάρ,
757 1906 784 1980 ὦ
804 1928 954 1998 γενναῖε,
979 1919 1046 1981 των
1061 1908 1119 1978 ἀπ’
1143 1908 1247 1996 ἀρχῆς

237 2014 457 2099 προρρήσεων
471 2015 525 2080 καὶ
541 2010 741 2081 ἀποπλανᾶν
755 2010 797 2079 οὐ
811 2013 975 2098 βούλομαι
985 2008 1047 2078 τὸν
1060 2009 1184 2095 λόγον,
1201 2007 1246 2093 μή

190 2159 192 2171 ·
237 2132 301 2179 σου
327 2112 504 2201 ἐπιταράξῃ
524 2109 587 2197 τήν
608 2112 744 2197 μνήμην
767 2113 938 2194 ἐπιρρέων.
969 2105 1058 2193 πλήν
1079 2104 1167 2173 ἀλλά
1192 2110 1245 2173 καὶ

237 2217 340 2276 ταῦτα
358 2212 423 2290 -ἐριδ
439 2208 494 2277 διά
509 2212 677 2297 βραχέων,
695 2207 739 2285 ὡς
754 2203 827 2276 οἶόν
838 2234 888 2276 τε·
911 2205 949 2273 τὰ
967 2205 1031 2291 γάρ
1042 2203 1180 2290 ἀκριβὲς
1189 2212 1246 2288 τῆς
1296 2225 1297 2246 ¹

236 2311 309 2392 περὶ
325 2305 436 2374 αὐτῶν
452 2312 654 2388 διασκέψεως
665 2310 780 2393 ἑτέρου
794 2302 837 2372 ἀν
849 2316 899 2392 είή
915 2306 1029 2391 λόγου.
1052 2310 1103 2374 22.
1116 2305 1245 2388 ὁνθμί
1296 2365 1297 2368 ,

236 2414 333 2493 ζομεν
353 2400 416 2473 οὖν
438 2406 497 2486 τάς
520 2409 655 2492 γνώμας
671 2404 788 2473 αὐτῶν
803 2407 931 2493 νόμους
951 2432 987 2473 τε
1007 2402 1086 2478 τούς
1105 2400 1243 2479 κοινούς

235 2505 495 2587 ἐκδιδάσκοντες,
506 2513 541 2573 οδ
549 2512 691 2594 δημοσία
701 2513 782 2573 πᾶσι
794 2503 987 2589 πρόκεινται
992 2500 1243 2588 ,ἀναγινώσκειν

233 2606 390 2693 μεγάλοις
410 2606 603 2690 γράμμασιν
620 2605 925 2691 ἀναγεγραμμένοι,
950 2603 1143 2679 κελεύοντες
1165 2600 1189 2671 ἀ
1209 2627 1242 2667 τε

233 2704 295 2792 χρή
312 2720 421 2773 ποιεῖν
436 2708 489 2773 καὶ
506 2698 554 2771 ὧν
570 2702 768 2789 ἀπάγεσθαι,
786 2708 842 2771 καί
854 2701 997 2787 ἀγαθῶν
1011 2700 1147 2783 ἀνδρῶν
1159 2721 1242 2768 συν-
1296 2739 1298 2778 :

235 2812 381 2888 ουσίαις,
402 2801 482 2887 παρ’
506 2796 555 2870 ὧν
577 2807 686 2889 λέγειν
707 2804 747 2869 τά
773 2808 890 2870 δέοντα
912 2802 1168 2887 ἐκμανθάνουσι
1191 2802 1241 2867 καὶ
1296 2788 1298 2858 ι

234 2904 392 2986 πράττειν
412 2902 452 2969 τά
470 2907 581 2969 δίκαια
602 2905 657 2970 καὶ
673 2906 709 2969 ἐκ
728 2909 790 2971 τοῦ
808 2913 885 2969 ίσου
899 2898 1056 2986 ἀλλήλοις
1076 2909 1242 2984 συμπολι-

233 3004 392 3068 τεύεσθαι
412 3006 465 3069 καὶ
487 3001 531 3088 μή
552 3006 708 3087 ἐφίεσθαι
727 3012 795 3069 των
812 3007 962 3087 αἰσχράν
981 3003 1038 3072 καὶ
1061 2997 1242 3083 ὀρέγεσθαι

234 3106 301 3166 τῶν
315 3108 444 3181 καλῶν,
466 3107 577 3185 βίαιον
594 3102 629 3169 δὲ
645 3104 751 3187 μηδὲν
765 3116 884 3168 ποιεῖν.
911 3104 945 3167 οἱ
958 3103 996 3166 δὲ
1010 3098 1132 3182 ἀνδρες
1150 3090 1243 3165 οὗτοι

163 3218 217 3272 904
235 3202 389 3284 σοφισταὶ
411 3201 465 3266 καί
492 3200 674 3284 φιλόσοφοι
696 3199 779 3284 πρὸς
804 3197 899 3285 ήμῶν
925 3198 1156 3284 ὀνομάζονται.
1191 3200 1242 3264 καλ

232 3301 345 3384 μέντοι
367 3301 424 3364 καὶ
445 3301 477 3375 ἐς
499 3296 537 3364 τό
558 3302 705 3382 θέατρον
729 3301 932 3383 συνάγοντες
955 3295 1078 3374 αύτούς
1098 3301 1243 3384 δημοσίᾳ

233 3397 436 3482 παιδεύομεν
447 3394 513 3464 ὑπὸ
526 3402 714 3487 κωμῳδίαις
724 3401 779 3465 καὶ
790 3403 988 3488 τραγῳδίαις
1002 3396 1125 3481 ἀρετάς
1134 3422 1171 3465 τε
1180 3394 1240 3466 άν-

232 3501 324 3577 δράν
339 3503 493 3564 παλαιῶν
506 3499 560 3564 καὶ
574 3504 691 3575 κακίας
704 3506 912 3580 θεωμένους,
938 3494 982 3571 ὡς
994 3504 1063 3563 τῶν
1079 3496 1143 3581 μὲν
1156 3492 1242 3563 ἀπο-
