2625 4092
358 288 794 346 ΨΕΤΔΟΛΟΓΙΣΤΗΣ.
1013 286 1075 350 179

64 459 153 515 σθαι
166 448 361 533 ἐτόλμησας,
380 439 419 513 εύ
429 448 516 531 μάλα
529 449 758 533 ἐκπεπυσμένη
771 449 877 514 πάντα
890 447 908 532 η
924 455 1072 534 βελτίστη

64 549 180 631 ἐκείνη
196 547 283 632 γυνή
292 598 301 631 ,
321 542 394 613 Ούκ
408 539 452 613 ἀν
463 550 665 629 προσείμην,
684 550 765 630 ἔφη,
782 543 888 628 ἀνδρα
901 547 955 612 καλ
970 541 1072 611 αὐτόν

63 641 194 723 ἀνδρὸς
209 643 377 728 δεόμενον.
410 648 461 709 29.
480 640 547 710 εἶτα
563 644 599 709 ἐν
613 642 777 722 τοιούτοις
791 640 864 710 ὅντι
877 664 929 711 σοι
946 641 1073 727 ὀνομά-

63 767 137 806 των
148 744 238 823 μέλει
248 741 302 808 καλ
313 747 412 827 γελᾷς
422 740 476 804 καὶ
486 744 553 805 των
565 737 676 806 ἀλλων
687 739 900 819 καταπτύεις;
922 736 1070 816 είκότως·

64 837 108 905 οὐ
125 837 191 924 γάρ
205 835 249 908 ἀν
263 835 407 913 ἅπαντες
421 834 521 920 ὅμοιά
533 855 586 903 σοι
601 838 711 920 λέγειν
726 842 923 923 δυναίμεθα.
946 835 1071 913 πόθεν;
1125 875 1126 880 1

63 944 113 1014 τίς
129 934 237 1014 οὕτως
248 940 285 1004 ἐν
301 935 413 1020 λόγοις
422 935 683 1019 μεγαλότολμος,
702 933 745 1013 ἀς
759 937 810 1003 ἐπὶ
824 937 885 1020 μὲν
897 930 974 1011 τούς
986 949 1070 1014 τρεῖς

61 1030 204 1119 μοιχοὺς
219 1032 292 1100 ἀντὶ
307 1038 424 1116 ξίφους
437 1037 590 1111 τρίαιναν
606 1037 725 1112 αίτεῖν;
746 1029 807 1098 τόν
821 1035 857 1098 δὲ
871 1031 1070 1114 Θεόπομπον

61 1135 117 1201 ἐπὶ
132 1141 180 1222 τῷ
196 1131 393 1219 Τρικαράνῳ
408 1137 565 1216 κρίνοντα
581 1130 686 1214 φάναι
701 1131 890 1215 τριγλώχινι
905 1128 993 1217 λόγῳ
1008 1153 1070 1195 κα-

60 1233 252 1317 θῃρηκέναι
264 1225 369 1296 αάτδν
381 1226 438 1304 τάς
449 1223 662 1312 προύχούσας
676 1228 803 1306 πόλεως
821 1232 874 1294 καλ
886 1226 997 1305 πάλιν,
1014 1227 1068 1292 ἐκ·

58 1334 259 1408 τριαινῶσαι
269 1323 374 1392 αύτδν
383 1321 446 1410 τήν
455 1322 594 1390 Ἑλλάδα
609 1326 662 1390 καὶ
676 1322 760 1390 εἶναι
771 1326 943 1412 Κέρβερον
954 1335 991 1398 ἐν
1001 1345 1068 1408 τοῖς

58 1424 193 1508 λόγοις;
220 1425 336 1511 πρῴην
358 1420 497 1506 γάρκαὶ
521 1421 645 1506 λύχνον
664 1419 752 1499 ἀψας
778 1425 896 1509 ἐζήτεις
920 1425 1067 1511 ἀδελφόν

58 1549 155 1606 τινα,
178 1519 281 1607 οἶμαι,
302 1518 515 1590 ἀπολωλότα·
543 1522 596 1585 καὶ
615 1518 700 1586 ἀλλα
716 1527 833 1606 μυρία,
850 1515 898 1589 ὧν
912 1523 990 1591 ούδέ
1008 1550 1067 1610 με·

57 1627 212 1706 μνῆσθαι
233 1619 342 1703 ἀξιον,
364 1613 385 1704 ἢ
408 1617 517 1703 μόνον
534 1619 680 1700 ἐκείνου,
709 1615 791 1699 ὅπερ
813 1624 846 1686 οί
863 1618 1065 1700 ἀκούσαντες
1085 1635 1135 1691 186

57 1715 350 1803 ἀπεμνημόνευον.
379 1715 537 1792 πλούσιός
556 1741 619 1798 τις,
645 1713 751 1800 οἶμαι,
772 1716 905 1784 καὶδύο
930 1722 1066 1804 πένητες

57 1808 149 1901 ἦσαν
158 1817 286 1900 ἐχθροί·
301 1809 500 1898 εἷταμεταξύ
512 1813 659 1897 περὶτοῦ
672 1819 834 1880 πλουσίου
845 1819 962 1899 λέγων,
972 1812 1066 1883 Ἀπό-

56 1941 206 1999 κτεινεν,
228 1922 326 2001 ἔφης,
347 1915 577 1993 θάτεροντῶν
596 1915 759 1998 πενήτων.
787 1915 1000 1998 γελασάντων
1017 1920 1063 1998 δέ,

57 2013 103 2092 ὡς
120 2011 157 2080 τδ
171 2013 273 2095 είκός,
288 2038 355 2081 ταν
368 2011 564 2095 παρόντων,
586 2011 880 2095 ἐπανορθούμενος
895 2010 934 2098 δή
952 2011 994 2079 σύ
1010 2016 1064 2082 καλ

55 2111 299 2197 ἀνατιθέμενος
309 2107 346 2179 τδ
360 2110 634 2195 διημαρτημένον,
650 2106 702 2176 Ού
713 2109 774 2195 μὲν
786 2103 859 2194 οὖν,
872 2117 963 2197 ἔφης,
979 2112 1061 2182 ἀλλά

54 2207 179 2290 ἅτερον
196 2207 307 2275 αὐτόν
323 2204 523 2274 ἀπέκτεινεν.
553 2207 595 2273 ἑά
610 2206 650 2274 τά
668 2203 803 2292 ἀρχαῖα,
824 2205 861 2276 τδ
879 2217 981 2294 τριῶν
997 2237 1062 2296 μη-

54 2320 133 2374 νοῖν
149 2307 204 2373 καὶ
217 2301 254 2372 τδ
271 2302 432 2390 ἀνηνεμία
447 2306 501 2370 καὶ
512 2300 549 2370 τδ
565 2307 705 2390 πέταμαι
718 2307 773 2374 καλ
787 2303 823 2373 τδ
840 2308 991 2393 ἐκχύνειν
1006 2309 1061 2376 καλ

54 2402 120 2470 ὅσα
134 2400 218 2470 ἀλλα
239 2399 324 2470 καλά
343 2416 411 2480 τοῖς
427 2417 496 2479 σοῖς
514 2402 625 2487 λόγοις
640 2405 787 2472 ἐπανθεῖ.
817 2411 866 2473 30.
884 2403 980 2494 ἀμέν
995 2407 1059 2494 γάρ

53 2498 123 2566 ὑπό
139 2507 196 2585 τῆς
207 2507 321 2577 πενίας
333 2499 554 2584 ἐλαυνόμενος
565 2515 679 2587 ποιεῖς,
691 2497 880 2588 Ἀδράστεια
894 2514 984 2592 φίλη,
997 2502 1059 2572 ούκ

53 2594 99 2663 ἀν
113 2625 178 2664 τινι
189 2594 394 2683 ὀνειδίσαιμι.
419 2596 615 2683 συγγνωστά
633 2605 735 2684 γοῦν,
752 2611 785 2670 εί
791 2628 840 2680 τις
851 2611 934 2692 λιμῷ
951 2601 1059 2683 πιεζό-

51 2719 154 2780 μενος
171 2695 451 2779 παρακαταθήκας
466 2693 544 2778 παρ’
563 2692 686 2779 ἀνδρὸς
703 2706 839 2766 πολίτου
859 2696 973 2786 λαβών
990 2696 1058 2765 εἶτα

52 2794 261 2880 ἐπιώρκησεν
276 2786 297 2881 ἦ
311 2792 378 2881 μήν
392 2793 436 2882 μὴ
452 2799 708 2882 παρειληφέναι,
731 2794 753 2884 ἢ
771 2809 804 2868 εί
816 2827 864 2877 τις
876 2797 1057 2885 ἀναισχύν-

51 2916 116 2967 τως
134 2896 232 2973 αίτεῖ,
248 2899 375 2976 μᾶλλον
388 2891 424 2959 δὲ
437 2909 610 2975 προσαιτεῖ
620 2897 675 2963 καὶ
690 2901 878 2964 λωποδυτεῖ
889 2899 943 2966 καλ
953 2905 1054 2964 τελω-
1076 2911 1124 2971 187

50 3000 112 3054 νεῖ.
137 2984 179 3053 ού
199 2985 239 3072 δή
258 2991 342 3073 λέγω
356 2997 474 3057 ταῦτα·
503 2993 635 3077 φθόνος
654 2991 719 3078 γάρ
734 2992 843 3073 ούδελς
862 2999 894 3076 ἐξ
909 2993 1055 3074 ἀπαντος

50 3080 243 3168 ἀμύνεσθαι
258 3085 320 3170 τήν
337 3084 488 3171 ἀπορίαν.
512 3094 618 3158 ἐκεῖνο
634 3090 671 3158 δὲ
686 3088 796 3160 ούκέτι
813 3093 978 3181 φορητόν,
996 3098 1056 3161 πί-

49 3178 135 3266 νητά
153 3204 191 3248 σε
206 3180 286 3248 ὄντα
303 3186 336 3260 ἐς
349 3184 455 3269 μόνας
468 3183 526 3266 τάς
539 3186 693 3265 τοιαύτας
707 3186 831 3274 ἡδονάς
845 3194 951 3278 ἐκχεῖν
964 3190 1003 3258 τά
1020 3194 1056 3260 ἐκ

48 3285 107 3365 τῆς
122 3277 356 3365 ἀναισχυντίας
368 3285 635 3370 περιγιγνόμενα.
659 3284 747 3370 πλὴν
758 3295 791 3354 εί
800 3291 841 3373 γέ
852 3316 882 3354 τι
896 3291 951 3358 καὶ
961 3292 1056 3357 ἐπαι-

48 3381 144 3445 νέσαι
158 3405 215 3463 μοι
236 3379 368 3466 δύσεις,
389 3381 481 3449 πάνυ
495 3381 630 3460 ἀστείως
643 3380 711 3451 ύπδ
727 3392 790 3451 σοῦ
808 3390 1052 3473 πεπραγμένον,

47 3476 149 3546 ὁπότε
169 3483 230 3543 τοῦ
248 3483 363 3544 Τισίου
379 3476 441 3566 τήν
458 3507 574 3567 τεχνην
590 3478 707 3566 οἶσθα,
736 3479 779 3560 ὡς
800 3481 836 3549 τὰ
859 3484 1053 3568 δισκόρακος

846 3585 886 3650 12
899 3589 913 3617 *
