<?xml version="1.0" encoding="UTF-8"?>
<!DOCTYPE html PUBLIC "-//W3C//DTD XHTML 1.0 Transitional//EN"
    "http://www.w3.org/TR/xhtml1/DTD/xhtml1-transitional.dtd">
<html xmlns="http://www.w3.org/1999/xhtml" xml:lang="en" lang="en">
 <head>
  <title>
</title>
<meta http-equiv="Content-Type" content="text/html;charset=utf-8" />
  <meta name='ocr-system' content='tesseract 3.04.00' />
  <meta name='ocr-capabilities' content='ocr_page ocr_carea ocr_par ocr_line ocrx_word'/>
</head>
<body>
  <div class='ocr_page' id='page_1' title='image "./lucianisamosate04jacogoog_0163.png"; bbox 0 0 2625 4092; ppageno 0'>
   <div class='ocr_carea' id='block_1_1' title="bbox 422 300 1100 365">
    <p class='ocr_par' dir='ltr' id='par_1_1' title="bbox 422 300 1100 365">
     <span class='ocr_line' id='line_1_1' title="bbox 422 300 1100 365; baseline 0.006 -5"><span class='ocrx_word' id='word_1_1' title='bbox 422 302 772 362; x_wconf 73' lang='grc' dir='ltr'><strong><em>ΦΙΛΟΨΕΥΔΗΣ.</em></strong></span> <span class='ocrx_word' id='word_1_2' title='bbox 1037 300 1100 365; x_wconf 82' lang='lat'><strong><em>107</em></strong></span> 
     </span>
    </p>
   </div>
   <div class='ocr_carea' id='block_1_2' title="bbox 82 458 1148 3606">
    <p class='ocr_par' dir='ltr' id='par_1_2' title="bbox 82 458 1148 3606">
     <span class='ocr_line' id='line_1_2' title="bbox 86 458 1099 553; baseline 0.003 -26"><span class='ocrx_word' id='word_1_3' title='bbox 86 460 194 546; x_wconf 81' lang='grc' dir='ltr'>στόμα</span> <span class='ocrx_word' id='word_1_4' title='bbox 210 460 299 548; x_wconf 83' lang='grc' dir='ltr'><strong><em>ὅμως</em></strong></span> <span class='ocrx_word' id='word_1_5' title='bbox 319 460 469 549; x_wconf 83' lang='grc' dir='ltr'><strong><em>ἀνίστησι</em></strong></span> <span class='ocrx_word' id='word_1_6' title='bbox 492 464 547 531; x_wconf 86' lang='grc' dir='ltr'><strong><em>καὶ</em></strong></span> <span class='ocrx_word' id='word_1_7' title='bbox 564 460 752 548; x_wconf 78' lang='grc' dir='ltr'><strong><em>ἀποπέμπει</em></strong></span> <span class='ocrx_word' id='word_1_8' title='bbox 769 458 904 545; x_wconf 78' lang='grc' dir='ltr'><em>ἀρτίους</em></span> <span class='ocrx_word' id='word_1_9' title='bbox 919 464 971 529; x_wconf 80' lang='grc' dir='ltr'><strong><em>ἐπὶ</em></strong></span> <span class='ocrx_word' id='word_1_10' title='bbox 986 470 1099 553; x_wconf 76' lang='grc' dir='ltr'><strong><em>μισθῷ</em></strong></span> 
     </span>
     <span class='ocr_line' id='line_1_3' title="bbox 85 557 1100 650; baseline 0.001 -24"><span class='ocrx_word' id='word_1_11' title='bbox 85 559 223 650; x_wconf 76' lang='grc' dir='ltr'><strong><em>μεγάλω</em></strong></span> <span class='ocrx_word' id='word_1_12' title='bbox 235 558 425 640; x_wconf 71' lang='grc' dir='ltr'><strong><em>ἀπαλλάξας</em></strong></span> <span class='ocrx_word' id='word_1_13' title='bbox 438 567 507 628; x_wconf 81' lang='grc' dir='ltr'><strong><em>τῶν</em></strong></span> <span class='ocrx_word' id='word_1_14' title='bbox 518 564 655 629; x_wconf 81' lang='grc' dir='ltr'><strong><em>δεινῶν·</em></strong></span> <span class='ocrx_word' id='word_1_15' title='bbox 679 558 815 628; x_wconf 79' lang='grc' dir='ltr'><strong><em>ἐπειδάν</em></strong></span> <span class='ocrx_word' id='word_1_16' title='bbox 826 557 891 645; x_wconf 79' lang='grc' dir='ltr'><strong><em>γάρ</em></strong></span> <span class='ocrx_word' id='word_1_17' title='bbox 904 563 1018 648; x_wconf 79' lang='grc' dir='ltr'><strong><em>ἐπιστῇ</em></strong></span> <span class='ocrx_word' id='word_1_18' title='bbox 1029 586 1100 628; x_wconf 87' lang='grc' dir='ltr'><strong><em>κει·</em></strong></span> 
     </span>
     <span class='ocr_line' id='line_1_4' title="bbox 85 656 1099 745; baseline -0.002 -19"><span class='ocrx_word' id='word_1_19' title='bbox 85 662 204 745; x_wconf 85' lang='grc' dir='ltr'><strong><em>μένοις</em></strong></span> <span class='ocrx_word' id='word_1_20' title='bbox 217 686 271 728; x_wconf 87' lang='grc' dir='ltr'><strong><em>και</em></strong></span> <span class='ocrx_word' id='word_1_21' title='bbox 260 661 393 745; x_wconf 82' lang='grc' dir='ltr'><strong><em>ἔρηται</em></strong></span> <span class='ocrx_word' id='word_1_22' title='bbox 405 658 489 727; x_wconf 83' lang='grc' dir='ltr'><strong><em>ὅθεν</em></strong></span> <span class='ocrx_word' id='word_1_23' title='bbox 501 661 759 744; x_wconf 74' lang='grc' dir='ltr'><strong><em>εἰσεληλύθασιν</em></strong></span> <span class='ocrx_word' id='word_1_24' title='bbox 774 656 863 737; x_wconf 90' lang='grc' dir='ltr'><strong><em>είς</em></strong></span> <span class='ocrx_word' id='word_1_25' title='bbox 829 685 866 727; x_wconf 91' lang='grc' dir='ltr'><strong><em>το</em></strong></span> <span class='ocrx_word' id='word_1_26' title='bbox 878 666 990 744; x_wconf 80' lang='grc' dir='ltr'><strong><em>σῶμα,</em></strong></span> <span class='ocrx_word' id='word_1_27' title='bbox 1006 657 1024 724; x_wconf 98' lang='lat'><strong><em>6</em></strong></span> <span class='ocrx_word' id='word_1_28' title='bbox 1037 685 1099 743; x_wconf 88' lang='grc' dir='ltr'><strong><em>μευ</em></strong></span> 
     </span>
     <span class='ocr_line' id='line_1_5' title="bbox 85 755 1099 878; baseline 0 -55"><span class='ocrx_word' id='word_1_29' title='bbox 85 765 201 824; x_wconf 77' lang='grc' dir='ltr'><strong><em>νοσῶν</em></strong></span> <span class='ocrx_word' id='word_1_30' title='bbox 218 755 318 835; x_wconf 81' lang='grc' dir='ltr'><strong><em>αὐτός</em></strong></span> <span class='ocrx_word' id='word_1_31' title='bbox 339 765 465 846; x_wconf 82' lang='grc' dir='ltr'><strong><em>σιωπᾷ,</em></strong></span> <span class='ocrx_word' id='word_1_32' title='bbox 487 757 504 825; x_wconf 92' lang='lat'><strong><em>6</em></strong></span> <span class='ocrx_word' id='word_1_33' title='bbox 528 764 656 843; x_wconf 86' lang='grc' dir='ltr'><strong><em>δαίμων</em></strong></span> <span class='ocrx_word' id='word_1_34' title='bbox 676 755 751 825; x_wconf 81' lang='grc' dir='ltr'><strong><em>δὲ’</em></strong></span> <span class='ocrx_word' id='word_1_35' title='bbox 734 762 947 878; x_wconf 82' lang='grc' dir='ltr'><strong><em>αποκρίυεται</em></strong></span> <span class='ocrx_word' id='word_1_36' title='bbox 967 759 1099 843; x_wconf 77' lang='grc' dir='ltr'><strong><em>ἑλληνί-</em></strong></span> 
     </span>
     <span class='ocr_line' id='line_1_6' title="bbox 88 849 1099 944; baseline 0.001 -25"><span class='ocrx_word' id='word_1_37' title='bbox 88 849 190 939; x_wconf 79' lang='grc' dir='ltr'><strong><em>ζωνῆ</em></strong></span> <span class='ocrx_word' id='word_1_38' title='bbox 205 851 451 942; x_wconf 66' lang='grc' dir='ltr'><strong><em>βαρβαριζων’“</em></strong></span> <span class='ocrx_word' id='word_1_39' title='bbox 429 882 451 940; x_wconf 93' lang='grc' dir='ltr'><strong><em>η</em></strong></span> <span class='ocrx_word' id='word_1_40' title='bbox 465 854 550 923; x_wconf 83' lang='grc' dir='ltr'><strong><em>ὅθεν</em></strong></span> <span class='ocrx_word' id='word_1_41' title='bbox 565 851 608 923; x_wconf 90' lang='grc' dir='ltr'><strong><em>ἀν</em></strong></span> <span class='ocrx_word' id='word_1_42' title='bbox 624 853 725 934; x_wconf 81' lang='grc' dir='ltr'><strong><em>αὐτὸς</em></strong></span> <span class='ocrx_word' id='word_1_43' title='bbox 743 849 763 944; x_wconf 83' lang='lat'><strong><em>6</em></strong></span> <span class='ocrx_word' id='word_1_44' title='bbox 780 854 871 934; x_wconf 80' lang='grc' dir='ltr'><strong><em>ὅπως</em></strong></span> <span class='ocrx_word' id='word_1_45' title='bbox 888 881 923 922; x_wconf 86' lang='grc' dir='ltr'><strong><em>τε</em></strong></span> <span class='ocrx_word' id='word_1_46' title='bbox 938 858 993 923; x_wconf 91' lang='grc' dir='ltr'><strong><em>και</em></strong></span> <span class='ocrx_word' id='word_1_47' title='bbox 1014 853 1099 922; x_wconf 86' lang='grc' dir='ltr'><strong><em>ὅθεν</em></strong></span> 
     </span>
     <span class='ocr_line' id='line_1_7' title="bbox 87 951 1100 1040; baseline 0.002 -21"><span class='ocrx_word' id='word_1_48' title='bbox 87 956 236 1036; x_wconf 74' lang='grc' dir='ltr'><strong><em>ἐπῆλθεν</em></strong></span> <span class='ocrx_word' id='word_1_49' title='bbox 252 951 334 1030; x_wconf 81' lang='grc' dir='ltr'><strong><em>ἐς</em></strong></span> <span class='ocrx_word' id='word_1_50' title='bbox 301 979 361 1021; x_wconf 94' lang='grc' dir='ltr'><strong><em>τον</em></strong></span> <span class='ocrx_word' id='word_1_51' title='bbox 377 952 581 1039; x_wconf 67' lang='grc' dir='ltr'><strong><em>ἀνθρωπον*</em></strong></span> <span class='ocrx_word' id='word_1_52' title='bbox 609 951 721 1022; x_wconf 79' lang='grc' dir='ltr'><strong><em>ὁδὲ”</em></strong></span> <span class='ocrx_word' id='word_1_53' title='bbox 701 980 823 1040; x_wconf 85' lang='grc' dir='ltr'><strong><em>ορκους</em></strong></span> <span class='ocrx_word' id='word_1_54' title='bbox 842 954 996 1039; x_wconf 77' lang='grc' dir='ltr'><strong><em>ἐπάγων,</em></strong></span> <span class='ocrx_word' id='word_1_55' title='bbox 1019 959 1049 1021; x_wconf 89' lang='grc' dir='ltr'><strong><em>εί</em></strong></span> <span class='ocrx_word' id='word_1_56' title='bbox 1035 952 1100 1021; x_wconf 69' lang='grc' dir='ltr'><strong><em>ίδὲ</em></strong></span> 
     </span>
     <span class='ocr_line' id='line_1_8' title="bbox 87 1048 1098 1140; baseline 0.003 -24"><span class='ocrx_word' id='word_1_57' title='bbox 87 1050 135 1136; x_wconf 75' lang='grc' dir='ltr'><strong><em>μὴ</em></strong></span> <span class='ocrx_word' id='word_1_58' title='bbox 152 1055 320 1137; x_wconf 80' lang='grc' dir='ltr'><strong><em>πεισθείη,</em></strong></span> <span class='ocrx_word' id='word_1_59' title='bbox 345 1054 399 1120; x_wconf 79' lang='grc' dir='ltr'><strong><em>καὶ</em></strong></span> <span class='ocrx_word' id='word_1_60' title='bbox 420 1051 567 1119; x_wconf 74' lang='grc' dir='ltr'><strong><em>ἀπειλῶν</em></strong></span> <span class='ocrx_word' id='word_1_61' title='bbox 586 1049 809 1131; x_wconf 80' lang='grc' dir='ltr'><strong><em>ἐξελαύνει</em></strong></span> <span class='ocrx_word' id='word_1_62' title='bbox 775 1078 836 1120; x_wconf 93' lang='grc' dir='ltr'><strong><em>τον</em></strong></span> <span class='ocrx_word' id='word_1_63' title='bbox 857 1054 1050 1140; x_wconf 89' lang='grc' dir='ltr'><strong><em>δαίμονα.’</em></strong></span> <span class='ocrx_word' id='word_1_64' title='bbox 1021 1048 1098 1137; x_wconf 77' lang='grc' dir='ltr'><strong><em>,εγύ</em></strong></span> 
     </span>
     <span class='ocr_line' id='line_1_9' title="bbox 86 1146 1097 1237; baseline 0.002 -24"><span class='ocrx_word' id='word_1_65' title='bbox 86 1154 175 1234; x_wconf 73' lang='grc' dir='ltr'><strong><em>γοῦν</em></strong></span> <span class='ocrx_word' id='word_1_66' title='bbox 191 1148 245 1215; x_wconf 87' lang='grc' dir='ltr'><strong><em>καὶ</em></strong></span> <span class='ocrx_word' id='word_1_67' title='bbox 260 1146 351 1216; x_wconf 85' lang='grc' dir='ltr'><strong><em>εἶδον</em></strong></span> <span class='ocrx_word' id='word_1_68' title='bbox 365 1150 493 1230; x_wconf 85' lang='grc' dir='ltr'><strong><em>ἐξιόντα</em></strong></span> <span class='ocrx_word' id='word_1_69' title='bbox 511 1152 636 1234; x_wconf 83' lang='grc' dir='ltr'><strong><em>μέλανα</em></strong></span> <span class='ocrx_word' id='word_1_70' title='bbox 658 1149 714 1217; x_wconf 72' lang='grc' dir='ltr'><strong><em>καὶ</em></strong></span> <span class='ocrx_word' id='word_1_71' title='bbox 733 1149 892 1235; x_wconf 75' lang='grc' dir='ltr'><strong><em>καπνώδη</em></strong></span> <span class='ocrx_word' id='word_1_72' title='bbox 907 1148 969 1237; x_wconf 81' lang='grc' dir='ltr'><strong><em>τὴν</em></strong></span> <span class='ocrx_word' id='word_1_73' title='bbox 982 1150 1097 1237; x_wconf 86' lang='grc' dir='ltr'><strong><em>χρόαν.</em></strong></span> 
     </span>
     <span class='ocr_line' id='line_1_10' title="bbox 88 1240 1100 1333; baseline 0.001 -19"><span class='ocrx_word' id='word_1_74' title='bbox 88 1243 145 1314; x_wconf 88' lang='grc' dir='ltr'><strong><em>Οὐ</em></strong></span> <span class='ocrx_word' id='word_1_75' title='bbox 160 1248 258 1330; x_wconf 82' lang='grc' dir='ltr'><strong><em>μέγα,</em></strong></span> <span class='ocrx_word' id='word_1_76' title='bbox 274 1240 317 1331; x_wconf 82' lang='grc' dir='ltr'><strong><em>ἦν</em></strong></span> <span class='ocrx_word' id='word_1_77' title='bbox 334 1245 365 1313; x_wconf 86' lang='grc' dir='ltr'><strong><em>δ’</em></strong></span> <span class='ocrx_word' id='word_1_78' title='bbox 383 1250 464 1333; x_wconf 79' lang='grc' dir='ltr'><strong><em>ἐμω,</em></strong></span> <span class='ocrx_word' id='word_1_79' title='bbox 480 1245 520 1313; x_wconf 90' lang='grc' dir='ltr'><strong><em>τά</em></strong></span> <span class='ocrx_word' id='word_1_80' title='bbox 535 1247 672 1314; x_wconf 85' lang='grc' dir='ltr'><strong><em>τοιαύτά</em></strong></span> <span class='ocrx_word' id='word_1_81' title='bbox 690 1268 726 1314; x_wconf 84' lang='grc' dir='ltr'><strong><em>σε</em></strong></span> <span class='ocrx_word' id='word_1_82' title='bbox 740 1244 840 1332; x_wconf 85' lang='grc' dir='ltr'><strong><em>ὁράν,</em></strong></span> <span class='ocrx_word' id='word_1_83' title='bbox 867 1241 996 1331; x_wconf 78' lang='grc' dir='ltr'><strong><em>όἼων,</em></strong></span> <span class='ocrx_word' id='word_1_84' title='bbox 1019 1240 1047 1314; x_wconf 87' lang='lat'><strong><em>6</em></strong></span> <span class='ocrx_word' id='word_1_85' title='bbox 1061 1273 1100 1332; x_wconf 84' lang='grc' dir='ltr'><strong><em>γε</em></strong></span> 
     </span>
     <span class='ocr_line' id='line_1_11' title="bbox 84 1342 1098 1432; baseline 0.001 -20"><span class='ocrx_word' id='word_1_86' title='bbox 84 1345 143 1412; x_wconf 84' lang='grc' dir='ltr'><strong><em>καὶ</em></strong></span> <span class='ocrx_word' id='word_1_87' title='bbox 158 1348 195 1412; x_wconf 81' lang='grc' dir='ltr'><strong><em>αἱ</em></strong></span> <span class='ocrx_word' id='word_1_88' title='bbox 207 1346 293 1413; x_wconf 87' lang='grc' dir='ltr'><strong><em>ίδέαι</em></strong></span> <span class='ocrx_word' id='word_1_89' title='bbox 310 1343 405 1414; x_wconf 77' lang='grc' dir='ltr'><strong><em>αὐταί</em></strong></span> <span class='ocrx_word' id='word_1_90' title='bbox 422 1354 615 1430; x_wconf 84' lang='grc' dir='ltr'><strong><em>φαίνονται,</em></strong></span> <span class='ocrx_word' id='word_1_91' title='bbox 632 1344 672 1425; x_wconf 86' lang='grc' dir='ltr'><strong><em>ἀς</em></strong></span> <span class='ocrx_word' id='word_1_92' title='bbox 686 1342 704 1411; x_wconf 93' lang='lat'><strong><em>6</em></strong></span> <span class='ocrx_word' id='word_1_93' title='bbox 720 1344 828 1431; x_wconf 78' lang='grc' dir='ltr'><strong><em>πατὴρ</em></strong></span> <span class='ocrx_word' id='word_1_94' title='bbox 843 1344 938 1432; x_wconf 82' lang='grc' dir='ltr'><strong><em>ὑμῶν</em></strong></span> <span class='ocrx_word' id='word_1_95' title='bbox 952 1347 1098 1415; x_wconf 79' lang='grc' dir='ltr'><strong><em>Πλάτων</em></strong></span> 
     </span>
     <span class='ocr_line' id='line_1_12' title="bbox 86 1441 1097 1531; baseline 0.001 -22"><span class='ocrx_word' id='word_1_96' title='bbox 86 1447 278 1527; x_wconf 83' lang='grc' dir='ltr'><strong><em>δείκνυσιν,</em></strong></span> <span class='ocrx_word' id='word_1_97' title='bbox 301 1443 455 1529; x_wconf 90' lang='grc' dir='ltr'><strong><em>ἀμαυρόν</em></strong></span> <span class='ocrx_word' id='word_1_98' title='bbox 476 1473 507 1511; x_wconf 90' lang='grc' dir='ltr'><strong><em>τι</em></strong></span> <span class='ocrx_word' id='word_1_99' title='bbox 530 1446 640 1529; x_wconf 85' lang='grc' dir='ltr'><strong><em>θέαμα</em></strong></span> <span class='ocrx_word' id='word_1_100' title='bbox 661 1441 704 1522; x_wconf 80' lang='grc' dir='ltr'><strong><em>ἀς</em></strong></span> <span class='ocrx_word' id='word_1_101' title='bbox 724 1443 808 1528; x_wconf 78' lang='grc' dir='ltr'><strong><em>πρὸς</em></strong></span> <span class='ocrx_word' id='word_1_102' title='bbox 827 1443 913 1531; x_wconf 82' lang='grc' dir='ltr'><strong><em>ἡμᾶς</em></strong></span> <span class='ocrx_word' id='word_1_103' title='bbox 936 1443 1016 1523; x_wconf 88' lang='grc' dir='ltr'><strong><em>τούς</em></strong></span> <span class='ocrx_word' id='word_1_104' title='bbox 1031 1444 1097 1529; x_wconf 85' lang='grc' dir='ltr'><strong><em>ἀμ-</em></strong></span> 
     </span>
     <span class='ocr_line' id='line_1_13' title="bbox 84 1540 1096 1630; baseline 0 -22"><span class='ocrx_word' id='word_1_105' title='bbox 84 1541 326 1628; x_wconf 77' lang='grc' dir='ltr'><strong><em>βλυώττοντας.</em></strong></span> <span class='ocrx_word' id='word_1_106' title='bbox 352 1548 402 1611; x_wconf 85' lang='grc'><strong><em>17.</em></strong></span> <span class='ocrx_word' id='word_1_107' title='bbox 419 1544 536 1620; x_wconf 85' lang='grc' dir='ltr'><strong><em>Μόνος</em></strong></span> <span class='ocrx_word' id='word_1_108' title='bbox 551 1540 615 1627; x_wconf 80' lang='grc' dir='ltr'><strong><em>γάρ</em></strong></span> <span class='ocrx_word' id='word_1_109' title='bbox 623 1542 716 1626; x_wconf 82' lang='grc' dir='ltr'><strong><em>Ἴων,</em></strong></span> <span class='ocrx_word' id='word_1_110' title='bbox 733 1550 796 1630; x_wconf 80' lang='grc' dir='ltr'><strong><em>ἔφη</em></strong></span> <span class='ocrx_word' id='word_1_111' title='bbox 813 1540 831 1609; x_wconf 92' lang='lat'>6</span> <span class='ocrx_word' id='word_1_112' title='bbox 847 1542 1038 1628; x_wconf 89' lang='grc' dir='ltr'><strong><em>Εὐκράτης,</em></strong></span> <span class='ocrx_word' id='word_1_113' title='bbox 1056 1540 1096 1609; x_wconf 89' lang='grc' dir='ltr'><strong><em>τά</em></strong></span> 
     </span>
     <span class='ocr_line' id='line_1_14' title="bbox 84 1638 1097 1728; baseline 0.002 -22"><span class='ocrx_word' id='word_1_114' title='bbox 84 1648 224 1707; x_wconf 84' lang='grc' dir='ltr'><strong><em>τοιαῦτα</em></strong></span> <span class='ocrx_word' id='word_1_115' title='bbox 241 1638 345 1727; x_wconf 80' lang='grc' dir='ltr'><strong><em>εἶδεν,</em></strong></span> <span class='ocrx_word' id='word_1_116' title='bbox 368 1639 440 1728; x_wconf 82' lang='grc' dir='ltr'><strong><em>οὐχὶ</em></strong></span> <span class='ocrx_word' id='word_1_117' title='bbox 457 1642 493 1709; x_wconf 77' lang='lat'><strong><em>66</em></strong></span> <span class='ocrx_word' id='word_1_118' title='bbox 507 1644 562 1709; x_wconf 78' lang='grc' dir='ltr'><strong><em>καλ</em></strong></span> <span class='ocrx_word' id='word_1_119' title='bbox 583 1642 679 1709; x_wconf 81' lang='grc' dir='ltr'><strong><em>ἄλλοι</em></strong></span> <span class='ocrx_word' id='word_1_120' title='bbox 697 1643 816 1711; x_wconf 81' lang='grc' dir='ltr'><strong><em>πολλοὶ</em></strong></span> <span class='ocrx_word' id='word_1_121' title='bbox 837 1648 991 1727; x_wconf 86' lang='grc' dir='ltr'><strong><em>δαίμοσιν</em></strong></span> <span class='ocrx_word' id='word_1_122' title='bbox 1005 1644 1097 1709; x_wconf 78' lang='grc' dir='ltr'><strong><em>ἐντε-</em></strong></span> 
     </span>
     <span class='ocr_line' id='line_1_15' title="bbox 84 1738 1098 1826; baseline 0 -20"><span class='ocrx_word' id='word_1_123' title='bbox 84 1738 270 1825; x_wconf 81' lang='grc' dir='ltr'><strong><em>τυχήκασιν</em></strong></span> <span class='ocrx_word' id='word_1_124' title='bbox 285 1743 321 1805; x_wconf 86' lang='grc' dir='ltr'><strong><em>οί</em></strong></span> <span class='ocrx_word' id='word_1_125' title='bbox 337 1739 399 1824; x_wconf 77' lang='grc' dir='ltr'><strong><em>μὲν</em></strong></span> <span class='ocrx_word' id='word_1_126' title='bbox 415 1740 565 1823; x_wconf 89' lang='grc' dir='ltr'><strong><em>νύκτωρ,</em></strong></span> <span class='ocrx_word' id='word_1_127' title='bbox 592 1744 625 1807; x_wconf 88' lang='grc' dir='ltr'><strong><em>οί</em></strong></span> <span class='ocrx_word' id='word_1_128' title='bbox 644 1743 681 1807; x_wconf 72' lang='grc' dir='ltr'><strong><em>δὲ</em></strong></span> <span class='ocrx_word' id='word_1_129' title='bbox 701 1738 782 1826; x_wconf 88' lang='grc' dir='ltr'><strong><em>μεθ’</em></strong></span> <span class='ocrx_word' id='word_1_130' title='bbox 802 1739 947 1826; x_wconf 75' lang='grc' dir='ltr'><strong><em>ἡμέρους</em></strong></span> <span class='ocrx_word' id='word_1_131' title='bbox 975 1738 1040 1825; x_wconf 69' lang='grc' dir='ltr'><strong><em>ἐμοὶ</em></strong></span> <span class='ocrx_word' id='word_1_132' title='bbox 1061 1738 1098 1807; x_wconf 74' lang='grc' dir='ltr'><strong><em>δὲ</em></strong></span> 
     </span>
     <span class='ocr_line' id='line_1_16' title="bbox 86 1832 1097 1925; baseline 0.002 -24"><span class='ocrx_word' id='word_1_133' title='bbox 86 1832 150 1919; x_wconf 87' lang='grc' dir='ltr'><strong><em>οὐχ</em></strong></span> <span class='ocrx_word' id='word_1_134' title='bbox 164 1834 265 1921; x_wconf 81' lang='grc' dir='ltr'><strong><em>ἅπαξ,</em></strong></span> <span class='ocrx_word' id='word_1_135' title='bbox 290 1834 375 1904; x_wconf 86' lang='grc' dir='ltr'><strong><em>ἀλλά</em></strong></span> <span class='ocrx_word' id='word_1_136' title='bbox 389 1838 544 1924; x_wconf 82' lang='grc' dir='ltr'><strong><em>μυριάκις</em></strong></span> <span class='ocrx_word' id='word_1_137' title='bbox 560 1836 624 1923; x_wconf 78' lang='grc' dir='ltr'><strong><em>ἤδη</em></strong></span> <span class='ocrx_word' id='word_1_138' title='bbox 639 1836 679 1905; x_wconf 89' lang='grc' dir='ltr'><strong><em>τά</em></strong></span> <span class='ocrx_word' id='word_1_139' title='bbox 697 1846 833 1906; x_wconf 83' lang='grc' dir='ltr'><strong><em>τοιαῦτα</em></strong></span> <span class='ocrx_word' id='word_1_140' title='bbox 844 1842 1020 1925; x_wconf 79' lang='grc' dir='ltr'><strong><em>τεθέαμαι·</em></strong></span> <span class='ocrx_word' id='word_1_141' title='bbox 1042 1840 1097 1906; x_wconf 78' lang='grc' dir='ltr'><strong><em>καὶ</em></strong></span> 
     </span>
     <span class='ocr_line' id='line_1_17' title="bbox 84 1932 1148 2024; baseline 0.003 -24"><span class='ocrx_word' id='word_1_142' title='bbox 84 1932 124 2000; x_wconf 86' lang='grc' dir='ltr'><strong><em>τό</em></strong></span> <span class='ocrx_word' id='word_1_143' title='bbox 139 1932 200 2019; x_wconf 68' lang='grc' dir='ltr'><strong><em>μὲν</em></strong></span> <span class='ocrx_word' id='word_1_144' title='bbox 213 1940 347 2017; x_wconf 80' lang='grc' dir='ltr'><strong><em>πρῶτον</em></strong></span> <span class='ocrx_word' id='word_1_145' title='bbox 362 1937 586 2021; x_wconf 81' lang='grc' dir='ltr'><strong><em>ἐταραττόμην</em></strong></span> <span class='ocrx_word' id='word_1_146' title='bbox 600 1934 685 2021; x_wconf 84' lang='grc' dir='ltr'><strong><em>πρὸς</em></strong></span> <span class='ocrx_word' id='word_1_147' title='bbox 702 1936 803 2024; x_wconf 88' lang='grc' dir='ltr'><strong><em>αὐτά,</em></strong></span> <span class='ocrx_word' id='word_1_148' title='bbox 819 1944 885 2005; x_wconf 85' lang='grc' dir='ltr'><strong><em>νῦν</em></strong></span> <span class='ocrx_word' id='word_1_149' title='bbox 901 1940 938 2005; x_wconf 79' lang='lat'><strong><em>66</em></strong></span> <span class='ocrx_word' id='word_1_150' title='bbox 952 1933 1019 2004; x_wconf 84' lang='grc' dir='ltr'><strong><em>ύπδ</em></strong></span> <span class='ocrx_word' id='word_1_151' title='bbox 1035 1943 1097 2003; x_wconf 84' lang='grc' dir='ltr'><strong><em>τοῦ</em></strong></span> <span class='ocrx_word' id='word_1_152' title='bbox 1113 1947 1148 2003; x_wconf 75' lang='grc'><strong><em>45</em></strong></span> 
     </span>
     <span class='ocr_line' id='line_1_18' title="bbox 85 2030 1097 2121; baseline 0.004 -22"><span class='ocrx_word' id='word_1_153' title='bbox 85 2038 190 2110; x_wconf 83' lang='grc' dir='ltr'><strong><em>ἔθους</em></strong></span> <span class='ocrx_word' id='word_1_154' title='bbox 204 2030 304 2099; x_wconf 86' lang='grc' dir='ltr'><strong><em>οὐδέν</em></strong></span> <span class='ocrx_word' id='word_1_155' title='bbox 318 2060 349 2098; x_wconf 92' lang='grc' dir='ltr'><strong><em>τι</em></strong></span> <span class='ocrx_word' id='word_1_156' title='bbox 365 2035 558 2119; x_wconf 80' lang='grc' dir='ltr'><strong><em>παράλογον</em></strong></span> <span class='ocrx_word' id='word_1_157' title='bbox 570 2033 654 2117; x_wconf 82' lang='grc' dir='ltr'><strong><em>ὁρᾶν</em></strong></span> <span class='ocrx_word' id='word_1_158' title='bbox 670 2062 727 2120; x_wconf 94' lang='grc' dir='ltr'><strong><em>μοι</em></strong></span> <span class='ocrx_word' id='word_1_159' title='bbox 746 2040 852 2115; x_wconf 78' lang='grc' dir='ltr'><strong><em>δοκῶ,</em></strong></span> <span class='ocrx_word' id='word_1_160' title='bbox 875 2038 930 2104; x_wconf 82' lang='grc' dir='ltr'><strong><em>καὶ</em></strong></span> <span class='ocrx_word' id='word_1_161' title='bbox 945 2044 1011 2103; x_wconf 84' lang='grc' dir='ltr'><strong><em>νῦν</em></strong></span> <span class='ocrx_word' id='word_1_162' title='bbox 1031 2037 1097 2121; x_wconf 91' lang='grc' dir='ltr'><strong><em>μά-</em></strong></span> 
     </span>
     <span class='ocr_line' id='line_1_19' title="bbox 84 2122 1097 2221; baseline 0.003 -24"><span class='ocrx_word' id='word_1_163' title='bbox 84 2139 182 2197; x_wconf 89' lang='grc' dir='ltr'><strong><em>λιστα</em></strong></span> <span class='ocrx_word' id='word_1_164' title='bbox 205 2132 237 2209; x_wconf 81' lang='grc' dir='ltr'><strong><em>ἐξ</em></strong></span> <span class='ocrx_word' id='word_1_165' title='bbox 259 2122 301 2197; x_wconf 89' lang='lat'><strong><em>06</em></strong></span> <span class='ocrx_word' id='word_1_166' title='bbox 319 2158 376 2216; x_wconf 93' lang='grc' dir='ltr'><strong><em>μοι</em></strong></span> <span class='ocrx_word' id='word_1_167' title='bbox 391 2130 451 2199; x_wconf 86' lang='grc' dir='ltr'><strong><em>τόν</em></strong></span> <span class='ocrx_word' id='word_1_168' title='bbox 471 2134 650 2201; x_wconf 88' lang='grc' dir='ltr'><strong><em>δακτύλιον</em></strong></span> <span class='ocrx_word' id='word_1_169' title='bbox 671 2134 815 2218; x_wconf 71' lang='grc' dir='ltr'><strong><em>δ”Αραψ</em></strong></span> <span class='ocrx_word' id='word_1_170' title='bbox 836 2139 940 2202; x_wconf 77' lang='grc' dir='ltr'><strong><em>ἔδωκε</em></strong></span> <span class='ocrx_word' id='word_1_171' title='bbox 956 2137 1097 2221; x_wconf 83' lang='grc' dir='ltr'><strong><em>σιδήρου</em></strong></span> 
     </span>
     <span class='ocr_line' id='line_1_20' title="bbox 82 2231 1100 2322; baseline 0.002 -27"><span class='ocrx_word' id='word_1_172' title='bbox 82 2234 147 2295; x_wconf 86' lang='grc' dir='ltr'><strong><em>τοῦ</em></strong></span> <span class='ocrx_word' id='word_1_173' title='bbox 159 2231 273 2296; x_wconf 79' lang='grc' dir='ltr'><strong><em>ἐκτῶν</em></strong></span> <span class='ocrx_word' id='word_1_174' title='bbox 288 2238 443 2315; x_wconf 79' lang='grc' dir='ltr'><strong><em>σταυρῶν</em></strong></span> <span class='ocrx_word' id='word_1_175' title='bbox 454 2234 680 2318; x_wconf 86' lang='grc' dir='ltr'><strong><em>πεποιημένον</em></strong></span> <span class='ocrx_word' id='word_1_176' title='bbox 690 2236 744 2301; x_wconf 82' lang='grc' dir='ltr'><strong><em>καὶ</em></strong></span> <span class='ocrx_word' id='word_1_177' title='bbox 755 2231 817 2320; x_wconf 80' lang='grc' dir='ltr'><strong><em>τήν</em></strong></span> <span class='ocrx_word' id='word_1_178' title='bbox 828 2231 960 2322; x_wconf 73' lang='grc' dir='ltr'><strong><em>ἐπῳδὴν</em></strong></span> <span class='ocrx_word' id='word_1_179' title='bbox 973 2236 1100 2311; x_wconf 78' lang='grc' dir='ltr'><strong><em>ἐδίδαξε</em></strong></span> 
     </span>
     <span class='ocr_line' id='line_1_21' title="bbox 84 2324 1100 2417; baseline 0.004 -24"><span class='ocrx_word' id='word_1_180' title='bbox 84 2324 152 2412; x_wconf 82' lang='grc' dir='ltr'><strong><em>τὴν</em></strong></span> <span class='ocrx_word' id='word_1_181' title='bbox 165 2329 409 2415; x_wconf 76' lang='grc' dir='ltr'><strong><em>πολυώνυμον,</em></strong></span> <span class='ocrx_word' id='word_1_182' title='bbox 431 2327 524 2409; x_wconf 82' lang='grc' dir='ltr'><strong><em>έκτός</em></strong></span> <span class='ocrx_word' id='word_1_183' title='bbox 540 2336 570 2398; x_wconf 86' lang='grc' dir='ltr'><strong><em>εί</em></strong></span> <span class='ocrx_word' id='word_1_184' title='bbox 580 2328 624 2417; x_wconf 82' lang='grc' dir='ltr'><strong><em>μη</em></strong></span> <span class='ocrx_word' id='word_1_185' title='bbox 640 2329 741 2417; x_wconf 79' lang='grc' dir='ltr'><strong><em>κάμοὶ</em></strong></span> <span class='ocrx_word' id='word_1_186' title='bbox 755 2329 961 2417; x_wconf 78' lang='grc' dir='ltr'><strong><em>ἀπιστήσεις,</em></strong></span> <span class='ocrx_word' id='word_1_187' title='bbox 983 2325 1010 2397; x_wconf 87' lang='lat'><strong><em>6</em></strong></span> <span class='ocrx_word' id='word_1_188' title='bbox 1029 2337 1100 2397; x_wconf 89' lang='grc' dir='ltr'><strong><em>Τυ-</em></strong></span> 
     </span>
     <span class='ocr_line' id='line_1_22' title="bbox 84 2422 1100 2517; baseline 0.004 -25"><span class='ocrx_word' id='word_1_189' title='bbox 84 2426 193 2513; x_wconf 85' lang='grc' dir='ltr'><strong><em>χιάδη.</em></strong></span> <span class='ocrx_word' id='word_1_190' title='bbox 221 2430 286 2495; x_wconf 86' lang='grc' dir='ltr'><strong><em>Καὶ</em></strong></span> <span class='ocrx_word' id='word_1_191' title='bbox 304 2435 374 2506; x_wconf 81' lang='grc' dir='ltr'><strong><em>πῶς</em></strong></span> <span class='ocrx_word' id='word_1_192' title='bbox 393 2426 453 2513; x_wconf 84' lang='grc' dir='ltr'><strong><em>ἀν,</em></strong></span> <span class='ocrx_word' id='word_1_193' title='bbox 476 2422 521 2514; x_wconf 80' lang='grc' dir='ltr'><strong><em>ἦν</em></strong></span> <span class='ocrx_word' id='word_1_194' title='bbox 541 2427 572 2496; x_wconf 87' lang='grc' dir='ltr'><strong><em>δ’</em></strong></span> <span class='ocrx_word' id='word_1_195' title='bbox 596 2430 679 2517; x_wconf 75' lang='grc' dir='ltr'><strong><em>ἐμά,</em></strong></span> <span class='ocrx_word' id='word_1_196' title='bbox 702 2432 917 2517; x_wconf 81' lang='grc' dir='ltr'><strong><em>ἀπιστήσαιμι</em></strong></span> <span class='ocrx_word' id='word_1_197' title='bbox 933 2429 1100 2514; x_wconf 82' lang='grc' dir='ltr'><strong><em>Εὐκράτει</em></strong></span> 
     </span>
     <span class='ocr_line' id='line_1_23' title="bbox 86 2526 1097 2617; baseline 0 -23"><span class='ocrx_word' id='word_1_198' title='bbox 86 2534 137 2613; x_wconf 76' lang='grc' dir='ltr'><strong><em>τῷ</em></strong></span> <span class='ocrx_word' id='word_1_199' title='bbox 155 2533 327 2606; x_wconf 87' lang='grc' dir='ltr'><strong><em>Δείνωνος</em></strong></span> <span class='ocrx_word' id='word_1_200' title='bbox 348 2536 443 2617; x_wconf 78' lang='grc' dir='ltr'><strong><em>σοφῷ</em></strong></span> <span class='ocrx_word' id='word_1_201' title='bbox 465 2526 564 2613; x_wconf 82' lang='grc' dir='ltr'><strong><em>ἀνδρὶ</em></strong></span> <span class='ocrx_word' id='word_1_202' title='bbox 585 2534 640 2597; x_wconf 81' lang='grc' dir='ltr'><strong><em>καλ</em></strong></span> <span class='ocrx_word' id='word_1_203' title='bbox 665 2531 808 2615; x_wconf 89' lang='grc' dir='ltr'><strong><em>μάλιστα</em></strong></span> <span class='ocrx_word' id='word_1_204' title='bbox 833 2533 1033 2613; x_wconf 85' lang='grc' dir='ltr'><strong><em>ἐλευθερίως</em></strong></span> <span class='ocrx_word' id='word_1_205' title='bbox 1057 2526 1097 2595; x_wconf 80' lang='grc' dir='ltr'><strong><em>τά</em></strong></span> 
     </span>
     <span class='ocr_line' id='line_1_24' title="bbox 85 2622 1097 2717; baseline 0.001 -25"><span class='ocrx_word' id='word_1_206' title='bbox 85 2625 255 2692; x_wconf 81' lang='grc' dir='ltr'><strong><em>δοκοῦντά</em></strong></span> <span class='ocrx_word' id='word_1_207' title='bbox 266 2631 301 2693; x_wconf 77' lang='lat' dir='ltr'><strong><em>oc</em></strong></span> <span class='ocrx_word' id='word_1_208' title='bbox 310 2630 440 2711; x_wconf 81' lang='grc' dir='ltr'><strong><em>λέγοντι</em></strong></span> <span class='ocrx_word' id='word_1_209' title='bbox 452 2638 537 2697; x_wconf 71' lang='grc' dir='ltr'><strong><em>οἴκοι</em></strong></span> <span class='ocrx_word' id='word_1_210' title='bbox 550 2626 624 2711; x_wconf 91' lang='grc' dir='ltr'><strong><em>παρ’</em></strong></span> <span class='ocrx_word' id='word_1_211' title='bbox 637 2627 730 2717; x_wconf 75' lang='grc' dir='ltr'><strong><em>αὐτῷ</em></strong></span> <span class='ocrx_word' id='word_1_212' title='bbox 739 2626 784 2696; x_wconf 80' lang='grc' dir='ltr'><strong><em>ἐπ’</em></strong></span> <span class='ocrx_word' id='word_1_213' title='bbox 795 2631 961 2708; x_wconf 81' lang='grc' dir='ltr'><strong><em>ἐξουσίας;</em></strong></span> <span class='ocrx_word' id='word_1_214' title='bbox 984 2633 1034 2696; x_wconf 85' lang='grc'><strong><em>18.</em></strong></span> <span class='ocrx_word' id='word_1_215' title='bbox 1052 2622 1097 2694; x_wconf 85' lang='grc' dir='ltr'><strong><em>Τό</em></strong></span> 
     </span>
     <span class='ocr_line' id='line_1_25' title="bbox 85 2721 1098 2813; baseline 0.001 -24"><span class='ocrx_word' id='word_1_216' title='bbox 85 2728 174 2808; x_wconf 80' lang='grc' dir='ltr'><strong><em>γοῦν</em></strong></span> <span class='ocrx_word' id='word_1_217' title='bbox 192 2725 343 2808; x_wconf 84' lang='grc' dir='ltr'><strong><em>περὶτοῦ</em></strong></span> <span class='ocrx_word' id='word_1_218' title='bbox 363 2721 579 2812; x_wconf 85' lang='grc' dir='ltr'><strong><em>ἀνδριάντος,</em></strong></span> <span class='ocrx_word' id='word_1_219' title='bbox 601 2722 669 2813; x_wconf 90' lang='lat'><strong><em>66&#39;</em></strong></span> <span class='ocrx_word' id='word_1_220' title='bbox 693 2725 730 2807; x_wconf 81' lang='grc' dir='ltr'><strong><em>ὃς</em></strong></span> <span class='ocrx_word' id='word_1_221' title='bbox 748 2726 765 2795; x_wconf 94' lang='lat'>6</span> <span class='ocrx_word' id='word_1_222' title='bbox 781 2727 971 2812; x_wconf 87' lang='grc' dir='ltr'><strong><em>Εὐκράτης,</em></strong></span> <span class='ocrx_word' id='word_1_223' title='bbox 993 2723 1098 2791; x_wconf 85' lang='grc' dir='ltr'><strong><em>ἀπασι</em></strong></span> 
     </span>
     <span class='ocr_line' id='line_1_26' title="bbox 85 2822 1097 2912; baseline 0.001 -22"><span class='ocrx_word' id='word_1_224' title='bbox 85 2837 155 2902; x_wconf 71' lang='grc' dir='ltr'><strong><em>τοῖς</em></strong></span> <span class='ocrx_word' id='word_1_225' title='bbox 169 2826 275 2893; x_wconf 81' lang='grc' dir='ltr'><strong><em>ἐπί</em></strong></span> <span class='ocrx_word' id='word_1_226' title='bbox 236 2830 355 2909; x_wconf 84' lang='grc' dir='ltr'><strong><em>τηςοίκ</em></strong></span> <span class='ocrx_word' id='word_1_227' title='bbox 357 2831 408 2904; x_wconf 91' lang='grc' dir='ltr'><strong><em>ίας</em></strong></span> <span class='ocrx_word' id='word_1_228' title='bbox 422 2822 497 2894; x_wconf 83' lang='grc' dir='ltr'><strong><em>ὅσαι</em></strong></span> <span class='ocrx_word' id='word_1_229' title='bbox 512 2827 633 2905; x_wconf 91' lang='grc' dir='ltr'><strong><em>νύκτες</em></strong></span> <span class='ocrx_word' id='word_1_230' title='bbox 644 2828 853 2912; x_wconf 86' lang='grc' dir='ltr'><strong><em>φαινόμενον</em></strong></span> <span class='ocrx_word' id='word_1_231' title='bbox 867 2829 921 2893; x_wconf 83' lang='grc' dir='ltr'><strong><em>καὶ</em></strong></span> <span class='ocrx_word' id='word_1_232' title='bbox 936 2846 1027 2891; x_wconf 91' lang='grc' dir='ltr'><strong><em>παισι</em></strong></span> <span class='ocrx_word' id='word_1_233' title='bbox 1018 2825 1097 2891; x_wconf 82' lang='grc' dir='ltr'><strong><em>καὶ</em></strong></span> 
     </span>
     <span class='ocr_line' id='line_1_27' title="bbox 85 2921 1098 3024; baseline 0 -35"><span class='ocrx_word' id='word_1_234' title='bbox 85 2928 236 3002; x_wconf 87' lang='grc' dir='ltr'><strong><em>νεανίαις</em></strong></span> <span class='ocrx_word' id='word_1_235' title='bbox 256 2925 311 2990; x_wconf 78' lang='grc' dir='ltr'><strong><em>καί</em></strong></span> <span class='ocrx_word' id='word_1_236' title='bbox 332 2928 467 3024; x_wconf 79' lang='grc' dir='ltr'><strong><em>γέρουσι</em></strong></span> <span class='ocrx_word' id='word_1_237' title='bbox 486 2922 645 2991; x_wconf 87' lang='grc' dir='ltr'><strong><em>τοῦτοού</em></strong></span> <span class='ocrx_word' id='word_1_238' title='bbox 663 2921 742 3006; x_wconf 88' lang='grc' dir='ltr'><strong><em>παρ’</em></strong></span> <span class='ocrx_word' id='word_1_239' title='bbox 766 2926 848 3010; x_wconf 82' lang='grc' dir='ltr'><strong><em>ἐμοῦ</em></strong></span> <span class='ocrx_word' id='word_1_240' title='bbox 868 2924 977 3010; x_wconf 91' lang='grc' dir='ltr'><strong><em>μόνον</em></strong></span> <span class='ocrx_word' id='word_1_241' title='bbox 991 2921 1098 2990; x_wconf 89' lang='grc' dir='ltr'><strong><em>ἀκού-</em></strong></span> 
     </span>
     <span class='ocr_line' id='line_1_28' title="bbox 84 3021 1095 3111; baseline -0.001 -22"><span class='ocrx_word' id='word_1_242' title='bbox 84 3044 178 3100; x_wconf 87' lang='grc' dir='ltr'><strong><em>σειας</em></strong></span> <span class='ocrx_word' id='word_1_243' title='bbox 188 3049 248 3107; x_wconf 91' lang='grc' dir='ltr'><strong><em>αν</em></strong></span> <span class='ocrx_word' id='word_1_244' title='bbox 260 3021 344 3090; x_wconf 88' lang='grc' dir='ltr'><strong><em>ἀλλά</em></strong></span> <span class='ocrx_word' id='word_1_245' title='bbox 357 3026 411 3091; x_wconf 82' lang='grc' dir='ltr'><strong><em>καὶ</em></strong></span> <span class='ocrx_word' id='word_1_246' title='bbox 422 3050 511 3111; x_wconf 85' lang='grc' dir='ltr'><strong><em>παρα</em></strong></span> <span class='ocrx_word' id='word_1_247' title='bbox 522 3050 592 3092; x_wconf 91' lang='grc' dir='ltr'><strong><em>των</em></strong></span> <span class='ocrx_word' id='word_1_248' title='bbox 605 3049 775 3110; x_wconf 86' lang='grc' dir='ltr'><strong><em>ημετερων</em></strong></span> <span class='ocrx_word' id='word_1_249' title='bbox 786 3048 953 3091; x_wconf 89' lang='grc' dir='ltr'><strong><em>απαυτων</em></strong></span> <span class='ocrx_word' id='word_1_250' title='bbox 975 3028 1095 3107; x_wconf 89' lang='grc' dir='ltr'><strong><em>Ποίου,</em></strong></span> 
     </span>
     <span class='ocr_line' id='line_1_29' title="bbox 83 3074 1097 3237; baseline 0.001 -51"><span class='ocrx_word' id='word_1_251' title='bbox 83 3113 177 3205; x_wconf 81' lang='lat'>666’</span> <span class='ocrx_word' id='word_1_252' title='bbox 195 3074 277 3206; x_wconf 72' lang='grc' dir='ltr'><strong><em>ἐμόν’,</em></strong></span> <span class='ocrx_word' id='word_1_253' title='bbox 299 3120 517 3237; x_wconf 76' lang='grc' dir='ltr'><strong><em>ἀνδριάντοςς</em></strong></span> <span class='ocrx_word' id='word_1_254' title='bbox 548 3118 650 3208; x_wconf 72' lang='grc' dir='ltr'><strong><em>ούχ’</em></strong></span> <span class='ocrx_word' id='word_1_255' title='bbox 633 3124 797 3208; x_wconf 80' lang='grc' dir='ltr'><strong><em>εωρακας,</em></strong></span> <span class='ocrx_word' id='word_1_256' title='bbox 819 3127 941 3208; x_wconf 79' lang='grc' dir='ltr'><strong><em>ἕφη,ε</em></strong></span> <span class='ocrx_word' id='word_1_257' title='bbox 941 3118 1039 3191; x_wconf 77' lang='grc' dir='ltr'><strong><em>ίσιών</em></strong></span> <span class='ocrx_word' id='word_1_258' title='bbox 1059 3123 1097 3189; x_wconf 83' lang='grc' dir='ltr'><strong><em>ἐν</em></strong></span> 
     </span>
     <span class='ocr_line' id='line_1_30' title="bbox 83 3214 1096 3309; baseline 0.005 -26"><span class='ocrx_word' id='word_1_259' title='bbox 83 3245 125 3304; x_wconf 87' lang='grc' dir='ltr'><strong><em>τη</em></strong></span> <span class='ocrx_word' id='word_1_260' title='bbox 112 3214 257 3306; x_wconf 80' lang='grc' dir='ltr'><strong><em>αὐλῇ</em></strong></span> <span class='ocrx_word' id='word_1_261' title='bbox 240 3219 398 3304; x_wconf 87' lang='grc' dir='ltr'><strong><em>εστηκότα</em></strong></span> <span class='ocrx_word' id='word_1_262' title='bbox 414 3221 588 3306; x_wconf 77' lang='grc' dir='ltr'><strong><em>πάγκαλον</em></strong></span> <span class='ocrx_word' id='word_1_263' title='bbox 602 3221 803 3307; x_wconf 90' lang='grc' dir='ltr'><strong><em>ἀνδριάντα,</em></strong></span> <span class='ocrx_word' id='word_1_264' title='bbox 826 3227 1024 3309; x_wconf 89' lang='grc' dir='ltr'><strong><em>Δημητρίου</em></strong></span> <span class='ocrx_word' id='word_1_265' title='bbox 1038 3226 1096 3305; x_wconf 81' lang='grc' dir='ltr'><strong><em>ἔρ-</em></strong></span> 
     </span>
     <span class='ocr_line' id='line_1_31' title="bbox 84 3314 1094 3408; baseline 0.006 -27"><span class='ocrx_word' id='word_1_266' title='bbox 84 3314 510 3443; x_wconf 81' lang='grc' dir='ltr'><strong><em>μοντούἀνθρωποποιού;</em></strong></span> <span class='ocrx_word' id='word_1_267' title='bbox 527 3314 1005 3408; x_wconf 78' lang='grc' dir='ltr'><strong><em>Μῶυτόνδισκεύοντα,ἦνδ’</em></strong></span> <span class='ocrx_word' id='word_1_268' title='bbox 1017 3320 1094 3406; x_wconf 77' lang='grc' dir='ltr'><strong><em>ἐγώ,</em></strong></span> 
     </span>
     <span class='ocr_line' id='line_1_32' title="bbox 85 3414 1095 3538; baseline 0.001 -55"><span class='ocrx_word' id='word_1_269' title='bbox 85 3414 153 3502; x_wconf 82' lang='grc' dir='ltr'><strong><em>φης</em></strong></span> <span class='ocrx_word' id='word_1_270' title='bbox 166 3414 227 3484; x_wconf 85' lang='grc' dir='ltr'><strong><em>τόν</em></strong></span> <span class='ocrx_word' id='word_1_271' title='bbox 244 3418 469 3538; x_wconf 85' lang='grc' dir='ltr'><strong><em>ἐπικεκυφότα</em></strong></span> <span class='ocrx_word' id='word_1_272' title='bbox 484 3418 567 3488; x_wconf 90' lang='grc' dir='ltr'><strong><em>κατά</em></strong></span> <span class='ocrx_word' id='word_1_273' title='bbox 581 3418 618 3489; x_wconf 85' lang='grc' dir='ltr'><strong><em>τὸ</em></strong></span> <span class='ocrx_word' id='word_1_274' title='bbox 637 3427 745 3506; x_wconf 80' lang='grc' dir='ltr'><strong><em>σχῆμα</em></strong></span> <span class='ocrx_word' id='word_1_275' title='bbox 760 3428 818 3506; x_wconf 78' lang='grc' dir='ltr'><strong><em>τῆς</em></strong></span> <span class='ocrx_word' id='word_1_276' title='bbox 832 3418 996 3505; x_wconf 85' lang='grc' dir='ltr'><strong><em>ἀφέσεως,</em></strong></span> <span class='ocrx_word' id='word_1_277' title='bbox 1012 3417 1095 3484; x_wconf 90' lang='grc' dir='ltr'><strong><em>ἀπε-</em></strong></span> 
     </span>
     <span class='ocr_line' id='line_1_33' title="bbox 85 3514 1094 3606; baseline 0.001 -24"><span class='ocrx_word' id='word_1_278' title='bbox 85 3518 297 3601; x_wconf 87' lang='grc' dir='ltr'><strong><em>στραμμένον</em></strong></span> <span class='ocrx_word' id='word_1_279' title='bbox 309 3523 363 3595; x_wconf 84' lang='grc' dir='ltr'><strong><em>είς</em></strong></span> <span class='ocrx_word' id='word_1_280' title='bbox 384 3514 448 3604; x_wconf 81' lang='grc' dir='ltr'><strong><em>την</em></strong></span> <span class='ocrx_word' id='word_1_281' title='bbox 469 3517 737 3605; x_wconf 87' lang='grc' dir='ltr'><strong><em>δισκοφόρου,’</em></strong></span> <span class='ocrx_word' id='word_1_282' title='bbox 719 3522 823 3606; x_wconf 85' lang='grc' dir='ltr'><strong><em>ηρίμα</em></strong></span> <span class='ocrx_word' id='word_1_283' title='bbox 845 3515 1025 3597; x_wconf 78' lang='grc' dir='ltr'><strong><em>ὀκλάζοντα</em></strong></span> <span class='ocrx_word' id='word_1_284' title='bbox 1046 3521 1094 3603; x_wconf 71' lang='grc' dir='ltr'><strong><em>τῷ</em></strong></span> 
     </span>
    </p>
   </div>
   <div class='ocr_carea' id='block_1_3' title="bbox 0 0 1318 4092">
    <p class='ocr_par' dir='ltr' id='par_1_3' title="bbox 0 0 1318 4092">
     <span class='ocr_line' id='line_1_34' title="bbox 0 0 1318 4092; baseline 0 0"><span class='ocrx_word' id='word_1_285' title='bbox 0 0 1318 4092; x_wconf 95' lang='lat' dir='ltr'><strong><em> </em></strong></span> 
     </span>
    </p>
   </div>
  </div>
 </body>
</html>
