2625 4092
218 320 280 382 216
572 321 877 382 ΛΟΥΚΙΑΝΟΤ

148 500 200 554 253
220 485 248 550 7.
265 479 430 569 ἠκούσατε
444 484 480 549 δὲ
491 479 580 559 ὅπως
592 485 692 564 δεῦρο
704 480 869 569 κατήγαγε
878 480 915 550 τό
927 492 1061 569 πλοίου,
1080 479 1135 552 οἷα
1145 489 1222 552 ἔπα-

218 590 285 647 θον
301 584 456 657 πλέοντες
469 575 491 666 ἦ
507 577 550 657 ῶς
564 577 583 646 ὁ
599 576 703 665 ἀστὴρ
719 576 842 658 αὐτούς
855 585 998 662 έσωσενς

301 726 401 787 AYK.
429 717 518 803 Οὔκ,
536 712 563 785 m*
583 720 742 806 Τιμόλαε,
757 717 841 790 ἀλλά
855 729 921 787 νῦν
938 720 1042 806 ἡδέως
1056 715 1099 787 ἀν
1120 719 1223 788 ἀκού-

218 836 345 902 σαιμεν.

306 965 401 1027 ΤΙΜ.
425 957 462 1027 ‘0
485 961 675 1049 ναύκληρος
695 959 796 1041 αύτός
817 964 961 1049 διηγεῖτό
980 990 1053 1049 μοι,
1084 964 1224 1051 χρηστός

218 1053 304 1142 ἀνὴρ
324 1059 380 1124 καί
396 1067 640 1146 προσομιλῆσαι
663 1060 777 1140 δεξιός.
810 1065 872 1146 ἔφη
891 1059 927 1127 δὲ
944 1059 1009 1128 ἀπὸ
1027 1068 1085 1148 τῆς
1106 1063 1225 1146 Φάρου

219 1151 409 1237 ἀπάραντας
421 1152 461 1220 ού
472 1155 563 1223 πάνυ
573 1163 670 1246 βιαίῳ
684 1158 847 1242 πνεύματι
860 1159 1056 1244 ἑβδομαίους
1071 1163 1156 1226 ἰδεῖν
1165 1159 1225 1227 τὸν

164 1325 167 1328 ,
216 1248 417 1337 Ἀκάμαντα,
443 1251 511 1320 εἶτα
529 1255 676 1339 ζεφύρου
698 1253 978 1333 ἀντιπνεύσαντος
999 1253 1225 1341 ἀπενεχθῆναι

151 1361 156 1373 ’
218 1356 379 1436 πλαγίους
390 1349 466 1436 ἀχρι
474 1356 637 1438 Σιδῶνος,
652 1356 784 1421 ἐκεῖθεν
796 1353 832 1420 δὲ
842 1359 977 1439 χειμῶνι
988 1351 1119 1442 μεγάλῳ
1129 1377 1225 1438 περι-

218 1448 381 1528 πεσόντας
402 1449 522 1538 δεκάτη
542 1453 594 1519 έπί
609 1454 809 1528 Χελιδονέας
829 1447 884 1518 διά
905 1458 966 1517 τοῦ
986 1447 1149 1530 Αὐλῶνος
1170 1454 1225 1520 έλ-

217 1556 311 1630 θείν,
326 1551 412 1614 ἔνθα
425 1545 466 1633 δὴ
477 1545 567 1631 παρά
580 1548 701 1634 μικρὸν
715 1546 941 1635 ὑποβρυχίους
955 1553 1054 1615 δῦναι
1064 1546 1223 1626 ἅπαντας.

217 1651 245 1713 8.
263 1641 337 1711 οἰδα
351 1648 391 1713 δέ
402 1671 482 1713 ποτε
496 1649 549 1714 καί
572 1645 672 1725 αύτδς
686 1649 922 1729 παραπλεύσας
936 1648 1137 1723 Χελιδονέας
1151 1643 1226 1731 ἡλί-
1309 1673 1311 1712 ι

218 1766 280 1810 κον
298 1744 336 1809 ἐν
357 1750 402 1833 τῳ
420 1743 511 1834 τόπῳ
533 1742 704 1812 ἀνίσταται
726 1743 762 1812 τό
786 1753 892 1830 κύμα,
916 1747 971 1812 καί
991 1743 1132 1828 μάλιστα
1149 1745 1225 1825 περί

217 1837 278 1907 τόν
295 1846 388 1925 λίβα,
409 1837 537 1908 ὁπόταν
556 1843 699 1930 ἐπιλάβῃ
719 1842 773 1910 καί
790 1849 851 1909 τοῦ
872 1841 991 1908 νότου·
1023 1837 1094 1908 κατ’
1117 1843 1225 1907 έκεῖνο
1310 1859 1311 1886 ³

147 1955 200 2011 τοι
219 1935 284 2024 γάρ
303 1934 343 2022 δὴ
355 1945 531 2026 συμβαίνει
542 1946 734 2026 μερίζεσθαι
745 1938 781 2008 τδ
793 1940 997 2026 Παμφύλιον
1008 1935 1073 2008 ἀπό
1085 1946 1144 2023 τῆς
1153 1945 1227 2006 Αυ-

218 2043 335 2120 κιακῆς
351 2037 533 2122 θαλάττης,
550 2039 606 2105 καί
621 2035 638 2104 ὁ
651 2038 786 2106 κλύδων
801 2037 858 2105 άτε
871 2036 936 2104 ἀπὸ
953 2043 1087 2105 πολλῶν
1097 2036 1227 2122 ῥευμά-

218 2158 286 2199 των
301 2135 377 2217 περί
394 2140 438 2224 τῷ
459 2131 654 2225 ἀκρωτηρίῳ
669 2135 857 2221 σχιζόμενος
871 2133 914 2182 ’-
926 2131 1089 2217 ἀπόξυροι
1104 2135 1143 2200 δέ
1162 2138 1226 2200 εἰσι

219 2233 334 2313 πέτραι
356 2233 412 2299 καί
434 2231 534 2311 ὀξεῖαι
557 2233 835 2320 παραθηγόμεναι
855 2239 900 2323 τῳ
923 2233 1149 2317 κλύσματι-
1169 2232 1227 2300 καί

219 2329 456 2417 φοβερωτάτην
470 2328 634 2418 ποιεῖτὴν
650 2329 852 2417 κυματωγὴν
868 2332 922 2397 καὶ
936 2326 998 2396 τόν
1010 2321 1094 2416 ἦχον
1107 2331 1226 2413 μέγαν,

219 2430 274 2498 καί
298 2427 335 2496 τό
362 2436 452 2515 ’κῦμα
477 2430 637 2508 πολλάκις
662 2427 752 2517 αύτῷ
778 2434 971 2514 ἰσομέγεθες
994 2436 1040 2518 τῳ
1062 2428 1225 2515 σκοπέλῳ.

218 2536 248 2594 9.
272 2536 408 2597 τοιαῦτα
426 2530 481 2596 καί
502 2535 589 2614 σφᾶς
612 2537 812 2616 καταλαβεῖν
829 2534 974 2614 ἔφασκεν
996 2523 1014 2593 ὁ
1036 2525 1227 2611 ναύκληρος

217 2633 265 2696 έτι
278 2630 333 2696 καί
344 2626 464 2706 νυκτός
475 2625 577 2714 ούσης
590 2630 644 2694 καί
656 2628 763 2713 ζόφου
774 2624 949 2713 ἀκριβοῦς·
971 2622 1054 2693 ἀλλά
1069 2623 1154 2706 πρός
1163 2622 1228 2710 τὴν
1307 2671 1308 2676 1

147 2730 151 2736 ’
218 2724 367 2813 οἰμωγὴν
381 2725 493 2794 αὐτῶν
508 2730 769 2805 ἐπικλασθέντας
787 2723 867 2804 τούς
880 2723 984 2804 θεούς
998 2731 1066 2806 πῦρ
1087 2751 1123 2790 τε
1140 2723 1228 2790 ἀνα-

219 2830 321 2905 δείξαι
338 2823 404 2895 ἀπδ
421 2833 478 2912 τῆς
492 2833 636 2911 Λυκίας,
653 2823 698 2903 ῶς
713 2832 875 2911 γνωρίσαι
886 2823 947 2892 τόν
961 2824 1066 2892 τόπον
1083 2827 1227 2906 ἐκεῖνον,
1306 2865 1307 2868 =

218 2929 277 2990 καί
288 2949 363 2990 τινα
375 2921 528 3009 λαμπρόν
539 2921 659 3007 ἀστέρα
672 2923 894 3007 Διοσκούρων
907 2921 968 2990 τόν
982 2926 1096 3004 ἕτερον
1108 2925 1228 2988 ἐπικα-

219 3030 314 3088 θίσαι
328 3028 374 3109 τῶ
389 3029 555 3112 καρχησίῳ
568 3024 624 3092 καί
634 3030 842 3090 κατευθύναι
853 3021 915 3108 την
926 3029 1013 3088 ναύν
1027 3022 1079 3086 ἐπί
1092 3017 1133 3086 τά
1145 3018 1226 3088 λαιά

219 3122 252 3197 ές
274 3117 311 3187 τό
332 3121 475 3205 πέλαγος
493 3118 557 3207 ἤδη
580 3129 625 3210 τῳ
646 3130 783 3212 κρημνῷ
803 3124 1096 3207 προσφερομένην·
1123 3117 1228 3185 τούν-
1305 3115 1306 3118 “

216 3226 341 3288 τεῦθον
358 3218 394 3286 δὲ
414 3217 500 3298 ἅπαξ
516 3226 574 3304 τῆς
593 3217 700 3306 ὀρθῆς
720 3219 919 3297 ἐκπεσόντας
936 3219 991 3286 διὰ
1006 3225 1067 3285 τοῦ
1081 3223 1228 3300 Αἰγαίου

216 3318 425 3394 πλεύσαντας
440 3321 666 3405 ἑβδομηκοστῇ
680 3314 739 3385 ἀπ’
755 3318 930 3404 Αἰγύπτου
943 3315 1049 3407 ἡμέρῳ
1064 3315 1147 3401 πρὸς
1161 3314 1228 3382 άν-

217 3424 308 3494 τίους
319 3413 398 3494 τούς
409 3419 538 3502 ἐτησίας
547 3419 787 3504 πλαγιάζοντας
801 3420 833 3495 ές
844 3425 986 3502 Πειραιᾶ
1001 3419 1079 3503 χθὲς
1093 3426 1229 3496 καθορ-

217 3522 379 3599 μίσασθαι
389 3522 551 3583 τοσοῦτον
563 3513 791 3603 ἀποσυρέντας
802 3518 835 3594 ές
846 3513 883 3584 τό
899 3515 999 3602 κάτω,
1015 3513 1073 3594 οδς
1085 3519 1151 3583 ἔδει
1161 3511 1230 3599 τὴν
