2625 4092
244 309 306 373 372
598 311 902 371 AOYKIANOP

243 473 319 559 μήτι
340 496 378 557 γε
399 470 446 559 δήΙ
460 474 580 556 μέρους
603 468 791 557 σύματοςή
814 479 871 558 τῆς
887 478 1009 557 ψυχῆς,
1032 478 1103 539 τῶν
1118 467 1246 556 εύεργε·

242 590 326 638 σιιν
345 570 380 638 δὲ
401 567 480 637 οὐδὲ
502 566 649 636 δυνατόν
664 566 718 654 ἐφ’
735 567 865 647 ἁπάσας
879 572 1000 636 ἐλθεῖν.
1030 565 1163 636 ούκοῦν
1178 565 1245 635 οὐδ’

242 665 492 755 ὁΔημοσθένης
504 668 683 735 αἰτιάσεται
695 665 777 734 καθ’
789 671 827 735 ἐν
837 674 904 735 τῶν
915 663 1022 733 αὐτοῦ
1033 673 1152 735 καλεῖν
1161 668 1247 733 ἐπαι-

172 777 222 835 507
242 766 424 851 νούμενος,
442 766 511 834 ἐπεὶ
523 764 560 832 τό
577 792 615 851 γε
630 766 766 852 σύμπαν
776 764 854 833 οὐδ’
866 761 967 842 αὐτὸς
981 759 1025 831 όν
1040 762 1148 832 αὑτὸν
1159 766 1246 847 ἐξαρ-

242 866 370 932 κέσειεν
387 866 565 931 ἐπαινέσαι.

326 968 377 1029 22.
404 969 515 1030 Ταῦτα
530 968 592 1031 τοῦ
607 961 803 1047 Θερσαγόρα
817 958 1064 1044 διεξελθόντος,
1084 956 1193 1044 Οἶμαί
1205 976 1248 1039 σε,

243 1064 339 1146 ἔφην,
350 1061 388 1128 δν
399 1062 623 1146 ἐπιδεδεῖχθαί
632 1086 689 1145 μοι
699 1059 917 1146 βουλόμενον,
928 1057 965 1126 τό
977 1054 1022 1144 μή
1032 1060 1145 1144 μόνον
1157 1080 1249 1141 ποιη-

241 1156 304 1246 τήν
316 1156 449 1246 ἀγαθόν
461 1156 556 1247 εἶναι,
572 1168 639 1235 ταῖν
650 1161 762 1246 λόγων
774 1158 1036 1246 παρεμπόρευμα
1045 1164 1249 1243 πεποιῆσθαι

242 1255 300 1326 τόν
318 1259 546 1345 Δημοσθένην
566 1255 605 1325 τό
629 1256 708 1339 πεζοὶ
730 1273 797 1338 τοῖς
818 1259 990 1344 ἐμμέτροις
1015 1258 1248 1342 προστιθέντα.

242 1357 304 1425 Σοὶ
320 1355 382 1441 μὲν
397 1349 478 1442 ούν,
499 1362 581 1442 ἐφη,
604 1354 667 1442 τήν
686 1356 860 1445 ῥαστώνην
881 1354 1054 1433 ὑποτιθεὶς
1074 1356 1250 1441 προήχθην

243 1458 436 1540 ἐπιδραμεῖν
450 1452 510 1522 τόν
525 1454 643 1541 λόγον,
661 1466 694 1523 εί
705 1482 735 1521 τι
750 1461 806 1540 τῆς
821 1456 998 1540 φροντίδος
1014 1450 1107 1530 όνείς
1129 1451 1248 1536 ἀκροα-

242 1549 299 1639 τής
315 1548 392 1637 ἡμῖν
412 1555 532 1636 γένοιο.
566 1550 750 1639 Προύργου
763 1558 895 1632 τοίνυν,
917 1557 1020 1637 ἔφην,
1044 1553 1097 1618 σοὶ
1112 1554 1250 1637 γε’γονεν

242 1646 359 1732 οὐδέν,
377 1641 416 1715 εὖ
431 1658 514 1717 ίσθι.
537 1650 654 1717 σκόπει
667 1651 703 1718 δέ
716 1653 772 1717 καί
785 1648 829 1735 μὴ
842 1652 944 1717 πλέον
958 1642 980 1737 ᾗ
995 1646 1142 1734 γεγονός
1154 1648 1249 1715 θάτε-

243 1772 315 1831 ρον.
350 1744 464 1814 Καλόν
484 1741 527 1813 ι’ίν
544 1751 669 1833 λέγοις,
691 1753 772 1834 ἔφη,
793 1745 831 1814 τό
847 1756 936 1832 ἴαμα.
969 1743 1024 1814 Σύ
1043 1745 1130 1830 γάρ,
1159 1750 1248 1829 ἐφην,

242 1842 389 1931 ἀγνοεῖς,
413 1842 519 1931 οἶμαι,
539 1842 576 1912 τό
592 1843 703 1928 παρόν
717 1844 862 1929 ἄπορον,
884 1842 952 1913 εἶτα
967 1849 1085 1926 ἰατροῦ
1102 1847 1207 1927 δίκην
1218 1836 1247 1906 ιο

181 1948 186 1959 ’
242 1950 303 2010 τοῦ
320 1950 502 2022 νοσοῦντος
526 1942 660 2028 σαθρόν
680 1941 908 2031 ἀγνοήσοντας
929 1942 1012 2012 ἄλλο
1036 1940 1245 2026 θεραπεύεις.

242 2038 313 2107 ’Ότι
333 2046 368 2107 τί
385 2041 425 2127 δή
433 2069 442 2120 ;
475 2038 529 2109 Σύ
550 2044 613 2127 μὲν
631 2040 653 2109 δι’
670 2043 841 2128 ταράξειεν
863 2038 908 2110 ἂν
925 2038 984 2109 τόν
1003 2047 1146 2125 πρῶτον
1163 2036 1247 2107 ἰόντι
1287 2105 1289 2114 ,

242 2136 325 2222 πρὸς
338 2136 398 2203 τόν
411 2139 529 2224 λόγον,
547 2142 758 2227 ἐπεχείρησας
773 2142 952 2224 ίόσασθαι,
967 2135 1007 2207 τό
1023 2135 1056 2205 δ’
1071 2136 1142 2224 ήδη
1155 2161 1247 2205 κατα·
1286 2159 1288 2190 ί

241 2234 385 2303 νόλαται
403 2245 538 2317 πολλαῖς
553 2241 636 2307 ἐτοῖν
651 2240 836 2321 περιόδοις·
858 2236 943 2307 ὥστε
956 2236 1079 2322 ταύτης
1093 2241 1159 2321 τῆς
1173 2233 1247 2302 ἄπο

242 2340 314 2419 ρίας
334 2334 420 2401 ἕωλα
441 2354 493 2402 σοι
511 2333 550 2403 τὰ
572 2336 701 2420 ἰάματα.
746 2333 845 2405 Τοῦτ’
870 2327 952 2422 ου’ν,
978 2342 1060 2421 ἔφη,
1086 2335 1147 2401 σοὶ
1167 2333 1248 2417 τόγε
1284 2324 1286 2343 ’

243 2442 336 2519 ίαμα
362 2429 423 2517 χρὴ
448 2436 560 2516 μέντοι
584 2435 739 2520 καθάπερ
758 2433 842 2503 ὁδοῦ
864 2430 1156 2519 θαρραλεωτάτην
1173 2431 1246 2500 εἶναι

173 2548 225 2602 οο8
243 2529 305 2618 τήν
319 2532 582 2618 συνηθεστάτην.
605 2537 655 2603 23.
672 2531 742 2620 Τήν
752 2538 907 2603 ἐναντίαν
920 2532 1002 2619 γάρ,
1018 2528 1136 2615 εἶπον,
1148 2528 1246 2614 πρού-

242 2633 351 2717 θέμην
363 2628 386 2715 ή
398 2651 503 2713 φασιν
515 2628 699 2713 Ἀννίκεριν
709 2628 770 2700 τόν
780 2640 975 2718 Κυρηναῖον
984 2639 1245 2753 φιλοτιμηθῆναι

242 2727 326 2811 πρὸς
346 2730 511 2797 Πλατωυοί
532 2755 567 2797 τε
588 2733 642 2798 και
662 2729 741 2809 τούς
756 2733 921 2814 ἑταίρους·
959 2725 1018 2796 τόν
1038 2732 1104 2814 μέν
1130 2757 1170 2815 γε
1185 2737 1244 2798 Kv·

243 2842 383 2913 ρηναῖον
403 2824 652 2913 ἁρματηλασίαν
675 2830 908 2899 ἐπιδεικνύντα
924 2826 1072 2908 πολλούς
1095 2833 1177 2917 περὶ
1196 2828 1278 2913 τὴν

239 2925 400 3011 Ἀκαδημί
398 2952 440 2993 αν
460 2928 650 3008 ἐξελαύνειν
672 2929 818 3014 δρόμους
837 2932 889 2998 ἐπι
906 2937 962 3048 τής
980 2927 1083 3015 αύτης
1105 2927 1244 3015 όιρματο·
1275 2893 1277 2954 ⁴

244 3033 372 3110 τροχίας
388 3023 536 3103 ἅπαντας
549 3027 630 3112 μηδὲ
633 3052 652 3092 ν
670 3028 900 3115 παραβάντας,
922 3025 1007 3095 ὥσθ’
1023 3024 1104 3106 ἑνός
1127 3030 1245 3113 δρόμοι

244 3137 360 3209 σημεῖα
376 3148 458 3191 κατα
479 3132 536 3209 τῆς
555 3152 615 3211 γης
636 3123 894 3194 ὑπολείπεσθαι·
926 3122 1054 3212 τούμὸν
1074 3128 1120 3195 δέ
1139 3153 1179 3213 γε
1195 3124 1245 3210 τήν

244 3225 399 3289 ἐναντίαν
410 3222 557 3307 σπεύδει,
573 3221 632 3301 τὰς
643 3222 903 3310 ἁρματοτροχίας
913 3220 1088 3295 όλεείνειυ.
1114 3224 1245 3312 ούμάλι

242 3321 361 3408 ῥηίδιον
379 3317 431 3405 δ’,
452 3317 558 3403 οἶμαι,
585 3338 801 3408 καινουργεῖν
821 3320 922 3401 ὁδούς
940 3332 1008 3389 τῶν
1022 3329 1244 3413 τετριμμεθυι·

243 3416 496 3501 ἐκτρεπόμενον.
532 3414 628 3487 Ἀλλό
653 3446 705 3488 τοι
730 3421 767 3489 τό
791 3424 992 3506 Παύσωνος,
1018 3429 1106 3510 ἔφη,
1135 3425 1242 3512 σοφόν.

244 3523 364 3595 Ποῖον;
380 3520 480 3600 ἐφην·
496 3512 537 3581 ού
547 3514 612 3603 γὰρ
624 3516 762 3605 ἀκήκοα.
785 3528 835 3591 24.
853 3521 1014 3590 Παύσωνι
1025 3530 1073 3613 τῷ
1087 3526 1241 3613 ζωγράφα
