2625 4092
307 333 569 396 ETAIPIKOI
591 336 851 396 ΔΙΑΛΟΓΟΙ.
1018 337 1081 400 257

160 503 256 570 XEA.
282 493 397 577 ,ζΏστε
407 493 537 580 άνάγκη
548 503 728 563 πείθεσθαι
741 495 844 587 αὐτῷ·
867 509 1082 584 παρακολου-

85 608 136 663 θεῖ
148 593 210 679 γάρ
228 593 373 680 ἀκριβῶς
393 594 681 679 παραφυλάττων,
703 598 757 662 καὶ
779 595 865 675 ὅλως
885 597 964 666 οὐδὲ
981 623 1083 682 προς-

81 695 208 780 βλέπειν
229 691 319 783 άλλχε
341 688 455 759 οὐθενὶ
477 696 599 770 ἔξεστιν
621 690 670 757 ὅτι
689 690 733 777 μὴ
754 696 883 784 ἐκείνῳ·
912 702 943 763 εί
961 695 996 762 δὲ
1014 716 1081 761 σοι·

81 806 232 877 φρονοῑμι
249 793 304 858 καὶ
325 791 433 856 πάντα
449 797 623 875 πεισθείην
640 788 746 879 αὐτῷ,
769 789 974 879 ὑπισχνεῖται
989 795 1081 860 πάνυ

80 890 254 976 εὐδαίμονα
273 896 410 959 ἔσεσθαί
422 915 462 974 με
484 891 538 954 καὶ
555 889 712 970 ἐνάρετον
730 892 995 976 καταστήσεσθαι
1012 906 1080 968 τοῖς

79 988 189 1067 πόνοις
200 987 550 1073 προγεγυμνασμένον.
567 987 671 1054 ταύτά
683 1008 735 1054 σοι
750 986 845 1072 μόλις
855 994 983 1073 έγραυα
995 986 1079 1054 ὑπο-

78 1087 196 1186 κλέψας
214 1086 367 1169 ἐμαυτόν.
400 1082 443 1149 σύ
465 1087 502 1150 δέ
519 1110 575 1168 μοι
594 1083 723 1170 εὐτύχει
741 1088 795 1154 καί
814 1090 962 1170 μέμνησο
980 1095 1080 1156 Κλει-

77 1189 157 1249 νίου.
167 1191 187 1222 “

157 1285 186 1346 4.
204 1288 333 1347 ΔΡΟΣ
359 1286 401 1347 Τί
415 1300 468 1344 σοι
482 1277 604 1346 δοκεῖ’
587 1306 606 1400 ιχ
622 1280 789 1367 ἐπιστολή,
806 1308 831 1347 ω
821 1236 1058 1363 Χελιδόνιον,

156 1388 255 1449 ΧΕΔ.
289 1377 336 1446 Τά
356 1379 416 1466 μὲν
440 1376 560 1447 άλλα’
544 1407 563 1465 η
585 1376 650 1446 άπό
671 1387 823 1447 Σκυθῶν
844 1383 955 1468 ῥῆσις,
981 1379 1018 1448 τό
1042 1383 1077 1451 δὲ

73 1481 242 1564 ,μέμνησο
258 1483 439 1545 Κλεινίου86
456 1481 519 1564 ἔχει
537 1473 609 1542 τινά
625 1475 814 1545 ὑπόλοιπον
830 1481 954 1546 ἐλπίδα.

155 1584 285 1644 ΔΡΟΣ.
306 1574 415 1661 Κάμοὶ
425 1573 531 1654 οὕτως
540 1580 668 1654 ἔδοξεν·
690 1572 878 1659 άπόλλνμαι
890 1573 921 1643 θ’
935 1569 999 1642 οὖν
1010 1574 1077 1644 ὑπό

72 1683 131 1742 τοῦ
149 1682 277 1758 ἔρωτος.
301 1673 317 1742 ὁ
334 1679 447 1760 μέντοι
461 1673 610 1759 Δρόμων
630 1679 753 1757 ἔφασκε
767 1676 992 1759 παιδεραστήν
1003 1702 1077 1742 τινα

72 1771 158 1840 εἶναι
175 1771 234 1839 τόν
253 1771 493 1857 Ἀρισταίνετον
509 1775 561 1838 καὶ
581 1774 631 1838 ἐπὶ
649 1772 816 1856 προφάσει
833 1777 901 1859 τάν
917 1773 1078 1858 μαθημά-

71 1898 139 1940 των
157 1885 307 1938 συνεῖναι
322 1885 389 1947 τοῖς
404 1868 618 1953 ὡραιοτάτοις
634 1878 703 1937 τῶν
717 1873 804 1937 νέων
819 1873 873 1937 καὶ
894 1876 962 1960 ίδίχι
978 1881 1077 1956 λογο-

68 1981 239 2037 ποιεῖσθαι
249 1967 332 2051 πρός
347 1968 407 2040 τὸν
416 1977 574 2036 Κλεινίαν
587 1966 778 2054 ὑποσχέσεις
788 1968 881 2047 τινάς
893 1967 1075 2054 ὑπισχνού-

67 2096 173 2158 μενον
184 2067 228 2146 ὡς
236 2063 668 2154 ίσόθεονάποφανεῑάάτόν.
680 2066 762 2136 άλλά
772 2071 825 2135 καὶ
833 2066 1076 2154 ἀναγιγνώσκει

66 2164 141 2254 μετ’
159 2165 264 2234 αὐτοῦ
275 2169 450 2251 ἐρωτικούς
460 2195 553 2246 τινας
564 2166 685 2253 λόγους
698 2175 766 2234 τῶν
774 2175 926 2238 παλαιῶν
936 2167 1076 2252 φιλοσό-

64 2291 146 2351 φων
169 2260 252 2344 πρός
272 2261 351 2342 τούς
377 2266 545 2351 μαθητάς,
572 2268 626 2332 καὶ
647 2264 723 2342 ὅλος
744 2267 818 2346 περὶ
843 2262 879 2332 τό
903 2265 1077 2349 μειράκιόν

65 2368 169 2430 ἐστιν.
199 2360 323 2448 ἠπείλει
348 2363 382 2428 δὲ
405 2364 459 2429 καὶ
479 2371 524 2452 τῷ
546 2367 643 2446 πατρὶ
669 2370 728 2429 τοῦ
752 2369 907 2430 Κλεινίου
927 2377 1077 2447 κατερεῖν

62 2471 181 2530 ταῦτα.

154 2567 253 2630 ΧΕΛ.
273 2557 402 2646 Εχρῆν,
420 2555 583 2644 άΔροσί,
602 2519 775 2681 γαστρίσαι
792 2589 852 2629 τον
867 2560 1046 2645 Δρομωνιι

153 2667 284 2726 ΛΡΟΣ.
305 2657 513 2744 Ἐγάστρισα,
534 2660 625 2728 καθ’
603 2686 686 2727 ανευ
701 2662 737 2727 δέ
757 2661 879 2727 τούτου
894 2658 1006 2744 ἐμός’
990 2680 1073 2724 εστι
1093 2671 1146 2726 308

60 2761 238 2825 κέκνισται
252 2755 317 2842 γάρ
333 2756 485 2836 κάκεῖνος
500 2766 556 2842 τῆς
567 2763 739 2844 Νεβρίδος.

154 2862 252 2923 ΧΕΛ.
277 2855 418 2939 Θάρρει,
435 2856 542 2922 πάντα
557 2863 647 2923 εσται
661 2863 778 2933 καλῶς
803 2858 867 2940 έγω
855 2851 921 2924 όε
935 2882 990 2922 και
979 2857 1075 2922 ἐπι-

57 2953 212 3038 γράψειν
230 2978 285 3037 μοι
301 2955 422 3019 όοκώ’
406 2955 458 3019 επὶ
472 2959 533 3020 τοῦ
546 2961 659 3039 τοίχου
673 2956 710 3020 ἐν
726 2961 937 3042 Κεραμεικῷ,
956 2951 1072 3021 ἔνθα
1057 2981 1074 3020 ο

54 3047 247 3136 Ἀρχιτέλης
272 3059 372 3117 εἴωθε
394 3066 602 3136 περιπατεῖν,
629 3050 864 3136 Ἀρισταίνετος
884 3055 1075 3137 διαφθείρει

57 3147 284 3232 Κλεινίαν,
265 3145 347 3215 ω’στε
368 3176 422 3215 και
411 3150 479 3216 ἐκ
494 3150 615 3216 τούτου
631 3155 835 3234 συνδραμεῖν
854 3156 894 3238 τῇ
910 3148 999 3232 παρὰ
1013 3177 1074 3227 του

55 3245 255 3330 Δρόμωνος
269 3245 415 3333 θιαβολχχ.

152 3349 283 3410 ΔΡΟΣ.
308 3351 385 3421 Πῶς
402 3341 472 3410 θ’
450 3372 494 3412 αν
508 3344 626 3424 λάθοις
640 3347 903 3432 ἐπιγράψασας

75 3495 78 3502 ι
149 3445 249 3546 ΧΕΔ.
278 3446 342 3525 Τῆς
356 3442 495 3527 νυκτός,
521 3467 547 3508 οε
535 3433 684 3526 Δροσί,
708 3442 864 3526 άνθρακά
886 3454 995 3510 ποθεν
1014 3447 1072 3509 λοι-

47 3545 183 3626 βοῦσοι.

148 3662 256 3701 tuem
280 3647 325 3701 111.
703 3638 707 3643 ’
895 3644 934 3708 17
