2625 4092
274 307 582 369 ΣΤΜΠΟΣΙΟΝ
603 311 631 362 Η
650 301 882 366 ΛΑΠΙΘΑΙ.
1019 301 1081 367 335

77 463 136 540 τοῦ
148 457 310 556 π’ῶγωνος
321 468 504 556 λαβόμενος
513 457 629 552 ἐμελλε
642 471 774 533 παίσειν
784 465 866 532 κατὰ
878 494 1016 552 κορρης,
1028 470 1082 534 καὶ

76 570 269 636 ἀπέκτεινεν
285 564 328 632 ἀν
348 563 409 633 τόν
426 567 582 650 γέροντα,
610 569 640 631 ἐί
652 562 697 648 μη
718 561 953 682 Ἀρισταίνετος
969 570 1081 685 ἐπέσχε

74 667 140 752 την
152 667 250 752 χεῖρα
258 691 311 732 και
298 661 469 750 ὑπερβὰς
484 661 543 729 τόν
554 662 747 748 Ζηνόθεμιν
759 661 836 740 ἐς
802 689 839 729 το
851 665 954 748 μέσον
965 661 1082 731 αὐτοιν

75 772 264 849 κατεκλίθη,
282 761 324 840 ὡς
336 759 531 828 &nautales
515 787 580 828 οπο
571 759 850 877 ’διατειχίσματι
843 761 933 830 αάτω
923 764 1082 859 εἰρήνην

76 863 221 949 ἀγοντες.
552 891 553 894 ’
672 892 675 899 ’

161 965 210 1029 34.
238 959 325 1027 ’θίν’
305 979 373 1049 οσςο
394 960 429 1025 δὲ
451 955 543 1024 ταῦτ’
569 960 711 1042 ἐγίνετο,
737 947 887 1043 ποικίλα,
914 984 939 1024 ω
929 950 1081 1043 ῗΦίλων,

75 1058 141 1146 έγῶ
156 1057 239 1143 πρός
253 1057 398 1145 ἐμαυταν
409 1056 626 1142 ἐνενόουν,
594 1085 631 1125 το
642 1057 823 1143 πρόχειρον
832 1057 988 1143 ἐκείνο,’
967 1085 1011 1140 ως
1021 1057 1082 1127 οὐ·

76 1157 135 1225 ὁὲν
157 1156 277 1242 ὄφελος
293 1150 415 1242 ηνάρα
434 1158 630 1224 ἐπίστασθαι
646 1154 686 1222 τά
709 1157 906 1249 μαθήματα,
929 1162 960 1223 εί
972 1156 1017 1243 μή
1032 1183 1082 1234 τις
1132 1185 1139 1201 ·’

74 1258 130 1323 καὶ
150 1253 210 1322 τόν
225 1260 301 1341 βίον
317 1257 477 1340 ῥυθμίζοι
491 1249 575 1334 πρὸς
595 1251 631 1318 τό
655 1256 801 1340 βέλτιον·
834 1257 982 1333 ἐκείνους
998 1264 1083 1339 γοῦν

74 1350 250 1434 περιττοὺς
270 1349 367 1428 ὄντας
389 1353 424 1417 έν
445 1364 512 1426 τοῖς
535 1351 650 1440 λόγοις
667 1352 781 1433 έῶρων
801 1353 926 1436 γέλωτα
942 1354 994 1419 ἐπὶ
1016 1361 1082 1418 τῶν

73 1447 567 1535 πραγμάτωνόφλισκάνοντας.
589 1453 700 1515 ἔπειτα
716 1448 817 1536 ἐἰσῄει
832 1475 889 1534 με,
905 1449 949 1535 μὴ
968 1448 1031 1532 ἀρα
1044 1448 1080 1515 τὸ

73 1547 141 1617 ὑπό
159 1555 227 1616 τῶν
248 1556 381 1615 πολλῶν
397 1547 579 1632 λεγόμενον
594 1543 718 1632 αληθες
733 1574 761 1634 η
775 1550 829 1613 καί
846 1545 883 1613 τό
901 1552 1082 1614 πεπαιδευ-

73 1659 158 1715 σθαι
173 1645 284 1735 ἀπάγη
299 1655 366 1713 τῶν
376 1644 492 1730 ὀρθῶν
505 1651 675 1730 λογισμῶν
688 1643 767 1722 τούς
779 1647 811 1721 ἐς
821 1643 908 1728 μόνα
919 1671 959 1711 τα
948 1643 1081 1731 βιβλία

73 1773 131 1812 και
144 1742 202 1822 τάς
213 1747 277 1810 ἐν’
262 1750 398 1821 εκείνοις
410 1741 619 1826 φροντίδας’
601 1767 713 1819 ατενες
724 1739 936 1827 ἀφορῶντας
959 1741 1080 1808 τοσον-

73 1869 143 1910 των
167 1849 252 1927 γοῦν
271 1842 470 1930 φιλοσόφων
493 1842 671 1925 παρόντοιν
691 1839 805 1908 οὐδε
791 1839 878 1908 κατά
894 1842 1000 1926 τύχην
1021 1843 1081 1907 ἕνα

73 1937 150 2007 τινά
163 1945 227 2018 ’ἔξω
245 1937 475 2026 ἁμαρτήματος
489 1932 532 2024 ἦν
550 1943 648 2022 ίδεῑν,
666 1935 789 2005 ἀλλ”οί
800 1940 862 2023 μὲν
877 1941 1014 2005 ἐποίουν
1029 1945 1081 2004 αί-

72 2037 175 2122 σχρά,
204 2039 237 2103 οί
251 2035 282 2102 δ’
309 2043 423 2122 ἔλεγον
444 2042 571 2120 αίοχίω·
602 2034 684 2103 οὐδὲ
704 2034 769 2121 γάρ
791 2040 822 2114 ἐς
841 2035 901 2103 τόν
922 2034 1017 2102 οἶνον
1034 2042 1081 2102 ἐτι

72 2135 257 2220 ἀναφέρειν
275 2133 362 2219 εἶχον·
376 2131 414 2201 τό
433 2135 593 2220 γινόμενα
610 2138 819 2221 λογιζόμενος
834 2131 887 2204 οἷα
903 2133 1079 2220 ὁἙτοιμο-
1100 2144 1152 2198 442

72 2237 155 2319 κλὴς
170 2231 281 2310 ἀσιτος
301 2238 346 2299 ἔτι
367 2231 563 2310 καλάποτος
584 2235 770 2319 ἐγεγράφει.
807 2241 857 2302 35.
874 2233 1079 2318 ἀνέστραπτο

73 2326 191 2400 οὖντὸ
210 2340 362 2417 πρᾶγμα,
380 2358 433 2398 και
449 2335 484 2398 οί
490 2357 551 2415 μεν
556 2336 692 2399 ἰδιῶται
704 2341 847 2419 κοσμίως
863 2334 954 2400 πάνυ
965 2330 1080 2400 ἐστιῶ-

71 2457 170 2517 μενοι
182 2429 259 2497 ουτε
274 2437 514 2520 παροινοῦντες
526 2429 602 2497 οὔτε
614 2430 879 2518 ἀσχημονοῦντες
892 2438 1079 2556 ἐφαίνοντο,

71 2527 149 2597 ἀλλ’
167 2531 289 2614 ἐγέλων
305 2530 412 2616 μόνον
427 2533 481 2596 καὶ
496 2537 740 2624 κατεγίνωσκον
755 2529 867 2597 αὐτῶν
873 2528 1003 2615 ,οἶμαι
1021 2527 1081 2598 ουί·

72 2653 112 2715 γε
127 2630 318 2718 ἐθαύμαζον
334 2631 484 2714 οἰόμενοί
501 2656 593 2706 τινας
617 2628 701 2697 εἶναι
719 2628 783 2696 ἀπὸ
806 2637 873 2696 τῶν
893 2630 1075 2714 σχημάτων

72 2733 110 2796 οί
129 2731 227 2812 σοφοὶ
251 2729 286 2794 δὲ
309 2725 507 2814 ἠσέλγαινον
525 2729 579 2794 καὶ
597 2731 829 2809 ἐλοιδοροῦντο
850 2725 937 2794 καί’
920 2753 1078 2808 υπερενε-

73 2828 263 2910 πίμπλαντο
278 2828 332 2894 καὶ
347 2827 570 2911 ἐκεκράγεσαν
584 2829 638 2894 καὶ
653 2832 698 2904 είς
709 2839 816 2911 χεῖρας
830 2826 940 2913 ᾔεσαν.
963 2824 1081 2893 ὁθαυ-

74 2925 196 3012 μάσιος
211 2925 247 2993 δέ
264 2924 461 3010 Ἀλκιὸἀμας
476 2927 529 2994 καὶ
546 2926 655 3007 ἐούρει
672 2929 707 2990 ἐν
723 2933 767 3014 τῶ
782 2926 870 3012 μ’έσω
886 2925 948 2990 οὐκ
966 2926 1082 2991 αίὸοό-

71 3049 174 3110 μενος
194 3021 435 3109 τάςγυναίκας.
470 3028 524 3092 καλ
542 3027 611 3110 ἐμοὶ
630 3026 752 3107 ἐδόκει,
779 3021 822 3100 ῶς
842 3020 1018 3115 ἀνάριστά
1033 3049 1082 3102 τις

73 3122 254 3206 είκάσειεν,
277 3120 454 3207 ὁμοιότατα
477 3123 560 3190 εἶναι
581 3121 619 3190 τά
638 3126 675 3190 ἐν
692 3129 739 3211 τῷ
753 3129 925 3212 συμποσίῳ
942 3117 989 3199 οἷς
1007 3129 1081 3209 περὶ

71 3217 270 3302 τῆςἝριδος
285 3224 318 3304 οί
337 3223 467 3305 ποιηταὶ
485 3224 654 3306 λέγουσιν·
680 3219 721 3286 οά
738 3217 803 3304 γάρ
822 3228 1003 3304 κληθεῖσαν
1019 3218 1082 3285 αὐ·-

72 3313 137 3400 τῆυ
154 3318 186 3394 ἐς
201 3324 261 3384 τοι]
272 3321 408 3402 Πηλέως
423 3317 482 3384 τόν
497 3320 606 3404 γάμον
617 3322 710 3403 ῥῖψαι
722 3317 758 3384 τό
771 3327 878 3403 μῆλον
890 3324 935 3394 εἰς
949 3318 985 3384 ’τό
999 3318 1081 3384 σύν-

73 3420 232 3491 δειπνον,
250 3413 310 3496 ἀφ’
323 3409 366 3483 οά
376 3425 537 3484 τοσοῦτον
549 3419 696 3502 πόλεμον
707 3415 759 3484 ἐπ’
776 3416 856 3505 Ἰλίῳ
868 3425 1078 3502 γεγενῆσθαι.

73 3513 128 3579 καὶ
144 3509 161 3577 ὁ
175 3510 383 3598 Ἑτοιμοκλῆς
397 3523 514 3582 τοίνυν
525 3514 632 3582 ἐδόκει
644 3542 699 3600 μοι
713 3515 775 3601 τὴν
791 3513 966 3598 ἐπιστολὴν
979 3519 1069 3600 ἐμβα-
