2625 4092
263 255 572 316 ΣΥΜΠΟΣΙΟΝ
591 261 619 312 11
640 258 868 316 ΛΑΠΙΘΑΙ.
1007 253 1070 317 δΞλ

65 419 210 504 άμείνων
233 417 340 485 έδόκει
363 417 416 483 καὶ
438 413 670 502 φοβερώτατος
688 407 732 501 ἦν
752 415 885 493 ἅπασιν.
919 423 967 485 13.
994 414 1011 484 ὁ
1034 419 1069 484 δὲ

63 516 296 598 Ἀρισταίνετος
313 518 488 589 ἐπαινέσας
506 511 611 580 αύτδν
629 515 760 580 ἐκέλευε
777 514 906 596 θρόνον
922 513 996 582 τινά
1010 523 1071 582 λα-

64 615 166 700 βόντα
188 618 384 703 καθίζεσθαι
404 609 485 693 παρ’
505 607 659 678 Ἱστιαῖόν
676 612 779 676 τεκαὶ
796 613 1073 694 Διονυσόδωρον,

62 710 80 776 ὁ
98 717 147 794 δέ,
158 711 299 795 ’Ἀπαγε,
317 717 415 795 φησί,
432 722 626 795 γυναικεῖον
641 711 746 792 λέγεις
758 712 812 776 καί
828 706 1007 794 μαλθακόν
1019 714 1071 776 ἐπὶ
1135 788 1137 793 Ι

62 797 194 891 θρόνον
210 814 406 888 καθίζεσθαι
418 803 439 892 ή
450 812 649 892 σκίμποδος,
666 805 776 889 ῶσπερ
793 805 886 891 ὑμεῖς
899 811 950 874 ε’πλ
962 815 1068 891 μαλα-

62 918 121 995 κῆς
132 909 251 1000 ταύτης
263 905 361 991 εύνής
376 913 496 990 μικροῦ
508 911 578 972 δεῖν
590 895 944 990 ὑπτιοίκατακείμευοι
957 909 1066 974 έστιά-
1086 919 1135 972 427

61 1017 126 1074 σθε
144 1010 354 1089 πορφυρίδας
369 1002 648 1091 ὑποβεβλημένοι·
679 1001 744 1088 έγῶ
761 1003 796 1071 δέ
817 1000 880 1070 κῶν
902 1003 1069 1087 όρθοστά·

60 1112 125 1191 δην
139 1104 351 1188 δειπνήσαιμι
372 1105 602 1187 ἐμπεριπατῶν
622 1100 692 1186 ἅμα
708 1107 754 1190 τῷ
768 1110 958 1190 συμποσίῳ·
991 1103 1068 1169 εἰδὲ

60 1207 115 1271 καὶ
123 1203 279 1286 κάμοιμι,
296 1204 396 1286 χαμαὶ
408 1199 468 1268 τόν
479 1208 622 1288 τρίβωνα
635 1198 907 1286 ὑποβαλλόμενος
918 1211 1067 1285 κείσομαι

60 1299 114 1368 ἐπ’
132 1298 283 1385 ἀγκῶνος
294 1295 367 1366 ολον
381 1297 441 1366 τόν
449 1299 611 1381 Ἡρακλέα
626 1301 827 1383 γράφουσιν.
850 1297 976 1379 Οὑτως,
992 1304 1066 1384 ἔφη,

59 1405 239 1484 γιγνέσθω,
256 1391 277 1464 ὑ
290 1395 534 1481 Ἀρισταίνετος,
553 1407 585 1465 εί
596 1419 648 1463 σοι
666 1396 772 1482 ήδιον.
796 1399 849 1464 καί
860 1396 897 1463 τό
910 1396 974 1464 άπὸ
986 1399 1068 1464 τού-

59 1521 122 1563 του
144 1485 283 1579 περιιῶν
306 1499 343 1563 ἐν
360 1497 471 1586 κύκλῳ
493 1493 511 1561 ὑ
531 1493 726 1587 Ἀλκιδάμας
743 1497 886 1562 ἐδείπνει
904 1493 1014 1576 ῶσπερ
1036 1499 1070 1562 οί

59 1593 198 1662 Σκύθαι
213 1592 295 1675 πρὸς
306 1591 367 1680 τήν
379 1591 624 1678 ἀφθονωτέραν
636 1592 743 1676 νομήν
754 1594 1067 1677 μετεξανιστάμενος

58 1695 115 1759 καὶ
137 1706 205 1769 τοϊς
227 1695 442 1786 περιφέρουσι
467 1689 507 1758 τό
530 1689 595 1769 όῦα
618 1697 901 1775 συμπερινοστῶν.
938 1695 986 1758 14.
1013 1694 1067 1758 καί
1106 1773 1108 1776 y

58 1795 174 1877 μέντοι
188 1791 243 1858 καὶ
258 1792 451 1876 σιτούμενος
466 1788 600 1875 ἐνεργός
615 1784 659 1876 ἦν
669 1788 788 1874 ἀρετῆς
797 1791 872 1870 πέρι
886 1791 941 1858 καὶ
952 1798 1067 1866 κακίας

58 1883 183 1974 μεταξύ
197 1886 326 1966 διεξιῶν
342 1893 396 1957 καί
411 1893 443 1967 ἐς
459 1888 518 1956 τὸν
534 1887 661 1974 χρυσὸν
675 1891 728 1954 καί
743 1886 803 1954 τόν
816 1887 968 1971 ἄργυρον
982 1885 1068 1954 άπα-

58 1984 238 2052 σκῶπτων·
268 1983 377 2070 ήρῶτα
393 1995 478 2073 γοῦν
493 1985 553 2055 τόν
566 1985 825 2070 Ἀρισταίνετον,
840 1994 874 2054 τί
887 1987 1067 2075 βούλονται

57 2081 150 2170 αὐτῷ
167 2087 203 2148 αί
216 2091 373 2150 τοσαῦται
388 2088 441 2154 καί
456 2093 649 2171 τηλικαῦται
667 2086 800 2163 κύλικες
813 2092 880 2153 τῶν
896 2093 1068 2170 κεραμεῶν

57 2191 135 2248 ίσον
145 2184 352 2265 δυναμένων.
364 2181 435 2250 ἀλλ’
445 2189 572 2252 ἐκεῖνον
580 2183 642 2270 μὲν
650 2184 714 2269 ήδη
724 2189 957 2268 διενοχλοῦντα
966 2187 1066 2248 ἔπαυ-

56 2303 117 2347 σεν
133 2282 166 2358 ἐς
179 2276 216 2346 τὸ
233 2277 341 2363 παρόν
355 2280 592 2364 Ἀρισταίνετος
605 2289 649 2370 τῳ
667 2285 756 2353 παιδί
768 2282 889 2359 νεύσας
900 2281 1065 2366 εὐμεγέθη
1084 2292 1135 2345 428

56 2379 194 2463 σκύφον
206 2377 390 2447 ἀναδοῦναι
404 2380 493 2472 αύτῷ
506 2383 689 2464 ζωρότερον
701 2385 872 2466 ἐγχέαντα·
894 2385 947 2449 καὶ
960 2383 1068 2448 ἐδόκει

55 2479 177 2560 ἄριστα
205 2481 453 2565 ἐπινενοηκέναι
475 2480 536 2548 ούκ
563 2479 659 2557 είδῶς
679 2479 769 2546 ὅσων
791 2487 905 2548 κακῶν
927 2476 1066 2566 άργήνὺ

56 2577 189 2662 σκύφος
203 2580 329 2656 έκείνος
344 2581 544 2647 ἐνεδεδώκει.
569 2577 684 2665 λαβῶυ
701 2580 737 2645 δὲ
754 2577 822 2662 ἅμα
838 2578 857 2644 ὑ
872 2575 1068 2663 Ἀλκιδάμας

55 2682 189 2762 ἐσίγησε
200 2674 321 2762 μικρόν
333 2679 386 2745 καί
397 2680 430 2754 ἐς
441 2677 608 2763 τοῦδαφος
619 2675 817 2763 καταβαλῶν
829 2676 950 2744 έαυτόν
961 2683 1066 2745 ἔκειτο

54 2774 259 2862 ἡμίγυμνος,
278 2773 389 2857 ῶσπερ
404 2774 590 2863 ἠπειλήκει,
608 2775 710 2860 πήξας
725 2774 784 2841 τὸν
796 2774 931 2860 άγκῶνα
946 2775 1065 2858 ὀρθόν,

55 2881 143 2960 ἔχων
156 2869 224 2956 ἅμα
239 2870 298 2940 τόν
312 2874 445 2957 σκύφον
457 2878 494 2943 έν
505 2884 544 2963 τῇ
559 2879 667 2962 δεξιᾷ,
684 2869 754 2952 οἷος
770 2871 787 2940 ὁ
805 2874 894 2957 παρά
910 2883 956 2964 τῳ
968 2877 1066 2966 Φόλῳ

50 2973 217 3056 Ἡρακλῆς
228 2967 294 3038 ὑπὺ
306 2979 375 3040 τῶν
386 2976 544 3058 γραφέων
556 2978 736 3042 δείκνυται.
769 2980 816 3042 15.
833 2972 895 3060 ἤδη
914 2976 950 3042 δὲ
968 2977 1023 3044 καί
1035 2979 1068 3053 ἐς

53 3071 136 3148 τούς
152 3071 273 3148 ἄλλους
295 3079 441 3161 συνεχῶς
456 3079 679 3161 περιεσοβεῖτο
702 3070 723 3160 ή
747 3073 842 3153 κύλιξ
859 3076 912 3140 καί
928 3083 1067 3159 φιλοτη·

53 3178 125 3239 σίαι
139 3173 194 3237 καλ
211 3168 332 3256 ὁμιλίαι
350 3171 404 3238 καλ
423 3178 518 3255 φῶτα
533 3173 787 3256 εἰσεκεκόμιστο,
816 3177 852 3240 έν
867 3173 1015 3263 τοσούτῳ
1030 3170 1063 3240 δ’

53 3268 120 3355 ἐγῶ
137 3269 197 3336 τόν
218 3277 409 3354 παρεστῶτα
429 3276 474 3358 τῷ
491 3271 672 3361 Κλεοδήμῳ
690 3276 792 3339 παῖδα
810 3271 963 3356 οἰνοχόον
986 3270 1065 3338 ὄντα

53 3369 183 3450 ῶραῑον
200 3366 283 3438 ίδῶν
304 3367 547 3455 ὑπομειδιῶντα
562 3409 604 3420 -
616 3368 678 3456 χρή
693 3370 775 3456 γάρ,
797 3367 904 3455 οἶμαι,
928 3373 982 3437 καὶ
1003 3369 1066 3437 ὅσα

53 3471 208 3558 πάρεργα
219 3477 277 3556 τῆς
291 3472 465 3547 ἑστιάσεως
479 3478 598 3539 εἰπεῖν.
615 3472 670 3537 καί
683 3471 824 3555 μάλιστα
838 3479 872 3537 εί
883 3496 914 3536 τι
928 3466 1012 3548 πρὸς
1027 3469 1065 3536 τό
