<?xml version="1.0" encoding="UTF-8"?>
<!DOCTYPE html PUBLIC "-//W3C//DTD XHTML 1.0 Transitional//EN"
    "http://www.w3.org/TR/xhtml1/DTD/xhtml1-transitional.dtd">
<html xmlns="http://www.w3.org/1999/xhtml" xml:lang="en" lang="en">
 <head>
  <title>
</title>
<meta http-equiv="Content-Type" content="text/html;charset=utf-8" />
  <meta name='ocr-system' content='tesseract 3.04.00' />
  <meta name='ocr-capabilities' content='ocr_page ocr_carea ocr_par ocr_line ocrx_word'/>
</head>
<body>
  <div class='ocr_page' id='page_1' title='image "./lucianisamosate04jacogoog/lucianisamosate04jacogoog_0236.png"; bbox 0 0 2625 4092; ppageno 0'>
   <div class='ocr_carea' id='block_1_1' title="bbox 260 245 902 308">
    <p class='ocr_par' dir='ltr' id='par_1_1' title="bbox 260 245 902 308">
     <span class='ocr_line' id='line_1_1' title="bbox 260 245 902 308; baseline -0.002 -3"><span class='ocrx_word' id='word_1_1' title='bbox 260 245 322 308; x_wconf 81' lang='grc'><strong><em>180</em></strong></span> <span class='ocrx_word' id='word_1_2' title='bbox 614 248 902 307; x_wconf 80' lang='grc' dir='ltr'><em>ΛΟΥΚΙΑΝΟΥ</em></span> 
     </span>
    </p>
   </div>
   <div class='ocr_carea' id='block_1_2' title="bbox 187 401 1301 3562">
    <p class='ocr_par' dir='ltr' id='par_1_2' title="bbox 187 401 1301 3562">
     <span class='ocr_line' id='line_1_2' title="bbox 259 401 1299 494; baseline -0.004 -20"><span class='ocrx_word' id='word_1_3' title='bbox 259 410 359 490; x_wconf 82' lang='grc' dir='ltr'><strong><em>ἔργον</em></strong></span> <span class='ocrx_word' id='word_1_4' title='bbox 380 405 479 484; x_wconf 82' lang='grc' dir='ltr'><strong><em>αὐτός</em></strong></span> <span class='ocrx_word' id='word_1_5' title='bbox 502 410 655 492; x_wconf 89' lang='grc' dir='ltr'><strong><em>ἐποίησας</em></strong></span> <span class='ocrx_word' id='word_1_6' title='bbox 677 405 861 488; x_wconf 78' lang='grc' dir='ltr'><strong><em>ἐξαρπάσας</em></strong></span> <span class='ocrx_word' id='word_1_7' title='bbox 881 413 942 470; x_wconf 81' lang='grc' dir='ltr'><strong><em>τοῦ</em></strong></span> <span class='ocrx_word' id='word_1_8' title='bbox 964 401 1109 490; x_wconf 81' lang='grc' dir='ltr'><strong><em>ἀνοήτου</em></strong></span> <span class='ocrx_word' id='word_1_9' title='bbox 1131 411 1255 472; x_wconf 69' lang='grc' dir='ltr'><strong><em>ἐκείνου</em></strong></span> <span class='ocrx_word' id='word_1_10' title='bbox 1298 451 1299 494; x_wconf 71' lang='grc'><strong><em>,</em></strong></span> 
     </span>
     <span class='ocr_line' id='line_1_3' title="bbox 258 498 1257 590; baseline -0.002 -20"><span class='ocrx_word' id='word_1_11' title='bbox 258 506 449 588; x_wconf 78' lang='grc' dir='ltr'><strong><em>πρεσβύτου</em></strong></span> <span class='ocrx_word' id='word_1_12' title='bbox 459 512 603 590; x_wconf 81' lang='grc' dir='ltr'><strong><em>χρυσοῦς</em></strong></span> <span class='ocrx_word' id='word_1_13' title='bbox 617 504 812 586; x_wconf 90' lang='grc' dir='ltr'><strong><em>τριάκοντα,</em></strong></span> <span class='ocrx_word' id='word_1_14' title='bbox 828 500 847 568; x_wconf 86' lang='grc' dir='ltr'>ὁ</span> <span class='ocrx_word' id='word_1_15' title='bbox 863 500 898 569; x_wconf 77' lang='grc' dir='ltr'><strong><em>δέ</em></strong></span> <span class='ocrx_word' id='word_1_16' title='bbox 913 499 968 568; x_wconf 82' lang='grc' dir='ltr'><strong><em>διά</em></strong></span> <span class='ocrx_word' id='word_1_17' title='bbox 983 499 1042 569; x_wconf 86' lang='grc' dir='ltr'><strong><em>τόν</em></strong></span> <span class='ocrx_word' id='word_1_18' title='bbox 1056 509 1176 569; x_wconf 79' lang='grc' dir='ltr'><strong><em>Τισίαν</em></strong></span> <span class='ocrx_word' id='word_1_19' title='bbox 1190 498 1257 568; x_wconf 80' lang='grc' dir='ltr'><strong><em>άντλ</em></strong></span> 
     </span>
     <span class='ocr_line' id='line_1_4' title="bbox 257 601 1257 688; baseline -0.003 -21"><span class='ocrx_word' id='word_1_20' title='bbox 257 609 317 667; x_wconf 84' lang='grc' dir='ltr'><strong><em>τοῦ</em></strong></span> <span class='ocrx_word' id='word_1_21' title='bbox 333 610 465 688; x_wconf 76' lang='grc' dir='ltr'><strong><em>βιβλίου</em></strong></span> <span class='ocrx_word' id='word_1_22' title='bbox 479 603 685 688; x_wconf 88' lang='grc' dir='ltr'><strong><em>πεντήκοντα</em></strong></span> <span class='ocrx_word' id='word_1_23' title='bbox 701 602 755 668; x_wconf 86' lang='grc' dir='ltr'><strong><em>καὶ</em></strong></span> <span class='ocrx_word' id='word_1_24' title='bbox 776 601 971 676; x_wconf 79' lang='grc' dir='ltr'><strong><em>ἑπτακοσίας</em></strong></span> <span class='ocrx_word' id='word_1_25' title='bbox 986 601 1105 678; x_wconf 81' lang='grc' dir='ltr'><strong><em>ἐξέτισε</em></strong></span> <span class='ocrx_word' id='word_1_26' title='bbox 1119 619 1257 665; x_wconf 88' lang='grc' dir='ltr'><strong><em>κατασο-</em></strong></span> 
     </span>
     <span class='ocr_line' id='line_1_5' title="bbox 258 705 1299 782; baseline 0.003 -19"><span class='ocrx_word' id='word_1_27' title='bbox 258 705 400 782; x_wconf 86' lang='grc' dir='ltr'><strong><em>φισθείς.</em></strong></span> <span class='ocrx_word' id='word_1_28' title='bbox 1298 757 1299 766; x_wconf 70' lang='grc'><strong><em>,</em></strong></span> 
     </span>
     <span class='ocr_line' id='line_1_6' title="bbox 342 792 1258 882; baseline -0.008 -17"><span class='ocrx_word' id='word_1_29' title='bbox 342 803 390 864; x_wconf 87' lang='grc'><strong><em>31.</em></strong></span> <span class='ocrx_word' id='word_1_30' title='bbox 416 795 530 865; x_wconf 81' lang='grc' dir='ltr'><strong><em>Πολλά</em></strong></span> <span class='ocrx_word' id='word_1_31' title='bbox 542 803 589 865; x_wconf 83' lang='grc' dir='ltr'><strong><em>ἐτι</em></strong></span> <span class='ocrx_word' id='word_1_32' title='bbox 604 802 688 882; x_wconf 80' lang='grc' dir='ltr'><strong><em>ἔχων</em></strong></span> <span class='ocrx_word' id='word_1_33' title='bbox 704 802 807 864; x_wconf 83' lang='grc' dir='ltr'><strong><em>είπεῑν</em></strong></span> <span class='ocrx_word' id='word_1_34' title='bbox 817 793 857 862; x_wconf 81' lang='grc' dir='ltr'><strong><em>τά</em></strong></span> <span class='ocrx_word' id='word_1_35' title='bbox 871 795 932 880; x_wconf 68' lang='grc' dir='ltr'><strong><em>μὲν</em></strong></span> <span class='ocrx_word' id='word_1_36' title='bbox 947 793 1030 863; x_wconf 83' lang='grc' dir='ltr'><strong><em>άλλα</em></strong></span> <span class='ocrx_word' id='word_1_37' title='bbox 1044 792 1132 862; x_wconf 75' lang='grc' dir='ltr'><strong><em>ἑκάν</em></strong></span> <span class='ocrx_word' id='word_1_38' title='bbox 1144 793 1258 878; x_wconf 86' lang='grc' dir='ltr'><strong><em>άφίημι·</em></strong></span> 
     </span>
     <span class='ocr_line' id='line_1_7' title="bbox 257 890 1258 979; baseline -0.002 -20"><span class='ocrx_word' id='word_1_39' title='bbox 257 913 327 979; x_wconf 91' lang='grc' dir='ltr'><strong><em>σοι,</em></strong></span> <span class='ocrx_word' id='word_1_40' title='bbox 345 897 451 963; x_wconf 81' lang='grc' dir='ltr'><strong><em>έκεῖνο</em></strong></span> <span class='ocrx_word' id='word_1_41' title='bbox 468 898 504 962; x_wconf 78' lang='grc' dir='ltr'><strong><em>δὲ</em></strong></span> <span class='ocrx_word' id='word_1_42' title='bbox 518 897 625 979; x_wconf 89' lang='grc' dir='ltr'><strong><em>μόνον</em></strong></span> <span class='ocrx_word' id='word_1_43' title='bbox 641 895 830 977; x_wconf 76' lang='grc' dir='ltr'><strong><em>προσλέγω,</em></strong></span> <span class='ocrx_word' id='word_1_44' title='bbox 849 900 970 976; x_wconf 82' lang='grc' dir='ltr'><strong><em>πρᾶττε</em></strong></span> <span class='ocrx_word' id='word_1_45' title='bbox 985 894 1045 978; x_wconf 77' lang='grc' dir='ltr'><strong><em>μέν</em></strong></span> <span class='ocrx_word' id='word_1_46' title='bbox 1055 900 1162 958; x_wconf 84' lang='grc' dir='ltr'><strong><em>ταῦτα</em></strong></span> <span class='ocrx_word' id='word_1_47' title='bbox 1175 890 1258 967; x_wconf 79' lang='grc' dir='ltr'><strong><em>ὅπως</em></strong></span> 
     </span>
     <span class='ocr_line' id='line_1_8' title="bbox 257 987 1257 1078; baseline -0.005 -20"><span class='ocrx_word' id='word_1_48' title='bbox 257 1013 311 1058; x_wconf 91' lang='grc' dir='ltr'><strong><em>σοι</em></strong></span> <span class='ocrx_word' id='word_1_49' title='bbox 332 997 433 1078; x_wconf 90' lang='grc' dir='ltr'><strong><em>φίλον</em></strong></span> <span class='ocrx_word' id='word_1_50' title='bbox 453 995 508 1060; x_wconf 85' lang='grc' dir='ltr'><strong><em>καὶ</em></strong></span> <span class='ocrx_word' id='word_1_51' title='bbox 525 989 568 1077; x_wconf 88' lang='grc' dir='ltr'><strong><em>μή</em></strong></span> <span class='ocrx_word' id='word_1_52' title='bbox 584 992 729 1058; x_wconf 79' lang='grc' dir='ltr'><strong><em>παύσαιο</em></strong></span> <span class='ocrx_word' id='word_1_53' title='bbox 751 988 790 1056; x_wconf 79' lang='grc' dir='ltr'><strong><em>τὰ</em></strong></span> <span class='ocrx_word' id='word_1_54' title='bbox 808 999 942 1056; x_wconf 84' lang='grc' dir='ltr'><strong><em>τοιαῦτα</em></strong></span> <span class='ocrx_word' id='word_1_55' title='bbox 961 993 993 1068; x_wconf 85' lang='grc' dir='ltr'><strong><em>ἐς</em></strong></span> <span class='ocrx_word' id='word_1_56' title='bbox 1008 987 1129 1057; x_wconf 78' lang='grc' dir='ltr'><strong><em>ἑαυτὸν</em></strong></span> <span class='ocrx_word' id='word_1_57' title='bbox 1145 1014 1257 1069; x_wconf 90' lang='grc' dir='ltr'><strong><em>παροι-</em></strong></span> 
     </span>
     <span class='ocr_line' id='line_1_9' title="bbox 189 1084 1259 1174; baseline -0.005 -18"><span class='ocrx_word' id='word_1_58' title='bbox 189 1105 240 1160; x_wconf 85' lang='grc'><strong><em>188</em></strong></span> <span class='ocrx_word' id='word_1_59' title='bbox 258 1093 345 1170; x_wconf 81' lang='grc' dir='ltr'><strong><em>νων,</em></strong></span> <span class='ocrx_word' id='word_1_60' title='bbox 362 1090 468 1156; x_wconf 78' lang='grc' dir='ltr'><strong><em>ἐκεῖνο</em></strong></span> <span class='ocrx_word' id='word_1_61' title='bbox 481 1087 517 1156; x_wconf 75' lang='grc' dir='ltr'><strong><em>δὲ</em></strong></span> <span class='ocrx_word' id='word_1_62' title='bbox 528 1092 659 1174; x_wconf 79' lang='grc' dir='ltr'><strong><em>μηκέτι,</em></strong></span> <span class='ocrx_word' id='word_1_63' title='bbox 675 1087 799 1172; x_wconf 85' lang='grc' dir='ltr'><strong><em>άπαγε·</em></strong></span> <span class='ocrx_word' id='word_1_64' title='bbox 822 1087 863 1153; x_wconf 85' lang='grc' dir='ltr'><strong><em>οὐ</em></strong></span> <span class='ocrx_word' id='word_1_65' title='bbox 877 1086 941 1173; x_wconf 82' lang='grc' dir='ltr'><strong><em>γάρ</em></strong></span> <span class='ocrx_word' id='word_1_66' title='bbox 954 1087 1048 1154; x_wconf 83' lang='grc' dir='ltr'><strong><em>ὅσιον</em></strong></span> <span class='ocrx_word' id='word_1_67' title='bbox 1059 1089 1109 1153; x_wconf 84' lang='grc' dir='ltr'><strong><em>ἐπὶ</em></strong></span> <span class='ocrx_word' id='word_1_68' title='bbox 1127 1084 1192 1172; x_wconf 86' lang='grc' dir='ltr'><strong><em>τήν</em></strong></span> <span class='ocrx_word' id='word_1_69' title='bbox 1204 1084 1259 1152; x_wconf 84' lang='grc' dir='ltr'><strong><em>αὐ-</em></strong></span> 
     </span>
     <span class='ocr_line' id='line_1_10' title="bbox 256 1183 1261 1270; baseline -0.002 -19"><span class='ocrx_word' id='word_1_70' title='bbox 256 1183 317 1270; x_wconf 86' lang='grc' dir='ltr'><strong><em>τήν</em></strong></span> <span class='ocrx_word' id='word_1_71' title='bbox 337 1184 448 1253; x_wconf 79' lang='grc' dir='ltr'><strong><em>ἑστίαν</em></strong></span> <span class='ocrx_word' id='word_1_72' title='bbox 464 1185 543 1265; x_wconf 86' lang='grc' dir='ltr'><strong><em>τοὺς</em></strong></span> <span class='ocrx_word' id='word_1_73' title='bbox 563 1194 666 1252; x_wconf 81' lang='grc' dir='ltr'><strong><em>ταῦτα</em></strong></span> <span class='ocrx_word' id='word_1_74' title='bbox 688 1185 895 1262; x_wconf 75' lang='grc' dir='ltr'><strong><em>διατιθέντας</em></strong></span> <span class='ocrx_word' id='word_1_75' title='bbox 913 1194 1026 1253; x_wconf 81' lang='grc' dir='ltr'><strong><em>καλεῖν</em></strong></span> <span class='ocrx_word' id='word_1_76' title='bbox 1049 1187 1102 1252; x_wconf 79' lang='grc' dir='ltr'><strong><em>καὶ</em></strong></span> <span class='ocrx_word' id='word_1_77' title='bbox 1124 1194 1261 1269; x_wconf 90' lang='grc' dir='ltr'><strong><em>φιλοτη-</em></strong></span> 
     </span>
     <span class='ocr_line' id='line_1_11' title="bbox 256 1280 1259 1366; baseline -0.003 -17"><span class='ocrx_word' id='word_1_78' title='bbox 256 1291 330 1360; x_wconf 89' lang='grc' dir='ltr'><strong><em>σίας</em></strong></span> <span class='ocrx_word' id='word_1_79' title='bbox 350 1291 527 1366; x_wconf 85' lang='grc' dir='ltr'><strong><em>προπίνειν</em></strong></span> <span class='ocrx_word' id='word_1_80' title='bbox 552 1287 606 1350; x_wconf 82' lang='grc' dir='ltr'><strong><em>καὶ</em></strong></span> <span class='ocrx_word' id='word_1_81' title='bbox 631 1283 725 1363; x_wconf 77' lang='grc' dir='ltr'><strong><em>ὄψων</em></strong></span> <span class='ocrx_word' id='word_1_82' title='bbox 747 1291 815 1349; x_wconf 80' lang='grc' dir='ltr'><strong><em>των</em></strong></span> <span class='ocrx_word' id='word_1_83' title='bbox 837 1283 948 1350; x_wconf 77' lang='grc' dir='ltr'><strong><em>αὐτῶν</em></strong></span> <span class='ocrx_word' id='word_1_84' title='bbox 971 1283 1145 1350; x_wconf 80' lang='grc' dir='ltr'><strong><em>ἅπτεσθαι.</em></strong></span> <span class='ocrx_word' id='word_1_85' title='bbox 1181 1280 1259 1349; x_wconf 80' lang='grc' dir='ltr'><strong><em>ἀλλά</em></strong></span> 
     </span>
     <span class='ocr_line' id='line_1_12' title="bbox 256 1380 1260 1467; baseline -0.003 -21"><span class='ocrx_word' id='word_1_86' title='bbox 256 1380 339 1466; x_wconf 73' lang='grc' dir='ltr'><strong><em>μηδὲ</em></strong></span> <span class='ocrx_word' id='word_1_87' title='bbox 351 1383 458 1448; x_wconf 79' lang='grc' dir='ltr'><strong><em>ἐκεῖνο</em></strong></span> <span class='ocrx_word' id='word_1_88' title='bbox 470 1388 552 1448; x_wconf 81' lang='grc' dir='ltr'><strong><em>ἔστω</em></strong></span> <span class='ocrx_word' id='word_1_89' title='bbox 563 1380 599 1447; x_wconf 87' lang='grc' dir='ltr'><strong><em>τδ</em></strong></span> <span class='ocrx_word' id='word_1_90' title='bbox 612 1383 664 1448; x_wconf 75' lang='grc' dir='ltr'><strong><em>ἐπὶ</em></strong></span> <span class='ocrx_word' id='word_1_91' title='bbox 674 1394 741 1458; x_wconf 74' lang='grc' dir='ltr'><strong><em>τοῖς</em></strong></span> <span class='ocrx_word' id='word_1_92' title='bbox 752 1381 880 1466; x_wconf 80' lang='grc' dir='ltr'><strong><em>λόγοις,</em></strong></span> <span class='ocrx_word' id='word_1_93' title='bbox 892 1381 1077 1467; x_wconf 84' lang='grc' dir='ltr'><strong><em>φιλήματα,</em></strong></span> <span class='ocrx_word' id='word_1_94' title='bbox 1092 1382 1149 1446; x_wconf 84' lang='grc' dir='ltr'><strong><em>καὶ</em></strong></span> <span class='ocrx_word' id='word_1_95' title='bbox 1161 1386 1260 1445; x_wconf 84' lang='grc' dir='ltr'><strong><em>ταῦτα</em></strong></span> 
     </span>
     <span class='ocr_line' id='line_1_13' title="bbox 257 1475 1259 1563; baseline -0.003 -19"><span class='ocrx_word' id='word_1_96' title='bbox 257 1475 340 1561; x_wconf 81' lang='grc' dir='ltr'><strong><em>πρὸς</em></strong></span> <span class='ocrx_word' id='word_1_97' title='bbox 352 1476 432 1556; x_wconf 77' lang='grc' dir='ltr'><strong><em>τούς</em></strong></span> <span class='ocrx_word' id='word_1_98' title='bbox 448 1477 490 1545; x_wconf 80' lang='grc' dir='ltr'><strong><em>οὐ</em></strong></span> <span class='ocrx_word' id='word_1_99' title='bbox 506 1479 571 1561; x_wconf 86' lang='grc' dir='ltr'><strong><em>πρό</em></strong></span> <span class='ocrx_word' id='word_1_100' title='bbox 597 1486 724 1545; x_wconf 83' lang='grc' dir='ltr'><strong><em>πολλοῦ</em></strong></span> <span class='ocrx_word' id='word_1_101' title='bbox 745 1476 924 1563; x_wconf 78' lang='grc' dir='ltr'><strong><em>ἀποφράδα</em></strong></span> <span class='ocrx_word' id='word_1_102' title='bbox 941 1500 994 1546; x_wconf 94' lang='grc' dir='ltr'><strong><em>σοι</em></strong></span> <span class='ocrx_word' id='word_1_103' title='bbox 1015 1479 1259 1561; x_wconf 82' lang='grc' dir='ltr'><strong><em>ἐργασαμένους</em></strong></span> 
     </span>
     <span class='ocr_line' id='line_1_14' title="bbox 256 1571 1258 1662; baseline -0.001 -21"><span class='ocrx_word' id='word_1_104' title='bbox 256 1573 293 1642; x_wconf 83' lang='grc' dir='ltr'><strong><em>τό</em></strong></span> <span class='ocrx_word' id='word_1_105' title='bbox 310 1573 424 1661; x_wconf 85' lang='grc' dir='ltr'><strong><em>στόμα.</em></strong></span> <span class='ocrx_word' id='word_1_106' title='bbox 451 1575 653 1662; x_wconf 76' lang='grc' dir='ltr'><strong><em>κάπειδήπερ</em></strong></span> <span class='ocrx_word' id='word_1_107' title='bbox 672 1575 758 1656; x_wconf 83' lang='grc' dir='ltr'><strong><em>ἅπαξ</em></strong></span> <span class='ocrx_word' id='word_1_108' title='bbox 775 1583 908 1662; x_wconf 81' lang='grc' dir='ltr'><strong><em>φιλικῆς</em></strong></span> <span class='ocrx_word' id='word_1_109' title='bbox 921 1577 1146 1660; x_wconf 84' lang='grc' dir='ltr'><strong><em>παραινέσεως</em></strong></span> <span class='ocrx_word' id='word_1_110' title='bbox 1161 1571 1258 1659; x_wconf 82' lang='grc' dir='ltr'><strong><em>ήρξά-</em></strong></span> 
     </span>
     <span class='ocr_line' id='line_1_15' title="bbox 256 1667 1260 1762; baseline -0.003 -24"><span class='ocrx_word' id='word_1_111' title='bbox 256 1699 339 1757; x_wconf 89' lang='grc' dir='ltr'><strong><em>μην,</em></strong></span> <span class='ocrx_word' id='word_1_112' title='bbox 362 1671 514 1756; x_wconf 77' lang='grc' dir='ltr'><strong><em>κάκεῖνα,</em></strong></span> <span class='ocrx_word' id='word_1_113' title='bbox 537 1681 567 1741; x_wconf 84' lang='grc' dir='ltr'><strong><em>εί</em></strong></span> <span class='ocrx_word' id='word_1_114' title='bbox 583 1679 689 1758; x_wconf 77' lang='grc' dir='ltr'><strong><em>δοκεῖ,</em></strong></span> <span class='ocrx_word' id='word_1_115' title='bbox 711 1673 831 1760; x_wconf 83' lang='grc' dir='ltr'><strong><em>άφελε,</em></strong></span> <span class='ocrx_word' id='word_1_116' title='bbox 854 1673 890 1740; x_wconf 84' lang='grc' dir='ltr'><strong><em>τό</em></strong></span> <span class='ocrx_word' id='word_1_117' title='bbox 915 1674 1009 1762; x_wconf 85' lang='grc' dir='ltr'><strong><em>μόρφ</em></strong></span> <span class='ocrx_word' id='word_1_118' title='bbox 1030 1679 1186 1757; x_wconf 78' lang='grc' dir='ltr'><strong><em>χρίεσθαι</em></strong></span> <span class='ocrx_word' id='word_1_119' title='bbox 1208 1667 1260 1746; x_wconf 79' lang='grc' dir='ltr'><strong><em>τὰς</em></strong></span> 
     </span>
     <span class='ocr_line' id='line_1_16' title="bbox 256 1768 1260 1858; baseline -0.002 -21"><span class='ocrx_word' id='word_1_120' title='bbox 256 1769 374 1850; x_wconf 85' lang='grc' dir='ltr'><strong><em>πολιάς</em></strong></span> <span class='ocrx_word' id='word_1_121' title='bbox 389 1775 443 1840; x_wconf 79' lang='grc' dir='ltr'><strong><em>καὶ</em></strong></span> <span class='ocrx_word' id='word_1_122' title='bbox 456 1770 493 1839; x_wconf 81' lang='grc' dir='ltr'><strong><em>τό</em></strong></span> <span class='ocrx_word' id='word_1_123' title='bbox 511 1780 711 1840; x_wconf 80' lang='grc' dir='ltr'><strong><em>πιττοῦσθαι</em></strong></span> <span class='ocrx_word' id='word_1_124' title='bbox 727 1774 815 1858; x_wconf 92' lang='grc' dir='ltr'><strong><em>μόνα</em></strong></span> <span class='ocrx_word' id='word_1_125' title='bbox 829 1776 947 1839; x_wconf 82' lang='grc' dir='ltr'><strong><em>ἐκεῖνα.</em></strong></span> <span class='ocrx_word' id='word_1_126' title='bbox 970 1777 1000 1839; x_wconf 85' lang='grc' dir='ltr'><strong><em>εί</em></strong></span> <span class='ocrx_word' id='word_1_127' title='bbox 1008 1776 1069 1857; x_wconf 81' lang='grc' dir='ltr'><strong><em>μὲν</em></strong></span> <span class='ocrx_word' id='word_1_128' title='bbox 1083 1768 1149 1856; x_wconf 83' lang='grc' dir='ltr'><strong><em>γάρ</em></strong></span> <span class='ocrx_word' id='word_1_129' title='bbox 1162 1771 1260 1845; x_wconf 85' lang='grc' dir='ltr'><strong><em>νόσος</em></strong></span> 
     </span>
     <span class='ocr_line' id='line_1_17' title="bbox 257 1865 1260 1956; baseline -0.001 -21"><span class='ocrx_word' id='word_1_130' title='bbox 257 1896 304 1946; x_wconf 93' lang='grc' dir='ltr'><strong><em>τις</em></strong></span> <span class='ocrx_word' id='word_1_131' title='bbox 319 1871 459 1954; x_wconf 79' lang='grc' dir='ltr'><strong><em>ἐπείγει,</em></strong></span> <span class='ocrx_word' id='word_1_132' title='bbox 475 1868 566 1935; x_wconf 81' lang='grc' dir='ltr'><strong><em>άπαυ</em></strong></span> <span class='ocrx_word' id='word_1_133' title='bbox 578 1869 615 1936; x_wconf 85' lang='grc' dir='ltr'><strong><em>τό</em></strong></span> <span class='ocrx_word' id='word_1_134' title='bbox 628 1877 722 1956; x_wconf 80' lang='grc' dir='ltr'><strong><em>σῶμα</em></strong></span> <span class='ocrx_word' id='word_1_135' title='bbox 733 1873 976 1954; x_wconf 82' lang='grc' dir='ltr'><strong><em>θεραπευτέον,</em></strong></span> <span class='ocrx_word' id='word_1_136' title='bbox 994 1875 1024 1936; x_wconf 88' lang='grc' dir='ltr'><strong><em>εί</em></strong></span> <span class='ocrx_word' id='word_1_137' title='bbox 1036 1865 1072 1935; x_wconf 77' lang='grc' dir='ltr'><strong><em>δέ</em></strong></span> <span class='ocrx_word' id='word_1_138' title='bbox 1085 1868 1195 1954; x_wconf 79' lang='grc' dir='ltr'><strong><em>μηδὲν</em></strong></span> <span class='ocrx_word' id='word_1_139' title='bbox 1206 1893 1260 1935; x_wconf 89' lang='grc' dir='ltr'><strong><em>νο·</em></strong></span> 
     </span>
     <span class='ocr_line' id='line_1_18' title="bbox 256 1963 1259 2054; baseline -0.003 -22"><span class='ocrx_word' id='word_1_140' title='bbox 256 1978 324 2042; x_wconf 80' lang='grc' dir='ltr'><strong><em>σείς</em></strong></span> <span class='ocrx_word' id='word_1_141' title='bbox 339 1972 508 2045; x_wconf 82' lang='grc' dir='ltr'><strong><em>τοιοῦτον,</em></strong></span> <span class='ocrx_word' id='word_1_142' title='bbox 528 1973 562 2033; x_wconf 91' lang='grc' dir='ltr'><strong><em>τί</em></strong></span> <span class='ocrx_word' id='word_1_143' title='bbox 574 1987 628 2033; x_wconf 91' lang='grc' dir='ltr'><strong><em>σοι</em></strong></span> <span class='ocrx_word' id='word_1_144' title='bbox 642 1969 800 2054; x_wconf 81' lang='grc' dir='ltr'><strong><em>βούλεται</em></strong></span> <span class='ocrx_word' id='word_1_145' title='bbox 815 1964 948 2049; x_wconf 82' lang='grc' dir='ltr'><strong><em>καθαρά</em></strong></span> <span class='ocrx_word' id='word_1_146' title='bbox 964 1968 1018 2034; x_wconf 82' lang='grc' dir='ltr'><strong><em>καί</em></strong></span> <span class='ocrx_word' id='word_1_147' title='bbox 1034 1974 1104 2033; x_wconf 80' lang='grc' dir='ltr'><strong><em>λεῖα</em></strong></span> <span class='ocrx_word' id='word_1_148' title='bbox 1120 1967 1178 2032; x_wconf 84' lang='grc' dir='ltr'><strong><em>καὶ</em></strong></span> <span class='ocrx_word' id='word_1_149' title='bbox 1195 1963 1259 2032; x_wconf 87' lang='grc' dir='ltr'><strong><em>ὀλι-</em></strong></span> 
     </span>
     <span class='ocr_line' id='line_1_19' title="bbox 254 2060 1260 2150; baseline -0.002 -21"><span class='ocrx_word' id='word_1_150' title='bbox 254 2060 367 2148; x_wconf 86' lang='grc' dir='ltr'><strong><em>σθηρά</em></strong></span> <span class='ocrx_word' id='word_1_151' title='bbox 383 2065 578 2148; x_wconf 74' lang='grc' dir='ltr'><strong><em>ἐργάζεσθαι</em></strong></span> <span class='ocrx_word' id='word_1_152' title='bbox 590 2061 612 2130; x_wconf 79' lang='grc' dir='ltr'><strong><em>ά</em></strong></span> <span class='ocrx_word' id='word_1_153' title='bbox 623 2065 707 2150; x_wconf 72' lang='grc' dir='ltr'><strong><em>μηδὲ</em></strong></span> <span class='ocrx_word' id='word_1_154' title='bbox 722 2062 866 2147; x_wconf 83' lang='grc' dir='ltr'><strong><em>ὁρᾶσθαι</em></strong></span> <span class='ocrx_word' id='word_1_155' title='bbox 878 2066 991 2150; x_wconf 83' lang='grc' dir='ltr'><strong><em>θέμις;</em></strong></span> <span class='ocrx_word' id='word_1_156' title='bbox 1013 2063 1120 2131; x_wconf 80' lang='grc' dir='ltr'><strong><em>ἐκεῖνό</em></strong></span> <span class='ocrx_word' id='word_1_157' title='bbox 1137 2083 1192 2129; x_wconf 91' lang='grc' dir='ltr'><strong><em>σοι</em></strong></span> <span class='ocrx_word' id='word_1_158' title='bbox 1203 2063 1260 2148; x_wconf 94' lang='grc' dir='ltr'><strong><em>μό-</em></strong></span> 
     </span>
     <span class='ocr_line' id='line_1_20' title="bbox 253 2159 1259 2249; baseline 0 -23"><span class='ocrx_word' id='word_1_159' title='bbox 253 2186 317 2227; x_wconf 88' lang='grc' dir='ltr'><strong><em>νον</em></strong></span> <span class='ocrx_word' id='word_1_160' title='bbox 328 2159 437 2245; x_wconf 84' lang='grc' dir='ltr'><strong><em>σοφόν</em></strong></span> <span class='ocrx_word' id='word_1_161' title='bbox 448 2165 484 2228; x_wconf 90' lang='grc' dir='ltr'><strong><em>αί</em></strong></span> <span class='ocrx_word' id='word_1_162' title='bbox 496 2164 607 2231; x_wconf 80' lang='grc' dir='ltr'><strong><em>πολιαὶ</em></strong></span> <span class='ocrx_word' id='word_1_163' title='bbox 622 2165 677 2230; x_wconf 82' lang='grc' dir='ltr'><strong><em>καὶ</em></strong></span> <span class='ocrx_word' id='word_1_164' title='bbox 690 2161 727 2229; x_wconf 86' lang='grc' dir='ltr'><strong><em>τό</em></strong></span> <span class='ocrx_word' id='word_1_165' title='bbox 740 2167 854 2249; x_wconf 82' lang='grc' dir='ltr'><strong><em>μηκέτι</em></strong></span> <span class='ocrx_word' id='word_1_166' title='bbox 866 2169 1097 2247; x_wconf 86' lang='grc' dir='ltr'><strong><em>μελαίνεσθαι,</em></strong></span> <span class='ocrx_word' id='word_1_167' title='bbox 1116 2159 1162 2238; x_wconf 82' lang='grc' dir='ltr'><strong><em>ὡς</em></strong></span> <span class='ocrx_word' id='word_1_168' title='bbox 1177 2186 1259 2242; x_wconf 89' lang='grc' dir='ltr'><strong><em>προ·</em></strong></span> 
     </span>
     <span class='ocr_line' id='line_1_21' title="bbox 254 2256 1260 2347; baseline -0.003 -23"><span class='ocrx_word' id='word_1_169' title='bbox 254 2258 409 2343; x_wconf 79' lang='grc' dir='ltr'><strong><em>κάλυμμα</em></strong></span> <span class='ocrx_word' id='word_1_170' title='bbox 422 2257 488 2326; x_wconf 81' lang='grc' dir='ltr'><strong><em>εἷεν</em></strong></span> <span class='ocrx_word' id='word_1_171' title='bbox 497 2267 554 2344; x_wconf 85' lang='grc' dir='ltr'><strong><em>τῆς</em></strong></span> <span class='ocrx_word' id='word_1_172' title='bbox 568 2266 754 2347; x_wconf 89' lang='grc' dir='ltr'><strong><em>βδελυρίας.</em></strong></span> <span class='ocrx_word' id='word_1_173' title='bbox 779 2266 898 2347; x_wconf 89' lang='grc' dir='ltr'><strong><em>φείδου</em></strong></span> <span class='ocrx_word' id='word_1_174' title='bbox 910 2258 949 2346; x_wconf 88' lang='grc' dir='ltr'><strong><em>δή</em></strong></span> <span class='ocrx_word' id='word_1_175' title='bbox 961 2258 1072 2328; x_wconf 77' lang='grc' dir='ltr'><strong><em>αὐτῶν</em></strong></span> <span class='ocrx_word' id='word_1_176' title='bbox 1083 2256 1167 2342; x_wconf 80' lang='grc' dir='ltr'><strong><em>πρὸς</em></strong></span> <span class='ocrx_word' id='word_1_177' title='bbox 1178 2256 1260 2333; x_wconf 83' lang='grc' dir='ltr'><strong><em>Διὸς</em></strong></span> 
     </span>
     <span class='ocr_line' id='line_1_22' title="bbox 253 2354 1261 2449; baseline -0.006 -25"><span class='ocrx_word' id='word_1_178' title='bbox 253 2355 318 2424; x_wconf 82' lang='grc' dir='ltr'><strong><em>κάν</em></strong></span> <span class='ocrx_word' id='word_1_179' title='bbox 332 2359 455 2449; x_wconf 79' lang='grc' dir='ltr'><strong><em>τούτῳ,</em></strong></span> <span class='ocrx_word' id='word_1_180' title='bbox 471 2361 527 2427; x_wconf 87' lang='grc' dir='ltr'><strong><em>καὶ</em></strong></span> <span class='ocrx_word' id='word_1_181' title='bbox 542 2360 683 2445; x_wconf 87' lang='grc' dir='ltr'><strong><em>μάλιστα</em></strong></span> <span class='ocrx_word' id='word_1_182' title='bbox 697 2367 759 2426; x_wconf 83' lang='grc' dir='ltr'><strong><em>τοῦ</em></strong></span> <span class='ocrx_word' id='word_1_183' title='bbox 774 2360 933 2445; x_wconf 75' lang='grc' dir='ltr'><strong><em>πώγωνος</em></strong></span> <span class='ocrx_word' id='word_1_184' title='bbox 944 2357 1065 2440; x_wconf 79' lang='grc' dir='ltr'><strong><em>αὐτοῦ,</em></strong></span> <span class='ocrx_word' id='word_1_185' title='bbox 1083 2356 1167 2440; x_wconf 78' lang='grc' dir='ltr'><strong><em>μηδὲ</em></strong></span> <span class='ocrx_word' id='word_1_186' title='bbox 1185 2354 1261 2437; x_wconf 88' lang='grc' dir='ltr'><strong><em>μιά-</em></strong></span> 
     </span>
     <span class='ocr_line' id='line_1_23' title="bbox 254 2451 1260 2546; baseline -0.003 -24"><span class='ocrx_word' id='word_1_187' title='bbox 254 2483 314 2543; x_wconf 85' lang='grc' dir='ltr'><strong><em>νης</em></strong></span> <span class='ocrx_word' id='word_1_188' title='bbox 324 2460 369 2521; x_wconf 89' lang='grc' dir='ltr'><strong><em>ἐτι</em></strong></span> <span class='ocrx_word' id='word_1_189' title='bbox 379 2458 461 2542; x_wconf 78' lang='grc' dir='ltr'><strong><em>μηδὲ</em></strong></span> <span class='ocrx_word' id='word_1_190' title='bbox 471 2454 624 2546; x_wconf 86' lang='grc' dir='ltr'><strong><em>ὑβρίσης·</em></strong></span> <span class='ocrx_word' id='word_1_191' title='bbox 642 2464 672 2526; x_wconf 89' lang='grc' dir='ltr'><strong><em>εί</em></strong></span> <span class='ocrx_word' id='word_1_192' title='bbox 682 2459 717 2524; x_wconf 74' lang='grc' dir='ltr'><strong><em>δὲ</em></strong></span> <span class='ocrx_word' id='word_1_193' title='bbox 729 2459 785 2543; x_wconf 87' lang='grc' dir='ltr'><strong><em>μή,</em></strong></span> <span class='ocrx_word' id='word_1_194' title='bbox 798 2461 834 2524; x_wconf 85' lang='grc' dir='ltr'><strong><em>ἐν</em></strong></span> <span class='ocrx_word' id='word_1_195' title='bbox 845 2462 943 2523; x_wconf 90' lang='grc' dir='ltr'><strong><em>νυκτί</em></strong></span> <span class='ocrx_word' id='word_1_196' title='bbox 951 2481 989 2540; x_wconf 88' lang='grc' dir='ltr'><strong><em>γε</em></strong></span> <span class='ocrx_word' id='word_1_197' title='bbox 998 2457 1053 2521; x_wconf 83' lang='grc' dir='ltr'><strong><em>καὶ</em></strong></span> <span class='ocrx_word' id='word_1_198' title='bbox 1062 2451 1127 2520; x_wconf 77' lang='grc' dir='ltr'><strong><em>σὺν</em></strong></span> <span class='ocrx_word' id='word_1_199' title='bbox 1140 2453 1260 2539; x_wconf 79' lang='grc' dir='ltr'><strong><em>σκότῳ,</em></strong></span> 
     </span>
     <span class='ocr_line' id='line_1_24' title="bbox 253 2551 1301 2644; baseline -0.005 -24"><span class='ocrx_word' id='word_1_200' title='bbox 253 2552 290 2620; x_wconf 86' lang='grc' dir='ltr'><strong><em>τό</em></strong></span> <span class='ocrx_word' id='word_1_201' title='bbox 307 2557 342 2620; x_wconf 72' lang='grc' dir='ltr'><strong><em>δὲ</em></strong></span> <span class='ocrx_word' id='word_1_202' title='bbox 357 2553 435 2639; x_wconf 84' lang='grc' dir='ltr'><strong><em>μεθ’</em></strong></span> <span class='ocrx_word' id='word_1_203' title='bbox 449 2551 592 2640; x_wconf 82' lang='grc' dir='ltr'><strong><em>ἡμέραν,</em></strong></span> <span class='ocrx_word' id='word_1_204' title='bbox 609 2555 734 2642; x_wconf 84' lang='grc' dir='ltr'><strong><em>άπαγε,</em></strong></span> <span class='ocrx_word' id='word_1_205' title='bbox 750 2561 869 2644; x_wconf 79' lang='grc' dir='ltr'><strong><em>κομιδή</em></strong></span> <span class='ocrx_word' id='word_1_206' title='bbox 884 2553 1003 2639; x_wconf 73' lang='grc' dir='ltr'><strong><em>ἄγριον</em></strong></span> <span class='ocrx_word' id='word_1_207' title='bbox 1017 2553 1070 2620; x_wconf 85' lang='grc' dir='ltr'><strong><em>καὶ</em></strong></span> <span class='ocrx_word' id='word_1_208' title='bbox 1081 2557 1260 2637; x_wconf 80' lang='grc' dir='ltr'><strong><em>θηριῶδες.</em></strong></span> <span class='ocrx_word' id='word_1_209' title='bbox 1300 2577 1301 2582; x_wconf 59' lang='grc'><strong>“</strong></span> 
     </span>
     <span class='ocr_line' id='line_1_25' title="bbox 187 2647 1301 2741; baseline -0.004 -22"><span class='ocrx_word' id='word_1_210' title='bbox 187 2667 237 2722; x_wconf 84' lang='grc'><strong><em>189</em></strong></span> <span class='ocrx_word' id='word_1_211' title='bbox 338 2658 388 2721; x_wconf 74' lang='lat'><strong><em>32.</em></strong></span> <span class='ocrx_word' id='word_1_212' title='bbox 407 2650 519 2741; x_wconf 82' lang='grc' dir='ltr'><strong><em>Ὁρᾷς,</em></strong></span> <span class='ocrx_word' id='word_1_213' title='bbox 538 2651 582 2731; x_wconf 77' lang='grc' dir='ltr'><strong><em>ὥς</em></strong></span> <span class='ocrx_word' id='word_1_214' title='bbox 602 2653 743 2739; x_wconf 85' lang='grc' dir='ltr'><strong><em>άμεινον</em></strong></span> <span class='ocrx_word' id='word_1_215' title='bbox 757 2647 801 2740; x_wconf 80' lang='grc' dir='ltr'><strong><em>ἦν</em></strong></span> <span class='ocrx_word' id='word_1_216' title='bbox 822 2675 875 2721; x_wconf 91' lang='grc' dir='ltr'><strong><em>σοι</em></strong></span> <span class='ocrx_word' id='word_1_217' title='bbox 890 2652 1046 2738; x_wconf 81' lang='grc' dir='ltr'><strong><em>ἀκίνητον</em></strong></span> <span class='ocrx_word' id='word_1_218' title='bbox 1063 2649 1125 2736; x_wconf 86' lang='grc' dir='ltr'><strong><em>τήν</em></strong></span> <span class='ocrx_word' id='word_1_219' title='bbox 1141 2651 1261 2735; x_wconf 85' lang='grc' dir='ltr'><strong><em>Καμά-</em></strong></span> <span class='ocrx_word' id='word_1_220' title='bbox 1300 2703 1301 2730; x_wconf 80' lang='grc'><strong><em>,</em></strong></span> 
     </span>
     <span class='ocr_line' id='line_1_26' title="bbox 254 2746 1260 2839; baseline -0.002 -22"><span class='ocrx_word' id='word_1_221' title='bbox 254 2775 354 2834; x_wconf 91' lang='grc' dir='ltr'><strong><em>ριναν</em></strong></span> <span class='ocrx_word' id='word_1_222' title='bbox 368 2755 445 2834; x_wconf 81' lang='grc' dir='ltr'><strong><em>ἐᾶν,</em></strong></span> <span class='ocrx_word' id='word_1_223' title='bbox 467 2754 548 2836; x_wconf 78' lang='grc' dir='ltr'><strong><em>μηδὲ</em></strong></span> <span class='ocrx_word' id='word_1_224' title='bbox 561 2762 749 2839; x_wconf 83' lang='grc' dir='ltr'><strong><em>καταγελᾶν</em></strong></span> <span class='ocrx_word' id='word_1_225' title='bbox 762 2762 819 2839; x_wconf 81' lang='grc' dir='ltr'><strong><em>τῆς</em></strong></span> <span class='ocrx_word' id='word_1_226' title='bbox 835 2753 1044 2838; x_wconf 83' lang='grc' dir='ltr'><strong><em>ἀποφράδος,</em></strong></span> <span class='ocrx_word' id='word_1_227' title='bbox 1068 2749 1089 2836; x_wconf 83' lang='grc' dir='ltr'><strong><em>ή</em></strong></span> <span class='ocrx_word' id='word_1_228' title='bbox 1107 2770 1163 2816; x_wconf 89' lang='grc' dir='ltr'><strong><em>σοι</em></strong></span> <span class='ocrx_word' id='word_1_229' title='bbox 1177 2746 1260 2816; x_wconf 83' lang='grc' dir='ltr'><strong><em>ἀπο-</em></strong></span> 
     </span>
     <span class='ocr_line' id='line_1_27' title="bbox 255 2846 1260 2937; baseline -0.002 -24"><span class='ocrx_word' id='word_1_230' title='bbox 255 2849 366 2932; x_wconf 86' lang='grc' dir='ltr'><strong><em>φράδα</em></strong></span> <span class='ocrx_word' id='word_1_231' title='bbox 386 2846 446 2915; x_wconf 87' lang='grc' dir='ltr'><strong><em>τὸν</em></strong></span> <span class='ocrx_word' id='word_1_232' title='bbox 466 2856 541 2933; x_wconf 92' lang='grc' dir='ltr'><strong><em>βίον</em></strong></span> <span class='ocrx_word' id='word_1_233' title='bbox 563 2848 644 2917; x_wconf 86' lang='grc' dir='ltr'><strong><em>ὅλον</em></strong></span> <span class='ocrx_word' id='word_1_234' title='bbox 667 2853 856 2937; x_wconf 77' lang='grc' dir='ltr'><strong><em>ἐργάσεταις</em></strong></span> <span class='ocrx_word' id='word_1_235' title='bbox 884 2847 905 2936; x_wconf 87' lang='grc' dir='ltr'><strong><em>ή</em></strong></span> <span class='ocrx_word' id='word_1_236' title='bbox 928 2856 974 2917; x_wconf 84' lang='grc' dir='ltr'><strong><em>ἐτι</em></strong></span> <span class='ocrx_word' id='word_1_237' title='bbox 995 2851 1136 2932; x_wconf 82' lang='grc' dir='ltr'><strong><em>προσδεῖ</em></strong></span> <span class='ocrx_word' id='word_1_238' title='bbox 1152 2872 1260 2922; x_wconf 76' lang='grc' dir='ltr'><strong><em>τινοςς</em></strong></span> 
     </span>
     <span class='ocr_line' id='line_1_28' title="bbox 255 2941 1261 3033; baseline -0.001 -23"><span class='ocrx_word' id='word_1_239' title='bbox 255 2942 299 3021; x_wconf 80' lang='grc' dir='ltr'><strong><em>ὡς</em></strong></span> <span class='ocrx_word' id='word_1_240' title='bbox 312 2945 349 3010; x_wconf 90' lang='grc' dir='ltr'><strong><em>τό</em></strong></span> <span class='ocrx_word' id='word_1_241' title='bbox 365 2971 402 3030; x_wconf 89' lang='grc' dir='ltr'><strong><em>γε</em></strong></span> <span class='ocrx_word' id='word_1_242' title='bbox 419 2943 500 3029; x_wconf 84' lang='grc' dir='ltr'><strong><em>ἐμόν</em></strong></span> <span class='ocrx_word' id='word_1_243' title='bbox 515 2946 556 3012; x_wconf 81' lang='grc' dir='ltr'><strong><em>οὔ</em></strong></span> <span class='ocrx_word' id='word_1_244' title='bbox 577 2973 656 3014; x_wconf 88' lang='grc' dir='ltr'><strong><em>ποτε</em></strong></span> <span class='ocrx_word' id='word_1_245' title='bbox 674 2952 824 3029; x_wconf 76' lang='grc' dir='ltr'><strong><em>ἐλλείψει.</em></strong></span> <span class='ocrx_word' id='word_1_246' title='bbox 851 2949 982 3015; x_wconf 83' lang='grc' dir='ltr'><strong><em>οὐδέπω</em></strong></span> <span class='ocrx_word' id='word_1_247' title='bbox 998 2953 1082 3033; x_wconf 87' lang='grc' dir='ltr'><strong><em>γοῦν</em></strong></span> <span class='ocrx_word' id='word_1_248' title='bbox 1098 2943 1204 3012; x_wconf 78' lang='grc' dir='ltr'><strong><em>οἶσθα</em></strong></span> <span class='ocrx_word' id='word_1_249' title='bbox 1223 2941 1261 3018; x_wconf 75' lang='grc' dir='ltr'><strong><em>ὡς</em></strong></span> 
     </span>
     <span class='ocr_line' id='line_1_29' title="bbox 254 3038 1261 3132; baseline -0.003 -21"><span class='ocrx_word' id='word_1_250' title='bbox 254 3038 337 3125; x_wconf 81' lang='grc' dir='ltr'><strong><em>ὅλην</em></strong></span> <span class='ocrx_word' id='word_1_251' title='bbox 350 3040 412 3126; x_wconf 86' lang='grc' dir='ltr'><strong><em>τήν</em></strong></span> <span class='ocrx_word' id='word_1_252' title='bbox 427 3042 556 3127; x_wconf 81' lang='grc' dir='ltr'><strong><em>ἅμαξαν</em></strong></span> <span class='ocrx_word' id='word_1_253' title='bbox 570 3046 761 3130; x_wconf 80' lang='grc' dir='ltr'><strong><em>ἐπεσπάσω,</em></strong></span> <span class='ocrx_word' id='word_1_254' title='bbox 779 3049 874 3132; x_wconf 89' lang='grc' dir='ltr'><strong><em>δέον,</em></strong></span> <span class='ocrx_word' id='word_1_255' title='bbox 892 3038 1123 3129; x_wconf 78' lang='grc' dir='ltr'><strong><em>άπαιπάλημα</em></strong></span> <span class='ocrx_word' id='word_1_256' title='bbox 1139 3046 1198 3110; x_wconf 78' lang='grc' dir='ltr'><strong><em>καὶ</em></strong></span> <span class='ocrx_word' id='word_1_257' title='bbox 1214 3049 1261 3108; x_wconf 84' lang='grc' dir='ltr'><strong><em>αι’-</em></strong></span> 
     </span>
     <span class='ocr_line' id='line_1_30' title="bbox 253 3135 1260 3230; baseline 0.002 -28"><span class='ocrx_word' id='word_1_258' title='bbox 253 3142 370 3216; x_wconf 89' lang='grc' dir='ltr'><strong><em>ναδος,</em></strong></span> <span class='ocrx_word' id='word_1_259' title='bbox 387 3137 628 3226; x_wconf 77' lang='grc' dir='ltr'><strong><em>ὑποπτήσσειν,</em></strong></span> <span class='ocrx_word' id='word_1_260' title='bbox 651 3153 685 3210; x_wconf 84' lang='grc' dir='ltr'><strong><em>εί</em></strong></span> <span class='ocrx_word' id='word_1_261' title='bbox 696 3170 745 3220; x_wconf 89' lang='grc' dir='ltr'><strong><em>τις</em></strong></span> <span class='ocrx_word' id='word_1_262' title='bbox 759 3142 845 3230; x_wconf 89' lang='grc' dir='ltr'><strong><em>άνήρ</em></strong></span> <span class='ocrx_word' id='word_1_263' title='bbox 865 3145 968 3221; x_wconf 77' lang='grc' dir='ltr'><strong><em>δασὺς</em></strong></span> <span class='ocrx_word' id='word_1_264' title='bbox 982 3145 1036 3210; x_wconf 81' lang='grc' dir='ltr'><strong><em>καὶ</em></strong></span> <span class='ocrx_word' id='word_1_265' title='bbox 1049 3148 1149 3209; x_wconf 84' lang='grc' dir='ltr'><strong><em>τοῦτο</em></strong></span> <span class='ocrx_word' id='word_1_266' title='bbox 1164 3138 1210 3226; x_wconf 83' lang='grc' dir='ltr'><strong><em>δή</em></strong></span> <span class='ocrx_word' id='word_1_267' title='bbox 1227 3135 1260 3205; x_wconf 82' lang='grc' dir='ltr'><strong><em>τό</em></strong></span> 
     </span>
     <span class='ocr_line' id='line_1_31' title="bbox 254 3233 1260 3327; baseline 0 -26"><span class='ocrx_word' id='word_1_268' title='bbox 254 3233 406 3320; x_wconf 79' lang='grc' dir='ltr'><strong><em>ἀρχαῖον,</em></strong></span> <span class='ocrx_word' id='word_1_269' title='bbox 431 3240 643 3326; x_wconf 83' lang='grc' dir='ltr'><strong><em>μελάμπυγος</em></strong></span> <span class='ocrx_word' id='word_1_270' title='bbox 660 3239 761 3327; x_wconf 78' lang='grc' dir='ltr'><strong><em>δριμὺ</em></strong></span> <span class='ocrx_word' id='word_1_271' title='bbox 783 3243 889 3327; x_wconf 91' lang='grc' dir='ltr'><strong><em>μόνον</em></strong></span> <span class='ocrx_word' id='word_1_272' title='bbox 910 3248 956 3321; x_wconf 91' lang='grc' dir='ltr'><strong><em>είς</em></strong></span> <span class='ocrx_word' id='word_1_273' title='bbox 975 3240 1011 3309; x_wconf 77' lang='grc' dir='ltr'><strong><em>σέ</em></strong></span> <span class='ocrx_word' id='word_1_274' title='bbox 1029 3238 1260 3326; x_wconf 77' lang='grc' dir='ltr'><strong><em>ἀποβλέψειεν.</em></strong></span> 
     </span>
     <span class='ocr_line' id='line_1_32' title="bbox 253 3333 1261 3427; baseline -0.003 -23"><span class='ocrx_word' id='word_1_275' title='bbox 253 3343 332 3412; x_wconf 74' lang='grc' dir='ltr'><strong><em>ἴσως</em></strong></span> <span class='ocrx_word' id='word_1_276' title='bbox 345 3333 409 3421; x_wconf 86' lang='grc' dir='ltr'><strong><em>ήδη</em></strong></span> <span class='ocrx_word' id='word_1_277' title='bbox 423 3337 477 3404; x_wconf 85' lang='grc' dir='ltr'><strong><em>καὶ</em></strong></span> <span class='ocrx_word' id='word_1_278' title='bbox 491 3345 593 3404; x_wconf 87' lang='grc' dir='ltr'><strong><em>ταῦτα</em></strong></span> <span class='ocrx_word' id='word_1_279' title='bbox 608 3340 732 3427; x_wconf 75' lang='grc' dir='ltr'><strong><em>γελάσῃ</em></strong></span> <span class='ocrx_word' id='word_1_280' title='bbox 743 3338 779 3408; x_wconf 86' lang='grc' dir='ltr'><strong><em>τό</em></strong></span> <span class='ocrx_word' id='word_1_281' title='bbox 795 3342 990 3426; x_wconf 90' lang='grc' dir='ltr'><strong><em>παιπάλημα</em></strong></span> <span class='ocrx_word' id='word_1_282' title='bbox 1004 3341 1057 3406; x_wconf 83' lang='grc' dir='ltr'><strong><em>καὶ</em></strong></span> <span class='ocrx_word' id='word_1_283' title='bbox 1070 3335 1108 3404; x_wconf 82' lang='grc' dir='ltr'><strong><em>τό</em></strong></span> <span class='ocrx_word' id='word_1_284' title='bbox 1124 3340 1261 3410; x_wconf 87' lang='grc' dir='ltr'><strong><em>κίναδος</em></strong></span> 
     </span>
     <span class='ocr_line' id='line_1_33' title="bbox 254 3429 1257 3522; baseline 0.002 -25"><span class='ocrx_word' id='word_1_285' title='bbox 254 3429 365 3516; x_wconf 73' lang='grc' dir='ltr'><strong><em>ὥσπερ</em></strong></span> <span class='ocrx_word' id='word_1_286' title='bbox 385 3433 459 3502; x_wconf 81' lang='grc' dir='ltr'><strong><em>τινὰ</em></strong></span> <span class='ocrx_word' id='word_1_287' title='bbox 483 3441 657 3522; x_wconf 81' lang='grc' dir='ltr'><strong><em>αἰνίγματα</em></strong></span> <span class='ocrx_word' id='word_1_288' title='bbox 677 3439 730 3502; x_wconf 80' lang='grc' dir='ltr'><strong><em>καὶ</em></strong></span> <span class='ocrx_word' id='word_1_289' title='bbox 751 3445 894 3522; x_wconf 89' lang='grc' dir='ltr'><strong><em>γρίφους</em></strong></span> <span class='ocrx_word' id='word_1_290' title='bbox 915 3436 1076 3514; x_wconf 80' lang='grc' dir='ltr'><strong><em>ἀκούσας·</em></strong></span> <span class='ocrx_word' id='word_1_291' title='bbox 1104 3435 1257 3520; x_wconf 81' lang='grc' dir='ltr'><strong><em>ἄγνωστα</em></strong></span> 
     </span>
     <span class='ocr_line' id='line_1_34' title="bbox 1147 3539 1162 3562; baseline 0 0"><span class='ocrx_word' id='word_1_292' title='bbox 1147 3539 1162 3562; x_wconf 57' lang='grc' dir='ltr'><strong><em>ι</em></strong></span> 
     </span>
    </p>
   </div>
   <div class='ocr_carea' id='block_1_3' title="bbox 0 0 1318 4092">
    <p class='ocr_par' dir='ltr' id='par_1_3' title="bbox 0 0 1318 4092">
     <span class='ocr_line' id='line_1_35' title="bbox 0 0 1318 4092; baseline 0 1"><span class='ocrx_word' id='word_1_293' title='bbox 0 0 1318 4092; x_wconf 95' lang='lat' dir='ltr'><strong><em> </em></strong></span> 
     </span>
    </p>
   </div>
  </div>
 </body>
</html>
