2625 4092
228 284 291 347 382
433 328 435 335 ,
583 287 886 346 AOYKIANOT

312 452 416 514 ANT.
436 444 630 532 Ἀπιστήσας
643 444 708 528 ἄρα
719 460 787 523 τοῖς
798 447 1020 533 ἐπαγγέλμασι
1030 464 1168 531 προεῖτο
1178 443 1235 537 τήν

227 545 356 630 &vuarim
590 632 592 635 ,
790 561 792 564 ’

205 674 208 681 ’
313 651 408 713 APX.
432 646 520 712 Ούκ·
550 651 584 711 εἰ
595 668 633 727 γε
654 648 723 707 τῶν
741 650 870 709 λοιπῶν
885 641 1063 728 άκούσαις,
1088 643 1132 711 οῦ
1152 646 1236 725 δόξει

229 764 283 811 σοι
300 743 408 829 μόνον
423 739 581 808 άπιστεῖν,
605 735 681 808 ἀλλ’
697 742 768 808 ἐπεὶ
782 740 945 826 κελεύεις,
963 733 991 807 ὦ
1006 748 1167 829 βασιλεῦ,
1186 748 1238 810 λέ·

158 856 210 911 5²3
230 867 313 928 γειν,
331 838 505 907 Μακεδόσι
517 841 588 924 μέν,
604 835 707 921 εἶπεν,
723 835 824 905 οῦδὲν
834 835 1024 924 ἀπώμοτον,
1039 837 1241 924 ούδὲπαρά-

231 942 347 1022 δοξον,
364 943 394 1005 εἰ
407 940 636 1023 Δημοσθένην
651 934 758 1015 οὕτως
772 938 1004 1023 λαμβάνουσιν
1019 934 1062 1014 ὡς
1077 936 1239 1023 Ἀμφίπο-

229 1045 300 1121 λιν,
325 1034 370 1114 ὡς
382 1036 572 1118 Ὄλυνθον,
598 1032 642 1111 ὡς
655 1032 818 1118 Ὠρωπόν.
848 1039 985 1103 τοιαῦτα
1004 1032 1111 1101 πολλὰ
1131 1040 1238 1120 έλεγε·

229 1138 283 1201 καὶ
308 1132 373 1220 γάρ
397 1126 462 1200 οῦν
484 1132 701 1218 ὑπογραφέας
725 1131 1001 1218 παρεστησάμηυ,
1033 1134 1092 1197 ’ίνα
1118 1153 1173 1199 σοι
1198 1133 1239 1199 τά

229 1234 389 1317 λεχθέντα
405 1232 548 1312 σοι’ζοιτο.
581 1228 662 1317 Ἐγώ
679 1234 741 1316 μέν
756 1256 824 1315 τοι,
841 1236 924 1315 έφη,
948 1222 1112 1315 εόἈρχια,
1132 1231 1242 1315 βασά-

230 1356 301 1397 νων
313 1324 335 1415 ή
349 1329 503 1397 θανάτου
517 1330 613 1419 φόβῳ
635 1326 708 1395 κατ’
726 1326 807 1407 ὄψιν
828 1326 890 1395 ούκ
907 1324 951 1395 άν
963 1325 1170 1417 Ἀντιπάτρῳ
1183 1354 1241 1414 γε·

230 1434 367 1514 νοίμην,
389 1424 464 1495 ἀλλ’
482 1432 511 1494 εί
530 1425 625 1494 ταῦτ’
641 1424 842 1513 ἀληθεύετε,
867 1426 954 1493 πολύ
974 1452 1031 1511 μοι
1046 1433 1179 1511 μᾶλλον
1195 1434 1241 1493 ἔτι

229 1526 418 1609 φυλακτέον
435 1521 478 1611 μὴ
501 1520 564 1611 τήν
585 1521 697 1611 ψυχὴν
717 1523 824 1611 αύτήν
842 1525 923 1608 παρ’
941 1522 1165 1607 Ἀντιπάτρου
1186 1530 1241 1593 δε-

230 1624 497 1707 δωροδοκηκέναι
514 1619 591 1708 μηδ’
608 1619 651 1707 ἣν
666 1620 812 1706 ἐμαυτόν
828 1628 923 1701 ἔταξα
942 1624 1036 1703 τάξιν
1052 1621 1166 1691 λικδυ
1181 1621 1242 1707 τήν

225 1717 419 1805 Ἑλληνικὴν
432 1726 477 1797 εἰς
487 1718 547 1805 τήν
559 1719 802 1807 Μακεδονικήν
812 1723 1088 1808 μεταβάλλεσθαι.
1111 1727 1166 1791 45.
1180 1749 1242 1788 κα-

229 1816 290 1899 λόν
305 1818 388 1903 γάρ,
401 1816 526 1905 Ἀρχία,
543 1825 572 1887 εί
586 1817 622 1885 ιδ
642 1824 700 1905 ζῆν
713 1822 785 1905 ἐμοὶ
794 1817 971 1901 Πειραιεύς
985 1817 1087 1897 αὐτός
1100 1823 1242 1904 παρέχω

229 1918 282 1983 καὶ
304 1915 441 2002 τριήρης
460 1914 503 2002 ἣν
528 1920 726 2003 ἐπιδέδωκα,
753 1920 807 1985 καὶ
824 1934 926 2003 τεῖχος
943 1921 998 1986 καί
1018 1917 1151 2003 τάφρος
1173 1932 1242 1995 τοῖς

230 2016 319 2098 ἐμοῖς
335 2015 463 2083 τέλεσιν
479 2018 712 2101 ἐξειργασμένα
725 2020 781 2085 καὶ
797 2018 888 2102 φυλή
902 2020 1102 2100 Πανδιονίς,
1124 2007 1150 2103 ᾖ
1165 2020 1244 2083 ἐθε-

230 2106 348 2195 λοντής
362 2112 546 2196 ἐχορήγουν
559 2114 640 2198 έγοό,
655 2114 711 2181 καί
720 2116 843 2181 Σόλων
858 2118 912 2181 καὶ
922 2114 1068 2195 Δράκων
1079 2116 1136 2180 καὶ
1154 2138 1245 2196 παρ-

230 2212 328 2291 ρησία
339 2208 486 2293 βήματος
496 2209 551 2276 καί
561 2213 664 2294 δῆμος
676 2212 854 2292 ἐλεύθερος
864 2214 919 2278 καὶ
929 2218 1125 2296 ψηφίσματα
1136 2234 1245 2294 στρα-

228 2301 362 2373 τιωτικά
379 2306 435 2373 καί
449 2307 546 2393 νόμοι
557 2311 782 2393 τριηραρχικοὶ
798 2313 853 2377 καί
868 2310 1046 2399 προγόνων
1058 2308 1179 2391 ἀρεταὶ
1191 2314 1244 2376 καὶ

228 2404 372 2488 τρόπαια
383 2408 437 2473 καί
449 2412 593 2473 πολιτῶν
606 2404 721 2473 εύνοια
732 2418 799 2477 των
811 2410 866 2495 ἐμὲ
877 2410 1036 2487 πολλάκις
1045 2412 1245 2492 ἐστεφανω-

229 2505 338 2571 κότων
355 2506 410 2573 καὶ
426 2507 567 2590 δύναμις
575 2504 743 2590 Ἑλλήνων
757 2515 825 2574 τῶν
837 2505 893 2573 ὑπ’
908 2510 989 2593 ἐμοῦ
1000 2511 1095 2592 μέχρι
1106 2515 1178 2572 νῦν
1190 2534 1246 2572 τε·

228 2607 440 2690 τηρημένων·
469 2611 498 2673 εἰ
516 2604 552 2671 δὲ
568 2607 622 2673 καί
637 2604 760 2690 βιωτόν
778 2608 965 2692 ἐλεηθέντι,
988 2604 1153 2673 ταπεινόν
1170 2610 1246 2691 μέν,

228 2702 366 2781 ἀνεκτός
382 2702 413 2770 δ’
430 2698 494 2771 οῦν
510 2702 527 2771 ὁ
546 2710 635 2781 ἔλεος
651 2703 741 2789 παρὰ
756 2719 824 2782 τοῖς
838 2711 984 2790 οἰκείοις,
1000 2695 1049 2770 όν
1064 2706 1248 2789 ἐλυσάμην

159 2821 213 2875 524
231 2803 473 2889 αἰχμαλώτους,
490 2802 512 2891 ἢ
529 2819 595 2881 τοῖς
610 2805 789 2885 πατράσιν,
809 2795 857 2870 οἷν
871 2804 1078 2882 συνεξέδωκα
1093 2800 1157 2880 τὰς
1175 2814 1248 2870 θυ-

229 2898 402 2988 γατέραςῆ
422 2896 470 2978 οἷς
486 2899 566 2978 τοῦς
582 2903 723 2985 ἐράνους
737 2903 1016 2987 συνδιελυσάμην.
1038 2907 1090 2970 46.
1111 2909 1142 2970 εἰ
1153 2908 1199 2971 δέ
1206 2928 1248 2987 με

229 2999 273 3087 μή
293 3002 386 3080 σώζει
400 3000 516 3086 νήσων
526 2998 607 3085 άρχή
622 3003 675 3067 καὶ
685 3000 852 3085 θάλαττα,
870 3002 959 3082 παρά
970 3026 1008 3085 γε
1019 3004 1160 3069 τουτουὶ
1172 3010 1250 3069 Πο-

230 3104 388 3175 σειδῶνος
400 3104 480 3167 αἰτῶ
492 3096 528 3165 τό
541 3100 705 3178 σώζεσθαι
720 3101 773 3166 καὶ
788 3103 887 3166 τοῦδε
898 3106 959 3166 τοῦ
969 3105 1088 3185 βωμοῦ
1103 3102 1162 3167 καὶ
1175 3109 1249 3167 τῶν

229 3204 330 3283 ἰερῦν
346 3198 471 3284 νόμων.
496 3206 526 3267 εἰ
540 3200 575 3266 δέ
590 3204 775 3280 Ποσειδῶν,
791 3204 870 3284 ἔφη,
887 3194 930 3283 μή
947 3199 1088 3264 δύναται
1107 3200 1249 3283 φυλάτ-

229 3324 298 3363 τειν
312 3295 374 3383 τὴν
390 3296 532 3364 άσυλίαν
546 3305 606 3363 τοῦ
621 3296 686 3363 νεεδ
701 3295 780 3383 μηδ’
800 3296 1030 3383 ἐπαισχύνεται
1049 3305 1248 3379 προδοῦναι

230 3399 457 3481 Δημοσθένην
470 3392 594 3483 Ἀρχίᾳ,
614 3403 792 3482 τεθναίην,
815 3393 915 3463 οὐδὲν
929 3394 1143 3477 Ἀντίπατρος
1158 3398 1249 3483 ἡμῖν

230 3489 304 3560 ἀντὶ
328 3499 389 3556 τοῦ
411 3498 496 3558 θεοῦ
519 3499 742 3571 κολακευτέος.
778 3498 853 3579 ἐξῆν
874 3521 930 3577 μοι
950 3499 1131 3578 φιλτέρους
1151 3505 1245 3585 ἔχειν
