2625 4092
282 251 588 314 ΣΥΜΠΟΣΙΟΝ
607 258 633 307 Η
653 253 882 311 ΛΑΠΙΘΑΙ.
1020 250 1093 312 325

78 414 242 499 συνήθεις
262 405 356 492 ὄντες
377 428 621 498 παρεκεκληντο
642 415 695 479 ἐπὶ
713 415 850 478 δεῖπνον
865 415 921 479 καὶ
939 408 1000 492 ξύν
1019 412 1081 478 αό-

78 526 147 588 τοῖς
164 508 181 578 ὁ
200 507 581 597 γραμματικόςἹστιαλος
597 513 650 578 καί
667 508 804 596 ὁβητωρ
813 509 1078 592 Διονυσόδωρος.

78 615 108 677 7.
128 609 234 676 διὰδὲ
254 607 314 676 τὸν
336 615 484 694 νυμφίον
501 608 560 675 τόν
575 611 722 693 Χαιρέαν
734 607 813 676 Ἴων
834 605 1081 686 δΠλατωνικὸς

78 715 286 776 συνειστιᾶτο
300 709 500 786 διδάσκαλος
517 705 621 774 αὐτοῦ
637 735 701 792 ειν,
724 706 845 791 σεμνός
867 733 915 783 τις
931 710 1015 774 ίδείν
1028 708 1082 774 καί

76 804 268 891 θεοπρεπὴς
280 810 333 872 καὶ
346 805 433 873 πολὺ
445 803 481 872 τὸ
495 805 635 891 κόσμιον
646 810 832 890 ἐπιφαίνων
844 811 888 894 τῷ
899 805 1081 893 προσώπῳ·

77 904 207 971 κανόνα
226 909 363 990 μοῦνοί
381 906 496 971 πολλοὶ
514 901 735 989 ὀνομάζουσιν
750 901 854 969 αὐτόν
875 907 920 980 είς
940 900 1002 988 την
1023 899 1082 983 ὀρ-

76 1000 205 1086 θότητα
221 1008 278 1087 τῆς
298 1003 432 1088 γνώμης
449 998 701 1087 ἀποβλέποντες.
730 1005 783 1068 καὶ
806 1004 874 1068 ἐπεὶ
897 1009 1081 1087 παρῆλθεν,

77 1099 338 1182 ὑπεξανίσταντο
348 1101 477 1179 πάντες
492 1099 580 1190 αὐτῷ
597 1105 648 1169 καλ
666 1105 851 1181 ἐδεξιοῦντο
868 1099 912 1180 ὥς
925 1128 999 1168 τινα
1014 1109 1082 1168 τῶν

76 1199 295 1283 κρειττόνων,
314 1201 367 1265 καί
385 1197 470 1275 ὅλως
484 1208 569 1265 θεοῦ
585 1204 737 1285 ἐπιδημία
753 1198 790 1281 τό
807 1206 941 1285 πρᾶγμα
956 1191 1082 1284 ἦν”Ιων

75 1293 93 1364 ὁ
110 1293 306 1381 θαυμαστός
323 1297 516 1382 συμπαρών.
550 1305 579 1366 8.
597 1302 675 1366 δίον
691 1299 726 1365 δὲ
743 1297 806 1385 ἤδη
822 1304 1080 1366 κατακλίνεσθαι

74 1395 237 1464 ἁπάντων
252 1395 370 1482 σχεδὸν
391 1398 583 1482 παρόντων,
610 1402 646 1466 ἐν
664 1402 753 1484 δεξιᾷ
776 1398 838 1482 μὲν
858 1397 1029 1465 είσιόντων
1047 1401 1087 1464 αί.

74 1511 232 1584 γυναῖκες
248 1495 327 1564 ὅλον
342 1493 402 1564 τόν
417 1503 575 1580 κλιντῆρα
590 1501 719 1564 ἐκεῖνον
732 1499 909 1581 ἐπέλαβον,
932 1492 994 1562 οὐκ
1011 1492 1080 1562 ὀλί-

73 1621 131 1681 γαι
147 1585 262 1678 οὖσαι,
286 1597 338 1661 καὶ
356 1596 391 1660 ἐν
411 1591 558 1680 αὗταίςὴ
575 1595 692 1680 νύμφη
713 1594 810 1661 πάνυ.
825 1590 970 1678 ἀκριβῶς
986 1595 1080 1679 ἐγκε-

75 1694 287 1777 καλυμμένη,
308 1688 374 1759 ὑπὸ
394 1697 462 1757 τῶν
477 1698 649 1776 γυναικῶν
670 1694 900 1776 περιεχομένη·
934 1692 966 1767 ἐς
986 1690 1022 1759 δὲ
1041 1688 1078 1755 τό

73 1787 291 1873 άντίθυρονὴ
303 1787 386 1874 άλλη
399 1790 547 1875 πληθύς,
566 1787 609 1868 άς
621 1791 755 1865 ἕκαστος
766 1786 857 1867 α’ξίας
868 1787 939 1873 εἶχε.
961 1794 990 1854 9.
1005 1785 1075 1856 κατ’
1097 1792 1148 1846 424

74 1884 217 1968 άντικρύ
232 1889 267 1953 δὲ
285 1895 351 1953 τῶν
366 1895 537 1971 γυναικῶν
552 1895 681 1968 πρῶτος
692 1885 709 1951 ὁ
721 1884 898 1967 Εὔκριτος,
914 1883 981 1952 εἶτα
992 1882 1078 1966 Ἀρι-

74 1991 252 2062 σταίνετος.
277 1983 344 2050 εἶτα
356 1985 557 2065 ἐνεδοιάζετο
569 1986 713 2066 πότερον
724 1981 784 2068 χρη
797 1987 960 2066 πρότερον
971 1983 1080 2068 Ζηνό-

73 2095 177 2168 θεμιν
191 2081 251 2151 τόν
262 2079 416 2154 Στωϊκὸν
430 2081 487 2150 άτε
500 2089 640 2168 γέροντα
655 2078 840 2167 ἦἝρμωνα
855 2080 915 2148 τόν
928 2081 1080 2149 Ἐπικού-

74 2205 185 2261 ρειον,
208 2178 316 2261 ίερεδς
329 2178 393 2264 γάρ
407 2173 450 2266 ἦν
464 2195 535 2248 τοῖν
550 2178 692 2247 ἀνάκοιν
708 2182 761 2247 καί
778 2183 896 2263 γένους
910 2186 969 2244 τοῦ
987 2180 1082 2259 πρωέ

72 2304 135 2343 του
153 2279 190 2344 ἐν
203 2287 243 2365 τῇ
258 2278 361 2345 πόλει.
392 2275 474 2345 ἄλλά
490 2277 507 2346 ὁ
527 2279 715 2364 Ζηνόθεμις
730 2283 826 2345 ἔλυσε
842 2273 1076 2363 τήνάπορίαν·

73 2381 116 2444 El
128 2377 194 2460 γάρ
210 2402 265 2459 με,
290 2383 409 2461 φησίν,
429 2371 458 2443 Ἰά
472 2375 702 2460 Ἀρισταίνετε,
724 2378 883 2458 δεύτερον
897 2373 983 2454 ἄξεις
998 2401 1071 2441 τον-

73 2476 146 2543 τονὶ
162 2483 222 2541 τοῦ
238 2473 377 2560 άνδρός,
397 2479 454 2544 ἵνα
469 2476 573 2563 μηδὲν
590 2477 671 2543 ἄλλο
686 2473 791 2543 κακόν
806 2483 904 2555 είπω,
924 2467 1080 2557 Ἐπικονῄ

72 2577 177 2653 ρείον,
190 2573 303 2659 ἄπειμι
316 2572 396 2641 ὅλον
407 2597 459 2642 σοι
470 2573 507 2641 τό
518 2573 706 2658 συμπόσιον
715 2572 921 2639 καταλιπών·
944 2573 997 2636 καί
1009 2568 1076 2655 ἅμα

76 2665 134 2736 τόν
150 2677 250 2738 παῖδα
269 2673 377 2740 ἐκάλει
396 2674 451 2740 καὶ
467 2671 585 2753 ἐξιόντι
603 2672 706 2760 ἐφ’κει.
738 2674 791 2737 καὶ
808 2667 986 2754 ὁἝρμων,
1003 2667 1077 2754 Ἔχε
1141 2747 1144 2754 Ι

72 2769 151 2850 μέν,
169 2761 195 2833 ά
210 2770 396 2854 Ζηνόθεμι,
411 2769 451 2836 τά
467 2775 597 2853 πρῶτα,
614 2775 693 2853 ἔφη·
716 2765 799 2850 άιάρ
816 2773 846 2834 εί
858 2768 912 2834 καλ
929 2767 1032 2851 μηδέν
1047 2793 1078 2832 τι

72 2868 213 2951 ἕτερον,
230 2873 314 2950 ίερεῖ
330 2895 367 2954 γε
388 2867 460 2936 όντι
479 2867 716 2949 ὑπεξίστασθαι
731 2876 841 2946 καλαῖς
857 2866 956 2953 εἶχεν,
979 2873 1009 2935 εί
1022 2870 1078 2936 καλ

71 2970 134 3028 τοῦ
150 2960 347 3049 Ἐπικούρου
367 2965 458 3034 πάνυ
475 2967 780 3053 καταπεφρόνηκας.
811 2964 983 3051 Ἐγέλασα,
1002 2959 1024 3051 ἦ
1041 2965 1073 3032 δ’

71 3054 108 3134 δς
119 3054 138 3125 ὅ
149 3060 347 3148 Ζηνόθεμις,
360 3062 587 3155 Ἐπικούρειον
599 3067 698 3148 ίερέα,
716 3069 770 3133 καὶ
783 3063 850 3151 ἅμα
861 3069 968 3150 λέγων
979 3091 1074 3132 κατε-

71 3164 199 3225 κλίνετο
215 3163 269 3228 καὶ
284 3159 354 3246 μετ’
378 3159 482 3250 αὐτόν
498 3161 587 3247 ὅμως
603 3160 780 3248 ὁἝρμων,
801 3161 868 3230 εἶτα
884 3163 1076 3248 Κλεόδημος
1124 3197 1126 3199 ·

72 3248 89 3316 ὁ
105 3259 380 3345 Περιπατητικός,
399 3259 467 3328 εἶτα
482 3258 588 3328 δἽων
601 3263 655 3330 καὶ
670 3259 730 3328 ὑπ’
746 3266 875 3331 ἐκείνου
889 3260 906 3329 ὁ
920 3269 1074 3348 νυμφίος,

72 3347 129 3416 εἶτ’
145 3353 208 3436 ἐμά
226 3358 277 3422 καλ
295 3355 375 3439 παρ’
393 3359 449 3444 ’ἐμὲ
470 3357 487 3426 ὁ
503 3364 646 3442 Δίφιλος
663 3357 796 3427 καίοντ’
813 3358 906 3449 αὐτῷ
919 3360 1039 3448 Ζήνων
1054 3353 1072 3425 δ
