2625 4092
382 321 580 382 ΦΙΛΟΠΑ
590 323 705 380 ΤΡΙΣ.
978 319 1041 382 419

36 477 122 548 ἀλλά
139 485 194 548 καί
211 483 262 548 έπὶ
277 479 482 567 Εύχηυορος,

82 576 120 656 ός
133 575 166 659 ρ’
185 571 225 646 εὖ
240 575 335 656 είδύς
351 574 425 663 κῆρ’
444 574 547 662 ὀλοὴν
562 579 615 644 ἐπὶ
629 576 710 662 νηδς
727 583 855 664 ἔβαινε·

81 675 221 743 πολλάκι
235 676 300 761 γάρ
315 681 349 743 οί
363 682 450 741 ἔειπε
465 677 573 760 γέρων
590 669 719 758 ἀγαθὸς
732 672 908 756 Πολύϊδος,

80 773 194 861 νούσῳ
209 771 267 840 ὑπ’
284 771 429 860 ἀργαλέη
443 781 590 855 φθίσθαι
606 767 655 848 οἷς
670 774 707 838 έν
721 771 915 858 μεγάροισιν

79 867 100 956 ἦ
114 868 185 956 μετ’
199 869 338 956 Ἀχαιῶν
353 873 474 954 νηυσὶν
490 867 556 937 ὑπὸ
575 870 722 954 Τρώεσσι
739 877 892 957 δαμῆναι.

36 978 87 1038 16.
100 969 172 1054 ούχὶ
183 968 255 1053 παρ’
267 966 398 1058 Ὁμήρῳ
409 975 512 1036 ταύτα
521 973 716 1052 γέγραπται;
730 963 751 1052 ἢ
763 965 947 1054 ἀμφίβολος
956 965 1039 1054 αύτη

32 1071 91 1135 καὶ
106 1065 339 1153 ἀμφίκρημυος
353 1065 480 1151 ἀπάτης
501 1071 531 1133 εί
543 1069 579 1134 δὲ
590 1066 723 1151 βούλει,
738 1068 792 1134 καὶ
802 1072 864 1132 τού
873 1065 956 1143 Διὸς
970 1067 1039 1132 ἐπι-

34 1168 135 1250 θησω
149 1186 201 1231 σοι
217 1164 276 1232 τὸν
291 1165 401 1251 λόγον.
431 1162 503 1249 οὐχὶ
518 1171 562 1253 τῷ
579 1171 731 1254 Αἰγίσθῳ
748 1175 880 1250 είρηκεν
896 1162 939 1242 ὡς
955 1162 1039 1232 άπο-
1058 1177 1110 1232 6ολ

34 1268 185 1352 σχομένη)
194 1264 257 1348 μὲν
265 1271 322 1350 της
331 1270 475 1348 μοιχείας
484 1266 538 1329 καί
547 1269 604 1348 της
616 1262 856 1349 Ἀγαμέμνονος
867 1266 1042 1349 ἐπιβουλῆς

35 1366 94 1444 ζῆν
110 1367 330 1446 καθείμαρται
344 1360 452 1428 πολύν
465 1361 604 1447 χρόνον,
630 1363 876 1448 ἐπιβαλλομένην
891 1363 926 1428 δὲ
937 1369 1040 1428 ταντα

34 1461 192 1540 πράττειν
204 1455 246 1524 ού
256 1470 477 1542 καθυστερεῖν
485 1456 655 1539 θαυάτους
671 1466 769 1526 τουτο
779 1456 870 1544 κάγύ
882 1459 1040 1536 πολλάκις

34 1553 1039 1643 προύμαντενσάμην,ε’ἀνκτάυηςτδνπλησίον,θανατοιθη’ση

34 1651 126 1735 παρά
143 1659 199 1738 τῆς
211 1657 317 1738 δίκης,
335 1660 364 1720 εί
374 1659 412 1720 δέ
420 1680 458 1740 γε
472 1651 516 1740 μὴ
531 1661 629 1720 τούτο
644 1655 784 1740 πράξῃς,
801 1655 908 1742 βιιόση
920 1662 1038 1738 καλῶς,

189 1749 270 1818 ούδέ
281 1755 321 1819 κε’
333 1749 364 1818 σ’
383 1744 453 1819 ύκα
467 1755 558 1829 τέλος
572 1753 735 1820 θανάτοιο
751 1758 862 1838 κιχείη.

35 1848 96 1934 οὐχ
108 1848 189 1938 ὁρᾷς
201 1850 244 1930 ὡς
255 1850 446 1935 ἀδιόρθωτα
457 1851 497 1919 τά
508 1860 575 1920 τῶν
585 1858 733 1939 ποιητῶν
743 1855 797 1920 καὶ
808 1850 972 1938 άμφίλοξα
985 1854 1040 1920 καὶ

34 1953 172 2034 μηδέπω
189 1949 415 2036 ηδραιωμένα;
438 1949 521 2018 ὥστε
538 1957 638 2018 ἔασον
655 1949 802 2034 ἅπαντα,
822 1948 865 2028 ὡς
881 1952 936 2019 καὶ
948 1951 984 2019 σέ
1002 1953 1039 2018 έν

33 2063 105 2127 ταῖς
120 2050 329 2132 ἐπουρανίοις
346 2057 473 2137 βίβλοις
487 2057 555 2117 τῶν
570 2049 710 2137 ἀγαθῶν
727 2047 997 2134 ἀπογράφονται.

122 2151 170 2216 17.
187 2155 266 2217 KPI
267 2156 300 2215 T.
318 2143 370 2216 Εύ
381 2150 490 2216 πάντα
503 2146 710 2230 άνακυκλεῑς,
726 2139 753 2214 εδ
766 2153 934 2232 Τριεφώυ·
954 2145 1037 2216 ἀλλά

32 2273 89 2332 μοι
116 2247 191 2312 τόδε
214 2251 300 2331 εἰπέ,
327 2254 357 2316 εί
379 2249 433 2316 καὶ
455 2246 494 2315 τά
520 2253 587 2314 τῶν
609 2253 762 2314 Σκυθῶν
780 2249 816 2312 ἐν
836 2253 881 2336 τῷ
902 2245 1037 2334 οὐρανῷ
1055 2257 1107 2314 60ss

32 2346 289 2430 έγχαράττουσις

125 2450 263 2511 ΤΡΙΕΦ.
279 2443 413 2528 Πάντα,
428 2450 459 2512 εί
471 2446 551 2533 τύχη
568 2471 606 2530 γε
620 2443 760 2531 χρηστός
771 2448 826 2515 καὶ
840 2451 877 2515 έν
892 2453 1015 2514 ἔθνεσι.

118 2547 197 2608 KPI
198 2548 233 2607 T.
255 2543 408 2620 Πολλούς
421 2568 457 2627 γε
471 2548 619 2628 γραφέας
634 2541 699 2629 φης
714 2546 750 2610 ἐν
763 2551 809 2632 τῷ
822 2542 971 2634 οὐρανῷ,
994 2543 1038 2624 ὡς

32 2638 164 2706 άπαντα
180 2637 446 2726 ἀπογράφεσθαι.

121 2745 261 2806 ΤΡΙΕΦ.
284 2737 449 2824 Εύστόμει
469 2742 522 2806 καὶ
545 2739 648 2825 μηδὲν
671 2750 763 2828 εἴπης
783 2747 936 2826 φλαῦρον
953 2749 1038 2808 θεοῦ

32 2841 161 2917 δεξιοῦ,
174 2835 257 2905 ἀλλά
271 2838 515 2923 κατηχούμενος
526 2847 649 2907 πείθου
660 2839 739 2923 παρ’
756 2843 853 2924 ἐμοῦ,
873 2850 964 2922 είπερ
979 2845 1037 2924 ζῇν

32 2937 160 3021 χρῄζεις
176 2940 221 3012 είς
236 2934 296 3003 τόν
315 2940 429 3002 αίοίνα.
459 2942 489 3002 εί
504 2932 653 3020 ούρανόν
668 2934 711 3014 ύς
728 2938 842 3020 δέρριν
859 2936 1035 3022 ἐξηπλοοσε,

32 3042 94 3118 γῆν
109 3033 146 3099 δέ
157 3030 214 3116 ἐφ’
228 3033 349 3110 ύδατος
361 3038 496 3119 ἔπηξεν,
511 3032 649 3117 ἀστέρας
666 3035 877 3119 ἐμόρφωσεν,
898 3034 1036 3119 ἀνθρω-

32 3157 97 3197 πον
111 3134 148 3199 ἐκ
163 3130 207 3216 μὴ
219 3131 315 3210 ὄντος
329 3133 511 3218 παρήγαγε,
527 3141 561 3201 τί
568 3134 759 3214 παράδοξον
770 3136 824 3200 καὶ
835 3131 893 3212 τάς
902 3134 1035 3216 πράξεις

32 3231 169 3297 πάντων
189 3229 502 3314 ἐναπογράφεσθαι;
529 3228 670 3315 καὶγὰρ
696 3235 747 3297 σοὶ
771 3237 909 3299 οἰκίδιον
933 3260 1034 3301 κατα·

32 3328 246 3405 σκευάσαντι,
270 3331 430 3404 οίιιέτιδας
453 3329 488 3394 δὲ
503 3331 558 3396 καί
578 3330 705 3404 οἰκέτας
723 3333 757 3394 ἑν
780 3328 869 3418 αύτῷ
886 3353 1035 3416 συναγα-

32 3450 143 3509 γοντι,
165 3423 326 3493 οὐδέποτέ
339 3445 376 3492 σε
397 3430 530 3493 διέλαθε
550 3425 680 3492 τούτων
697 3431 812 3510 πρᾶξις
832 3426 1033 3515 ἀπόβλητος·

32 3519 122 3609 πόσῳ
134 3529 263 3608 μᾶλλον
276 3530 335 3589 τόν
346 3523 453 3590 πάντα
470 3525 673 3606 πεποιηκότα
685 3523 770 3592 θεὸν
782 3522 841 3611 ούχ
856 3525 987 3592 ἀπαντα
998 3527 1034 3591 έν

829 3613 896 3674 ⁴27*
