2625 4092
268 299 397 358 ΠΡΟΣ
417 298 514 356 ΤΟΝ
534 297 880 356 ΑΠΑΙΔΕΤΤΟΝ.
1015 293 1077 357 145

67 459 170 550 αὐτῷ.
205 466 254 527 10.
272 457 395 546 μικρὸν
418 460 454 524 δὲ
473 456 618 543 ἐπισχών
637 455 710 542 μετ’
733 453 837 522 αὐτόν
853 455 1006 542 Εὔμηλός
1029 481 1077 534 τις

64 555 192 636 Ἠλεῖος
205 561 384 643 ἐσέρχεται,
403 555 552 640 κιθάραν
567 558 628 642 μὲν
642 553 790 622 παλαιάν
806 560 906 640 ἔχων,
922 558 1077 635 ξυλίνους

67 655 105 724 δέ
124 656 289 734 κόλλοπας
303 659 528 741 ἐπικειμένην,
553 653 728 740 ἐσθῆταδδ
749 653 845 739 μόγις
860 654 925 720 σύν
938 679 983 741 ιφ
1003 673 1077 718 στε-

68 754 169 846 φάνφ
186 756 265 822 δέκα
280 759 437 839 δραχμῶν
458 751 570 832 ἀξίαν
601 749 676 819 ἀλλ’
695 743 793 828 οὗτός
809 778 847 836 γε
861 751 944 840 άσας
964 754 1077 829 δεξιῶς

67 855 125 920 καὶ
135 858 311 933 κιθαρίσας
320 850 403 920 κατὰ
413 848 473 917 τόν
482 851 589 936 νόμον
599 857 656 934 τῆς
666 853 781 934 τέχνης
792 851 921 934 ἐκράτει
933 851 986 915 καὶ
998 844 1077 914 άνε-

67 952 248 1037 κηρόπτετο
258 953 311 1019 καλ
320 976 382 1017 του
367 947 586 1034 Εὐαγγέλου
596 950 753 1032 κατεγέλα
765 945 873 1034 μάτην
884 943 1076 1032 ἐμπομπεύ-

66 1072 189 1128 σαντος
203 1077 243 1138 τη
228 1051 379 1139 κιθάρᾳ
391 1049 446 1116 καλ
456 1061 527 1125 ταῖς
538 1062 720 1132 σφραγῖσιν
732 1049 800 1113 ἐκεί
786 1054 888 1127 ίναις,
904 1048 959 1113 καλ
971 1049 1076 1112 εἰπεῖν

65 1176 105 1235 γε
125 1151 254 1233 λέγεται
274 1145 358 1231 πρός
377 1147 498 1215 αὐτόν·
528 1141 568 1214 Ὠ
586 1145 774 1233 Εὐάγγελε,
799 1144 843 1215 σύ
864 1147 925 1233 μέν
948 1153 1076 1231 χρυσῆν

65 1248 205 1333 δάφνην
224 1254 423 1330 περίκεισαι,
448 1256 602 1324 πλουτεῖς
619 1248 701 1331 γάρ,
724 1243 788 1332 ἐγώ
804 1246 839 1312 δέ
862 1243 879 1311 ὁ
897 1247 997 1330 πένης
1015 1241 1076 1329 τῆν

64 1345 259 1431 Δελφικήν·
281 1343 369 1432 πλὴν
381 1345 482 1412 τοῦτό
496 1370 534 1431 γε
549 1345 657 1429 μόνον
673 1343 783 1430 ὤνησο
798 1351 856 1429 τῆς
870 1349 1007 1427 σκευῆς,
1024 1339 1075 1407 ὅτι

64 1443 150 1529 μηδὲ
171 1444 367 1528 ἐλεούμενος
383 1444 435 1511 ἐπὶ
450 1450 490 1532 τῆ
504 1441 584 1532 ῆττη
605 1444 745 1531 άπέρχη,
771 1441 854 1510 ἀλλὰ
872 1440 1074 1528 μισούμενος

64 1543 203 1625 προσέτι
219 1538 273 1608 διά
295 1538 357 1626 τῆν
372 1540 511 1626 άτεχνόν
526 1562 589 1608 σου
609 1544 734 1627 ταύτην
749 1543 803 1608 καὶ
819 1538 976 1626 περιττὴν
993 1567 1075 1623 τρν-

64 1639 154 1726 φήν·
176 1639 251 1720 περὶ
265 1636 353 1705 πόδα
367 1639 408 1724 δή
420 1660 473 1706 σοι
489 1641 543 1706 καὶ
559 1636 751 1725 Εὐάγγελος
765 1631 879 1721 οὗτος,
894 1634 974 1721 παρ’
991 1636 1074 1704 ὅσον

64 1743 169 1822 σοίγε
180 1733 253 1802 οὐδ’
264 1733 379 1822 ὀλίγον
387 1741 477 1821 μέλει
486 1745 546 1803 τοῦ
557 1740 699 1822 γέλωτος
710 1746 778 1804 τῶν
787 1745 930 1804 θεατῶν.
949 1742 997 1804 ll.
1012 1733 1074 1803 οὐκ

63 1833 209 1916 ἄκαιρον
225 1831 255 1898 δ’
268 1829 311 1899 δυ
326 1836 455 1918 γένοιτο
468 1839 521 1901 καὶ
532 1840 678 1921 Λέσβιον
692 1837 808 1920 μῦθόν
824 1862 898 1903 τινα
911 1835 1073 1921 διηγησα-

64 1940 153 2001 σθαί
165 1952 217 1999 σοι
233 1932 335 2000 πάλαι
349 1931 541 2020 γενόμενον.
570 1932 626 2001 ὅτε
639 1931 700 2000 τδν
714 1932 835 2020 Ὀρφέα
852 1935 1073 2001 διεσπάσαντο

62 2037 102 2100 αί
110 2038 272 2121 Θρᾷτται,
288 2034 369 2117 φασὶ
380 2029 441 2117 τῆν
452 2031 602 2118 κεφαλῆν
613 2032 718 2101 αὐτοῦ
731 2031 797 2100 σύν
808 2041 846 2122 τῆ
858 2033 944 2120 λύρηι
957 2037 1002 2110 είς
1013 2028 1073 2098 τόν

64 2129 192 2216 Ἕβρον
210 2132 420 2215 ἐμπεσοῦσαν
439 2132 644 2215 ἐκβληθῆναι
660 2137 706 2210 είς
720 2130 779 2198 τόν
795 2136 921 2218 μέλανα
936 2130 1073 2205 κόλπον,

63 2230 119 2294 καλ
137 2229 287 2295 ἐπιπλεῖν
301 2254 339 2312 γε
356 2227 418 2313 τῆν
433 2226 584 2314 κεφαλὴν
598 2237 638 2318 τῆ
654 2231 755 2319 λύρᾳ,
773 2229 834 2316 τῆν
847 2229 908 2315 μέν
923 2227 1074 2318 ᾅδουσαν

62 2325 201 2413 θρῆνόν
215 2354 289 2394 τινα
305 2329 356 2395 ἐπί
371 2334 417 2416 τῷ
429 2325 551 2412 Ὀρφεῖ,
569 2324 613 2406 ὥς
630 2330 739 2414 λόγος,
757 2327 818 2415 τῆν
833 2330 941 2411 λύραν
959 2330 994 2395 δὲ
1012 2325 1074 2393 αὐ-

61 2424 128 2510 τὴν
142 2423 281 2511 ὑπηχεῖν
292 2434 360 2493 τῶν
375 2425 508 2512 άνέμων
522 2426 754 2512 ἐμπιπτόντων
768 2441 837 2505 ταῖς
852 2431 1000 2512 χορδαῖς,
1018 2429 1072 2493 καὶ
1096 2444 1143 2495 110

62 2525 157 2594 οὕτω
168 2524 234 2611 μετ’
247 2524 333 2617 ᾠδῆς
345 2534 611 2613 προσενεχθῆναι
622 2533 661 2612 τῆ
672 2530 797 2616 Λέσβῳ,
808 2523 983 2603 κάκείνους
994 2523 1073 2592 όνε-

61 2631 228 2713 λομένονς
248 2625 310 2712 τῆν
330 2628 392 2714 μέν
409 2624 558 2745 κεφαλὴν
575 2623 783 2702 καταθάψαι.
810 2627 931 2707 ἵναπερ
954 2632 1019 2689 νῦν
1035 2620 1071 2689 τδ

60 2734 227 2809 Βακχεῖον
247 2721 358 2802 αὐτοῖς
378 2728 445 2792 ἐστι
455 2722 550 2810 ,τῆν
573 2724 681 2804 λόραν
703 2722 739 2787 δέ
761 2718 974 2788 άναθεῖναι’
958 2747 991 2798 ες
1011 2727 1073 2787 τοῦ

58 2821 270 2942 Ἀπόλλφνος
285 2822 322 2890 τδ
346 2823 438 2907 ίερόν
458 2827 513 2892 καὶ
533 2823 585 2889 ἐπὶ
607 2819 694 2887 πολύ
715 2846 752 2904 γε
771 2819 935 2899 σώζεσθαι
955 2816 1070 2905 αὐτην.

62 2929 115 2989 12.
136 2922 246 3040 χρόνῳ
264 2921 342 2990 δε”
318 2943 461 3006 υστερον
483 2925 643 2990 Νέανθον
664 2915 724 2985 τόν
745 2942 805 2984 του
794 2923 989 2984 Πιττακοῦ
1012 2926 1074 2984 τοῦ

60 3017 238 3103 τυράννου
249 3029 352 3087 ταῦτα
366 3020 500 3103 ὑπὲρ
463 3048 519 3107 της
530 3020 634 3101 λύρας
645 3016 919 3103 πυνθανόμενον,
938 3014 982 3095 ὡς
996 3016 1074 3102 ἐκή-

61 3130 113 3187 λει
129 3118 191 3205 μέν
206 3121 260 3187 καλ
277 3128 380 3205 θηρία
396 3124 449 3187 καὶ
465 3118 554 3205 φυτά
571 3120 625 3184 καὶ
641 3124 778 3199 λίθους,
795 3115 951 3204 ἐμελῴδει
969 3117 1004 3183 δέ
1019 3117 1073 3183 καλ

60 3216 145 3305 μετά
166 3215 228 3302 τῆν
240 3215 385 3302 Ὀρφέως
400 3217 581 3303 συμφοράν
597 3214 740 3301 μηδενός
761 3213 965 3302 ἁπτομένου,
990 3211 1072 3299 πρός

60 3325 171 3398 έρωτα
183 3324 243 3383 τοῦ
255 3317 417 3402 κτήματος
429 3319 582 3402 ἐμπεσεῖν
593 3318 644 3382 καὶ
660 3319 903 3399 διαφθείραντα
914 3312 974 3381 τόν
984 3317 1073 3396 ίερέα

59 3417 220 3503 μεγάλοις
231 3416 376 3536 χρήμασι
387 3431 495 3484 πεῖσαι
512 3413 715 3481 ὑποθέντα
699 3416 813 3494 ετέραν
828 3411 948 3497 ὁμοίαν
966 3412 1072 3495 λύραν

60 3521 185 3583 δουναι
198 3539 365 3663 αυτοχΗτην
380 3540 440 3581 του
426 3512 612 3598 Ὀρφέως
637 3511 834 3599 λαβόνταδὲ
849 3508 1073 3660 μεῖῖθῆμέραν

148 3625 244 3664 menn
