2625 4092
155 303 223 344 svm
580 286 817 341 PRAEFATIO.

225 429 310 492 cyneo.
329 445 351 478 c.
372 429 385 477 1
405 423 596 493 γυμνοδερκῇ]
616 439 723 506 γυμηος
742 418 810 493 ἔργη
828 425 963 505 Burmeist3
980 441 1008 491 p.
1025 424 1069 504 βο.
1088 426 1172 490 magis
1190 424 1244 490 pla

154 506 195 549 cst
221 497 292 561 quod
315 497 427 551 Lobeck.
466 513 494 546 rc
516 497 582 545 osuit
603 509 710 561 γυμνος
733 491 807 560 θέρη
849 494 909 545 ibid.
931 490 1120 559 ευναζομενος
1142 502 1245 544 auctora

153 567 254 618 Halmio
271 567 332 617 dedi
346 581 392 631 pro
409 512 668 629 καίειίναζόμενος.
689 565 766 615 01αι1.
784 557 833 613 καὶ
853 554 954 630 εὖνοίζη
969 555 1058 627 μόνος
1075 563 1245 614 ilritzschium

154 625 908 771 2211310·0022.λᾶ1110ίὲ12.]
927 651 949 684 ι
966 621 1246 753 &telmessi

154 755 320 842 αὐταρκεῖν]
343 742 470 840 αὐτάρκη
492 775 529 826 id.
572 773 632 826 ibid.
655 719 853 839 παραγίνείίιι]
876 717 1079 837 παρμαγίγνεται
1101 737 1155 825 λδ..
1180 787 1204 820 c.
1227 769 1246 820 9

155 840 273 961 alveto?
290 841 416 908 γίγνεται
434 845 470 895 id.
498 858 520 893 c.
537 843 572 895 10
589 834 742 907 πράγματα
756 844 831 893 eiecit
849 843 883 894 id.
900 850 1004 892 auctore
1021 842 1145 891 Iacohsio.
1175 854 1198 890 ο.
1209 839 1243 891 11

153 905 248 964 ΜάΔ
261 927 279 962 α
297 927 355 963 cum
373 914 431 965 eod.
455 913 548 978 scripsi
571 913 603 962 de
625 901 1006 977 Solauiconi.proNr*1Ac'o
1039 926 1061 960 α
1081 909 1115 962 13
1132 896 1170 960 ἂν
1185 917 1246 960 aule
1306 924 1308 927 ·

154 975 304 1048 ὁρμήσειεν
324 983 356 1033 dc
374 997 430 1033 meo
448 982 545 1033 addidi.
583 997 605 1030 o.
625 981 658 1032 16
677 971 709 1030 δὲ
729 971 856 1047 ἀγαθοῦ]
873 970 902 1029 δ’
919 970 1036 1045 ἀγαθοῦ
1049 979 1128 1035 Diod.
1165 994 1189 1030 c.
1212 979 1245 1030 17

154 1044 239 1119 χρόᾳ]
250 1048 340 1134 ’χροιᾷ
354 1051 391 1102 id.
425 1051 488 1103 ibid.
505 1043 578 1118 δῴη]
597 1046 663 1115 δοίη
683 1049 718 1100 id.
754 1050 816 1101 ibid.
831 1041 1000 1115 γινομένων]
1017 1041 1192 1115 γιγνομένων
1208 1047 1246 1100 id.

154 1140 175 1172 c.
189 1122 221 1172 18
239 1116 368 1184 αξιουτε,
392 1117 503 1186 κακῶς]
530 1110 659 1181 ἀξιοῦτε,
685 1117 776 1176 καλῶς
799 1116 919 1185 βουλε.
942 1110 1069 1182 ἀξιοῦτε,
1094 1107 1135 1176 οἷς
1150 1113 1246 1174 κακοῖς

154 1189 233 1257 βουλ.
250 1190 334 1241 Halm.
351 1189 478 1256 Hirsohig.
499 1205 525 1254 p.
541 1189 587 1240 66:
608 1179 737 1251 ἀξιοῦτε,
756 1179 852 1245 ἄλλοις
871 1176 1052 1252 ἐπιτιμῶντες
1067 1183 1160 1244 καλοῖς
1196 1199 1246 1236 οσ-

153 1254 316 1324 λευομένοις
333 1249 468 1316 πολλάκις
484 1253 549 1321 περί
565 1243 605 1306 ὦν
621 1249 777 1322 πράττουσι
790 1248 874 1306 αὐτοὶ
892 1245 949 1306 κτὲ.
978 1274 1001 1311 c.
1012 1256 1046 1308 10
1061 1256 1150 1307 καλου
1185 1271 1246 1305 νων

154 1320 346 1395 εὖδαιμόνων]
364 1330 400 1378 ita
418 1328 451 1378 de
462 1328 600 1378 Weisteuii
611 1329 680 1378 coni.
694 1343 741 1392 pro
755 1318 938 1391 καλουμένων
956 1317 1133 1392 ἀνθρώπων.
1150 1325 1245 1376 Diod:

154 1389 334 1462 εὐδαιμόνων
350 1391 533 1462 καλουμένων
552 1387 720 1461 ἀνθρώπων
747 1413 770 1446 c.
786 1397 821 1447 20
835 1385 919 1445 αὐτοὶ
934 1396 1011 1447 Diud.
1027 1397 1101 1446 uncis
1117 1395 1246 1446 liberauit.

225 1467 356 1518 Soloecisi.
371 1483 392 1517 c.
407 1466 422 1516 1
440 1458 562 1530 λέγωμεν
578 1475 682 1517 auctore
696 1465 795 1516 Halmio
812 1466 872 1516 dedi
887 1479 934 1530 pro
948 1457 1063 1531 λέγομεν
1092 1480 1114 1515 c
1129 1467 1146 1516 2
1160 1478 1214 1514 κατ
1234 1489 1247 1501 -

155 1534 276 1658 αλλ
291 1524 952 1672 “mammillamsalmasii
1070 1521 1235 1672 aime
1306 1566 1308 1573 ¹

155 1693 214 1726 oum
238 1677 295 1727 eod.
317 1684 419 1726 auclore
437 1673 549 1725 Gesuem
571 1675 660 1725 addidi
681 1687 711 1724 σε
745 1675 806 1725 ibid.
828 1665 908 1734 δόξει
927 1668 1017 1738 λέγειν
1034 1689 1091 1723 cum
1114 1673 1206 1724 τοδε
1236 1712 1243 1725 .
1306 1686 1308 1699 ·

154 1761 201 1813 pro
220 1738 330 1806 δόξειεν
348 1737 439 1809 λέγειν
470 1760 491 1794 c.
508 1745 539 1794 11
558 1735 731 1805 καθέζεσθαι
742 1743 785 1792 hic
803 1752 828 1794 et
844 1743 911 1793 inira
928 1752 952 1793 et
970 1735 1247 1808 aeclesiasticorum
1306 1768 1308 1775 ·

154 1815 292 1866 Fritzsclrio
306 1815 339 1864 ad
353 1812 482 1877 Aristoph.
494 1827 549 1865 rau.
566 1827 593 1879 p.
603 1812 654 1865 303
668 1813 786 1864 revocavi
801 1827 848 1878 pro
863 1808 1035 1872 καθίζεσθαι
1051 1823 1076 1862 et
1090 1809 1246 1876 καθίζομαι

155 1885 215 1938 idid.
228 1875 259 1934 τὰ
270 1876 455 1949 καθέζεσθαι]
465 1882 514 1931 hcc
528 1882 586 1931 loco
601 1882 669 1931 idem
687 1883 726 1931 vir
740 1882 830 1932 doctos
840 1880 969 1932 excidisse
981 1891 1054 1947 putat
1067 1881 1145 1932 haec:
1162 1876 1213 1930 καὶ
1222 1876 1249 1930 εί

155 1945 187 2003 τὰ
200 1945 251 2018 μὲν
267 1945 440 2011 καθέζεσθαι
456 1948 521 2000 ίσον
534 1941 592 2000 ἐστὶ
601 1948 641 2017 τῷ
649 1949 811 2016 καθῆσθαι,
828 1946 938 2010 καθίζει
949 1943 982 2000 δέ
993 1942 1009 2000 ὁ
1020 1940 1115 2008 ἕστως.
1134 1967 1158 2000 c.
1171 1951 1205 2001 12
1214 1940 1247 1999 vd

157 2033 214 2073 autc
225 2014 255 2071 d'
267 2011 358 2089 ἑαυτῷ
368 2037 426 2071 cum
436 2020 514 2071 Dind.
524 2021 636 2081 inserui,
653 2021 866 2084 quemadmodum
877 2021 927 2070 iam
941 2020 1021 2071 voluit
1029 2020 1246 2070 Hemsterhusius.

224 2092 370 2155 Ρίιίίογιιιιν.
391 2107 414 2142 o.
429 2091 443 2140 1
461 2077 492 2138 έκ
505 2085 557 2155 τῆς
575 2082 681 2157 χειρὸς]
697 2080 727 2139 έκ
742 2099 844 2140 auclore
859 2089 957 2155 Guyeto
976 2090 1074 2141 addidi.
1100 2090 1162 2142 ibid
1174 2080 1248 2141 κατὰ

156 2157 291 2226 κρημνῶν
305 2168 406 2211 auctore
417 2159 516 2210 Halmio
533 2160 626 2224 scripsi
644 2176 691 2225 pro
707 2151 778 2208 κατὰ
797 2153 927 2224 κρημνὸν
961 2149 1096 2226 ibid-cdv]
1106 2155 1159 2209 τᾶν
1170 2158 1247 2208 Diud.

158 2249 181 2286 c.
196 2233 212 2280 2
229 2220 417 2298 ὑποβλέπειν,
431 2229 651 2349 ἓοοωαδωοδυιῃ
665 2228 745 2280 voluit
759 2228 948 2294 Wylteubach„
967 2230 1058 2294 scripsi
1073 2244 1121 2293 pro
1140 2217 1248 2296 ἐπιβλέ-
1306 2237 1308 2278 l

157 2313 222 2350 πειν
255 2299 316 2350 ibid.
335 2291 415 2348 τότε
452 2311 492 2346 νω
511 2307 614 2348 auctore
629 2300 727 2348 Halmio
743 2315 790 2364 pro
807 2288 839 2347 τὸ
859 2286 920 2348 ἄνω
933 2310 964 2347 τε
998 2316 1021 2348 c.
1037 2298 1055 2351 3
1069 2293 1177 2366 Βαβαῖ]
1194 2296 1249 2347 Ba·

156 2365 205 2437 βαλ
222 2369 300 2420 Diud.
340 2368 402 2418 ibid.
425 2358 602 2447 οἰχήσονται]
621 2361 818 2434 διοιγήσονται
835 2367 918 2421 Halm.
937 2368 1028 2417 melius
1046 2367 1112 2418 mihi
1133 2382 1194 2418 esso
1212 2369 1248 2417 vi·

157 2441 242 2497 detur,
261 2439 284 2488 si
299 2428 326 2495 ἐς
341 2446 400 2522 post
416 2429 535 2494 discedes
551 2438 667 2487 addatur.
702 2438 764 2490 ibid.
779 2425 813 2495 ὅς
830 2451 861 2501 γε
878 2427 963 2503 κατὰ]
985 2438 1022 2487 ita
1039 2437 1137 2487 monitu
1155 2436 1249 2487 Halmii

157 2509 249 2572 scripsi
267 2523 313 2572 pro
330 2522 368 2564 ως
386 2505 438 2558 καί
442 2544 450 2571 ,
469 2497 542 2556 κατὰ
577 2496 739 2556 cainam
755 2522 813 2556 cum
826 2506 904 2558 Dind.
921 2521 971 2556 rec.
987 2521 1035 2571 pro
1049 2495 1159 2562 ἐκεῖνος
1191 2505 1249 2558 αθ

103 2635 105 2642 Δ
157 2573 281 2643 κρατῶν]
296 2573 460 2641 κραδαίνων
474 2575 558 2630 Halm.
585 2576 646 2628 ibid.
661 2568 777 2626 ἔκλαυσε
789 2591 847 2626 oum
861 2575 937 2626 Dind.
951 2590 1004 2625 rec.
1017 2590 1065 2641 pro
1076 2568 1174 2624 ἔκλυσε
1199 2573 1250 2627 cll

157 2635 545 2781 dimiserim
560 2661 606 2763 α
619 2635 774 2765 leima
795 2645 882 2764 :ul
903 2633 1251 2781 λλιοαλίγνε

159 2756 232 2835 odos
244 2753 292 2836 id..
313 2801 335 2835 c.
351 2784 385 2837 16
398 2774 467 2836 οὐδέ
479 2777 512 2835 κέ
524 2774 565 2850 τ’]
584 2775 616 2833 κέ
629 2799 687 2833 cum
702 2730 761 2834 ogd.
781 2751 872 2834 addidi.
881 2728 1021 2864 praeeuurye
1035 2727 1251 2834 Quemfflg

158 2843 285 2918 ἑτεροῖόν
310 2855 343 2904 dc
359 2853 450 2922 Guyeti
471 2855 538 2904 coni.
561 2867 619 2903 oum
639 2853 697 2903 eod.
717 2868 764 2919 pro
781 2841 906 2917 ἕτερεῐον
940 2869 963 2904 c.
982 2852 1017 2903 20
1035 2841 1251 2919 ίλλειπασμοδς]

158 2913 334 2986 λοιπαομούς
350 2922 386 2972 id.
423 2939 445 2974 c.
463 2924 497 2973 22
513 2918 733 2989 κατεγίνωσκον]
753 2918 977 2988 κατεγίγνωσκον
993 2922 1029 2973 id.
1066 2921 1128 2974 idid.
1151 2920 1252 2987 Τελμι-

159 2983 209 3041 οέα
227 3006 286 3041 cum
303 2991 360 3044 eod.
377 2993 494 3041 revocavi
512 3006 560 3056 pro
578 2983 732 3053 Τελμισσέα
766 3051 768 3056 p

229 3060 370 3111 Charidem.
390 3077 411 3115 c.
426 3060 441 3110 1
454 3057 586 3125 γίνεσθαι
615 3055 765 3123 γίγνεσθαι
780 3061 817 3116 ld.
847 3059 908 3115 sold
922 3046 967 3110 ὅτι
983 3050 1019 3125 δὴ
1036 3061 1095 3119 eod.
1111 3069 1253 3125 praesume

159 3143 207 3193 pro
222 3117 269 3179 ὅτι
283 3120 316 3179 δὲ
353 3146 377 3180 c.
398 3131 415 3180 2
433 3121 585 3194 γινομένου
620 3121 789 3194 γιγνομένου
803 3131 840 3181 id.
877 3146 901 3184 c.
921 3129 937 3182 3
954 3127 1094 3178 καταθεῖο
1114 3144 1173 3178 cum
1194 3129 1252 3178 eod,

160 3201 245 3264 recepi
265 3199 297 3249 dc
318 3198 448 3249 Frimsohii
468 3199 567 3249 emend.
588 3212 635 3262 pro
657 3197 800 3250 καταθοῖο
844 3214 867 3249 c.
887 3200 904 3250 5
928 3188 1047 3264 ἐγίνετο]
1072 3187 1200 3263 ἐγίγνετο
1219 3194 1253 3245 id.

161 3282 183 3318 e.
198 3267 214 3318 6
230 3255 304 3336 ἢτῷ
322 3258 426 3332 πάντα]
440 3263 481 3316 soi
498 3281 555 3316 cum
571 3268 629 3317 eod.
646 3267 678 3317 dc
694 3266 799 3320 Gesneri
814 3270 884 3320 ocni.
898 3269 1004 3324 inserui.
1038 3268 1099 3319 ibid.
1116 3257 1254 3327 ἀνδρείας

161 3346 299 3400 praeeunte
314 3336 371 3386 eod,
390 3351 437 3400 pro
455 3315 585 3401 dedoleo.
602 3337 637 3386 ita
657 3345 682 3386 ct
699 3352 722 3386 c.
743 3339 784 3388 12.
824 3355 849 3388 c.
865 3340 881 3390 7
903 3329 1066 3418 γινόμενος]
1083 3328 1252 3403 γιγνόμενος

161 3405 197 3456 id.
226 3421 248 3454 o.
265 3406 282 3458 8
297 3397 445 3456 θάλατταν
458 3413 595 3472 praeeunte
610 3406 727 3471 eodpro
742 3399 893 3458 θάλασσαν
924 3425 948 3458 c.
964 3408 997 3460 10
1012 3395 1093 3472 ἕτερα
1109 3399 1255 3475 ἀμφισβη-

161 3475 208 3524 τεῖ
223 3463 315 3543 ἑτέρα]
333 3475 369 3524 ita
390 3491 448 3526 cum
464 3474 521 3525 cod.
542 3476 574 3526 de
592 3490 648 3525 mea
667 3477 734 3526 coni.
755 3477 816 3527 dedi
834 3491 881 3542 pro
900 3466 973 3543 ἕτερ’
992 3467 1177 3545 ἀμφισβητεῖ.
1197 3475 1254 3527 llnl-

162 3544 234 3594 mlus
248 3523 329 3612 ἑτέρᾳ
346 3534 522 3613 ἀμφισβητεῖ
553 3561 576 3595 o.
598 3544 629 3596 13
648 3543 735 3594 πλείω
752 3532 789 3596 ἂν
807 3562 865 3596 cum
884 3548 941 3602 eod.
958 3547 1022 3598 duce
1038 3547 1188 3599 Lehmauuo
1208 3559 1255 3611 pro
1306 3588 1308 3593 .
