2625 4092
410 269 737 346 οιΛοτικτειε.
1011 267 1075 332 ιτο

68 452 166 535 σίβην
177 451 208 514 εί
216 446 410 531 κατάξουσι,
426 445 545 532 λοιμόν
555 447 610 513 καί
623 441 722 532 λιμόν
732 449 763 515 εί
771 449 1030 535 ἐπιπίμψουσιν,
1048 451 1079 516 τί

66 543 102 612 τό
116 546 365 632 κεραυνοβόλου
375 541 510 631 ἀγγεῖον
521 543 728 630 ἀπεγεμίσθη
739 544 794 612 καλ
804 543 841 612 τὸ
853 542 1076 631 βροντοποιόν

66 649 196 730 δοχεῖον
206 640 438 730 ἀντμεστόθη;
459 647 509 711 25.
523 645 558 711 οί
565 645 600 710 δὲ
614 639 656 720 ὡς
669 640 798 709 ἅπαντα
816 643 1077 727 κατωρθωκότες

66 742 325 827 κατεφλυάρονν
347 741 386 808 τά
409 738 522 808 αὑτων
543 742 697 826 ἐράσμιοι,
726 737 770 820 ὡς
789 748 1015 826 μεταλλαγωσι
1036 738 1074 808 τά

66 842 258 927 πράγματα,
277 841 403 921 ἀταξίαι
415 841 450 908 δὲ
462 844 515 908 καὶ
527 843 664 925 ταραχαὶ
676 839 737 925 τήν
755 839 854 906 πόλιν
864 839 1076 925 καταλήψον-

65 966 136 1022 ται,
166 937 207 1007 τά
229 939 433 1024 στρατόπεδα
454 936 575 1024 ἥττονα
596 943 665 1004 των
688 939 848 1004 ἐναντίων
869 937 1074 1024 γενήσονται.

64 1045 165 1106 τοῦτο
186 1039 398 1124 ἐκταραχθεὶς
415 1037 469 1106 καί
489 1035 600 1121 ὥσπερ
618 1049 735 1121 πρῖνος
750 1035 912 1121 καόμενος
929 1038 1077 1122 οίδηθεὶς

66 1135 223 1221 διάτορον
245 1132 428 1221 ἀνεβόησα,
459 1125 499 1201 Ὦ
523 1132 685 1220 δαιμόνιοι
708 1133 858 1219 ἀνδρῶν,
884 1135 929 1220 μη
950 1134 1076 1222 μεγάλο

65 1240 142 1300 λίαν
158 1237 266 1321 λέγετε
284 1232 471 1319 ,θήγοντες
486 1230 623 1311 ὀδόντας
641 1231 716 1300 κατ’
734 1231 868 1319 ἀνδρῶν
886 1234 1077 1319 θυμολεόν-

65 1357 134 1397 των
145 1326 331 1398 πνειόντων
349 1330 433 1412 δόρυ
449 1331 507 1399 ’καί
518 1329 638 1417 λόγχας
649 1332 704 1398 καὶ
718 1331 945 1417 λευκολόφους
956 1357 1076 1417 τριφα-
1094 1341 1146 1397 614

65 1437 189 1507 λείας.“
222 1426 304 1497 ἀλλά
321 1425 422 1496 ταῦθ’
441 1426 521 1515 ὑμῖν
540 1432 593 1498 ἐπὶ
610 1427 761 1517 κεφαλὴν
779 1433 1012 1518 καταβήσεται,
1033 1425 1077 1509 ἀς

65 1524 129 1614 την
140 1531 280 1612 πατρίδα
292 1523 388 1613 ὑμῶν
396 1528 632 1614 κατατρύχετε·
650 1525 692 1596 οὐ
702 1526 766 1616 γάρ
778 1535 1076 1615 αἰθεροβατοῦυτες

67 1634 172 1692 ταῦτα
200 1623 379 1712 ήκηκόητε,
417 1623 459 1692 οὐ
484 1624 547 1713 τὴν
579 1628 811 1714 πολυάσχολον
842 1627 1077 1714 μαθηματικὴν

67 1724 321 1809 κατωρθώκατε.
343 1730 374 1790 εί
383 1726 422 1791 δέ
436 1747 475 1810 γε
485 1740 635 1811 μαντεῖαι
650 1728 706 1794 καὶ
717 1739 862 1812 γοητεῖαι
878 1723 962 1811 ὑμᾶς
973 1728 1077 1808 παρί-

67 1845 197 1909 πεισαν,
211 1827 352 1892 διπλοῦν
362 1821 399 1890 τό
410 1832 468 1910 της
480 1822 642 1911 ἀμαθίας·
656 1835 828 1913 γυναικοῖν
838 1827 903 1913 γὰρ
915 1823 1076 1913 εὑρίματα

65 1929 170 1989 ταῦτα
181 1926 341 2008 γραιδίων
358 1926 412 1990 καὶ
424 1929 576 2008 παίγνια·
599 1927 651 1993 ἐπὶ
666 1923 753 1993 πολὺ
765 1922 829 2012 γάρ
841 1923 882 1994 τά
895 1934 1031 1994 τοιαῦτα
1044 1927 1081 1993 οιί

67 2027 135 2087 των
145 2029 317 2108 γυναικῶν
328 2024 469 2089 ἐπίνοιαι
479 2024 699 2109 μετέρχονται.

152 2124 202 2187 26.
223 2125 364 2188 ΤΡΙΕΦ.
390 2126 433 2187 Τί
441 2121 477 2187 δὲ
488 2118 571 2206 πρὸς
581 2129 685 2189 ταῦτα
698 2125 843 2208 ἔφησαν,
863 2114 890 2188 ὦ
901 2123 979 2190 καλὲ
991 2127 1076 2202 Κρι-

68 2223 136 2300 τία,
149 2220 183 2285 οί
192 2221 388 2303 κεκαρμένοι
399 2217 461 2303 τὴν
471 2221 608 2305 γνοίμην
619 2222 674 2287 καὶ
686 2219 746 2307 την
759 2220 924 2302 διάνοιαν;

151 2321 233 2385 KPI
233 2323 267 2384 T.
282 2315 431 2384 “Anam
448 2326 551 2385 ταῦτα
568 2323 783 2405 παρέδραμον
800 2325 845 2397 είς
862 2323 1010 2386 ἐπίνοιαν
1023 2345 1076 2386 τε-

66 2418 290 2501 τεχνασμίνην
302 2417 603 2503 καταπεφευγότες·
627 2423 742 2503 ἔλεγον
753 2417 835 2504 γάρ,
856 2415 1077 2497 Ἡλίουςδέκα

67 2511 174 2580 ἄσιτοι
185 2517 407 2600 διαμενοῦμεν
419 2516 473 2583 καὶ
485 2518 537 2582 ἐπὶ
548 2517 740 2600 παννόχους
751 2513 919 2605 ὑμνφδίας
930 2518 1077 2601 ἐπαγρυ-

67 2619 231 2690 πνοῦντες
241 2609 481 2699 όνειρόττομεν
494 2611 689 2681 τὰτοιαῦτα.

155 2715 296 2778 ΤΡΙΕΦ.
323 2709 377 2778 Σὺ
395 2712 431 2780 δὲ
449 2719 483 2778 τί
498 2711 582 2795 πρὸς
598 2710 721 2790 αὐτοὺς
744 2722 892 2798 είρηκαςς
914 2715 998 2798 μίγα
1013 2711 1076 2798 γάρ

66 2811 196 2892 ἔφησαν
207 2812 261 2875 καὶ
274 2813 526 2896 διηπορημένον.

153 2913 268 2976 ΚΡΙΤ.
292 2908 432 2993 Θάρσει,
451 2904 514 2975 οὐκ
525 2908 675 2992 ἀγεννές·
699 2903 854 2974 ἀντεῖπον
867 2905 1075 2992 γάρτάκάλ-
1094 2911 1145 2966 615

66 3010 171 3070 λιστα.
200 3004 240 3071 τά
262 3005 326 3091 γὰρ
346 3006 436 3090 παρὰ
458 3012 526 3072 τῶν
543 3004 687 3073 ἀστικῶν
704 3004 958 3090 θρυλλοόμενα,
981 3009 1076 3091 ἔφην,

66 3105 142 3187 περὶ
153 3099 266 3188 ὑμῶν,
285 3101 411 3169 ὁπόταν
428 3100 686 3187 όνειροπολεῖτε,
706 3100 745 3168 τά
757 3102 894 3169 τοιοῦτοί
912 3126 979 3169 που
991 3127 1075 3184 παρ-

66 3201 264 3285 εισάγονται.
306 3205 340 3269 οί
366 3204 402 3268 δὲ
432 3200 572 3287 σεσηρός
598 3198 875 3284 ὑπομειδιῶντες,
897 3199 981 3279 Ἔξω
1010 3226 1077 3268 που

66 3307 287 3384 παρέρχονται
309 3305 369 3365 τοῦ
391 3302 562 3366 κλινιδίου.
596 3290 640 3383 ἦν
663 3295 693 3364 δ’
718 3298 799 3384 ἐγώ,
822 3304 865 3366 El
881 3295 991 3384 ἀληθῆ
1014 3304 1075 3364 είσι

65 3403 189 3482 ταῦτα,
212 3387 238 3463 ό
261 3400 419 3481 αίθίριοι,
442 3394 503 3464 οὐκ
526 3394 569 3462 ἀν
585 3419 665 3463 ποτε
682 3392 840 3482 ἀσφαλῶς
856 3394 895 3464 τά
914 3399 1076 3483 μέλλοντα

65 3495 290 3582 ίξιχνεόσητε,
313 3493 396 3563 ἀλλά
414 3495 693 3575 καταπεισθίντες
706 3492 766 3561 ὑπ’
787 3493 899 3562 αὐτῶν
917 3495 1076 3581 ληρήσετε
