2625 4092
222 281 286 350 194
563 288 888 365 ικουιιικιιοιη

222 451 333 532 μέχρις
349 451 383 528 ἓξ
405 457 533 535 γενεῶν
555 462 751 530 παρατεῖναι
766 449 861 535 λέγει.
892 446 1041 517 πιθανόν
1063 447 1093 516 δ’
1118 443 1164 515 ἀν
1186 456 1235 530 είη

222 542 329 628 ἀνδρα
349 555 441 623 θεοῖς
459 544 680 631 ἀνακείμενον
698 549 752 614 καὶ
773 549 994 636 καθαρωτέρᾳ
1015 552 1124 634 διαίτη
1145 547 1236 630 χριό-

223 667 327 726 μενον
345 640 405 708 τόν
426 649 599 725 Τειρεσίαν
617 644 669 712 έιιὶ
690 644 851 730 μήκιστον
873 651 1003 729 βιῶναι.
1033 650 1062 712 4.
1081 645 1137 710 καὶ
1153 646 1235 728 γένη

222 740 259 807 δέ
273 739 335 807 ὅλα
355 742 520 827 μακρόβια
536 742 705 828 ἱστόρηται
722 740 776 809 διά
792 741 854 828 τὴν
869 747 1015 826 δίαιταν,
1042 740 1154 823 ὥσπερ
1174 747 1236 808 Αί-
1303 688 1306 844 δ

221 846 372 925 γυπτίων
396 843 429 907 οἱ
447 842 648 926 καλούμενοι
675 845 967 927 ἱερογραμματεῖς,
991 837 1178 924 Ἀσσυρίων
1200 839 1236 905 δέ
1305 851 1306 856 ’

222 938 277 1005 καὶ
288 934 441 1024 Ἀράβων
452 941 487 1004 οἱ
498 940 649 1024 ἐξηγηταί
663 945 731 1004 τῶν
741 939 881 1023 μύθων,
895 937 1008 1007 Ἰνδῶν
1019 937 1054 1006 δέ
1065 942 1098 1005 οἱ
1108 938 1235 1005 καλού-

223 1062 319 1121 μενοι
333 1044 542 1122 Βραχμᾶνες,
558 1035 680 1120 ἀνδρες
694 1037 840 1123 ἀκριβῶς
856 1044 1039 1125 φιλοσοφία
1054 1037 1236 1123 σχολάζον·

222 1159 291 1219 τες,
309 1137 365 1201 καί
379 1138 413 1203 οἱ
429 1135 632 1220 καλούμενοι
646 1135 684 1201 δὲ
703 1137 821 1220 μάγοι,
841 1137 938 1220 γένος
952 1142 1051 1202 τοῦτο
1071 1131 1237 1220 μαντικὸν
1307 1177 1308 1218 ,

222 1234 277 1300 καὶ
291 1240 383 1309 θεοῖς
397 1229 616 1317 ἀνακείμενον
631 1234 721 1313 παρά
737 1259 772 1299 τε
784 1235 927 1314 Πέρσαις
941 1235 995 1300 καὶ
1006 1233 1162 1318 Πάρθοις
1181 1231 1238 1300 καὶ
1307 1225 1308 1228 “

223 1332 386 1413 Βάκτροις
396 1332 450 1398 καλ
459 1336 663 1416 Χωρασμίοις
673 1333 727 1398 καὶ
739 1329 875 1414 Ἀρείοις
884 1333 939 1399 καὶ
948 1331 1076 1409 Σάκαις
1086 1331 1142 1398 καὶ
1152 1330 1237 1414 Μή·

222 1435 294 1507 δοις
315 1430 371 1495 καὶ
390 1427 479 1512 παρά
501 1437 635 1507 πολλοῖς
655 1429 768 1506 ἀλλοις
788 1431 971 1518 βαρβάροις
995 1431 1181 1515 ἐρρωμένοι
1201 1429 1238 1494 τέ

222 1535 285 1598 είσι
304 1530 358 1596 καὶ
380 1529 597 1613 πολυχρόνιοι
619 1526 673 1594 διά
701 1525 738 1594 τὰ
756 1528 918 1614 μαγεύειν
942 1528 1154 1613 διαιτώμενοι
1179 1529 1238 1595 καὶ
1309 1557 1310 1598 ι

152 1644 204 1698 211
224 1625 319 1694 αὐτοὶ
337 1622 582 1714 ἀκριβέστερον.
615 1632 644 1693 5.
661 1624 724 1712 ἤδη
740 1627 776 1693 δέ
790 1629 846 1694 καὶ
861 1633 947 1712 ἔθνη
964 1624 1026 1694 ὅλα
1041 1623 1236 1711 μακροβιῶ-

217 1752 319 1809 τατα,
336 1723 448 1808 ῶσπερ
463 1732 578 1810 Σῆρας
593 1725 655 1811 μὲν
665 1729 836 1808 ἱστοροῦσι
850 1730 945 1810 μέχρι
958 1731 1158 1808 τριακοσίων
1175 1728 1235 1807 ζῆν

223 1827 323 1908 ἐτῶν,
339 1827 374 1892 οἱ
387 1823 448 1910 μέν
464 1830 510 1912 τῷ
525 1822 666 1908 ἀέρι,οί
678 1825 713 1891 δέ
725 1830 764 1910 τῇ
774 1831 818 1913 γη
832 1821 893 1910 τὴν
909 1829 1017 1892 αἰτίαν
1027 1828 1088 1889 τοῦ
1099 1827 1236 1905 μακροῦ
1311 1846 1312 1882 ι

222 1922 332 2008 γήρως
353 1925 605 2006 προστιθέντες,
631 1925 665 1988 οἱ
685 1921 720 1988 δέ
741 1923 795 1989 καὶ
817 1929 856 2010 τῇ
876 1926 1000 2009 διαίτη·
1032 1917 1235 2003 ὑδροποτεῖν

221 2021 287 2105 γάρ
304 2040 386 2105 φασι
398 2019 434 2086 τὸ
452 2026 552 2098 ἔθνος
565 2026 664 2087 τοῦτο
681 2020 827 2104 σύμπαν.
859 2023 913 2088 καλ
927 2019 1072 2110 Ἀθηότας
1086 2018 1123 2086 δέ
1137 2023 1234 2104 μέχρι

222 2118 400 2198 τριάκοντα
425 2121 479 2186 καὶ
501 2117 620 2186 ἑκατόν
643 2121 727 2185 ε’τῶν
747 2126 846 2205 βιοῦν
866 2118 1052 2205 ἱστόρηται,
1079 2117 1236 2195 καὶτοὺς

222 2219 411 2294 Χαλδαίους
425 2213 509 2299 ὑπὲρ
524 2214 564 2284 τά
580 2214 698 2284 ἑκατόν
707 2220 762 2302 έτη
773 2223 874 2304 βιοῦν
888 2217 1004 2303 λόγος,
1019 2214 1160 2292 τούτους
1170 2217 1234 2299 μὲν

223 2316 277 2381 καλ
288 2321 431 2403 κριθίνῳ
443 2314 531 2404 ἀρτω
542 2319 749 2401 χρωμένους,
767 2313 811 2393 ὦς
823 2313 1020 2398 ὀξυδορκίας
1030 2321 1128 2382 τοῦτο
1140 2317 1234 2400 φόρ-

221 2439 344 2500 μακον·
369 2408 417 2492 οἱς
428 2415 468 2500 γέ
477 2435 561 2499 φασι
571 2414 626 2480 διά
638 2411 701 2498 τὴν
714 2413 873 2499 τοιαύτην
888 2417 1018 2481 δίαιταν
1031 2415 1086 2480 καὶ
1099 2411 1158 2491 τάς
1169 2411 1231 2480 ἀλ-

222 2522 281 2590 λας
295 2513 467 2599 αἰσθήσεις
482 2511 566 2593 ὑπὲρ
585 2510 664 2589 τούς
685 2511 808 2590 ἀλλους
822 2510 1027 2597 ἀνθρώπους
1042 2515 1235 2599 ἐρρωμένας

222 2611 316 2681 εἶναι.
344 2620 374 2682 6.
390 2610 474 2682 ἀλλά
491 2620 595 2680 ταῦτα
610 2611 672 2699 μέν
689 2617 767 2695 περί
778 2636 813 2677 τε
827 2619 895 2679 τῶν
909 2618 1104 2697 μακροβίων
1119 2621 1233 2698 γενῶν

221 2715 276 2780 καὶ
290 2720 358 2780 τῶν
371 2716 501 2795 ἐθνῶν,
523 2709 621 2779 ἅτινά
642 2729 747 2795 φασιν
763 2711 806 2787 ὡς
822 2712 875 2778 ἐπὶ
889 2719 1044 2778 πλεῖστον
1060 2718 1231 2798 διαγίγνε-

221 2821 302 2880 σθαι
317 2813 457 2897 χρόυον,
477 2816 511 2879 οἱ
525 2813 586 2897 μέν
601 2808 656 2878 διά
672 2810 733 2895 τὴν
748 2816 812 2894 γῆν
827 2804 954 2876 καὶτὸν
968 2807 1065 2892 ἀέρα,
1081 2814 1115 2878 οἱ
1128 2815 1163 2877 δὲ
1175 2809 1232 2879 διά

220 2906 283 2995 τὴν
298 2913 445 2995 δίαιταν,
462 2914 497 2977 οἱ
511 2910 547 2976 δὲ
563 2912 619 2977 καὶ
633 2907 681 2978 δι’
696 2907 806 2994 ἀμφω.
836 2904 900 2992 έγά
919 2905 950 2974 δ’
967 2906 1011 2974 ἀν
1024 2928 1078 2976 σοι
1095 2913 1234 2983 δικαίως·

220 3007 281 3094 τὴν
301 3011 415 3076 ἐλπίδα
436 3010 558 3096 ῥᾳδίως
577 3009 778 3094 παράσχοιμι
800 3006 976 3091 ἱστορήσας
999 3004 1050 3075 ὅτι
1073 3010 1129 3076 καλ
1146 3031 1229 3078 κατα

152 3121 204 3176 ²12
221 3114 333 3173 πᾶσαν
348 3107 409 3193 τὴν
423 3112 488 3192 γῆν
503 3109 558 3174 καὶ
572 3104 655 3174 κατά
671 3106 779 3173 πάντα
796 3104 878 3187 ἀέρα
893 3107 1069 3194 μακρόβιοι
1086 3110 1234 3194 γεγόνα-

221 3226 277 3272 σιν
289 3202 410 3288 ἀνδρες
425 3209 460 3272 οἱ
471 3214 669 3292 γυμνασίοις
686 3221 753 3284 τοῖς
769 3207 977 3293 προσήκουσι
990 3207 1045 3275 καὶ
1065 3211 1174 3297 διαίτη
1189 3233 1233 3298 τη

221 3303 467 3392 ἐπιτηδειοτάτη
486 3305 570 3388 πρὸς
589 3302 720 3390 ὑγίειαν
742 3306 915 3390 χρώμενοι.
956 3308 986 3372 7.
1008 3308 1171 3394 διαίρεσιν
1193 3309 1233 3375 δὲ

219 3403 399 3488 τοῦλόγου
414 3403 593 3491 ποιήσομαι
612 3402 674 3490 τὴν
688 3406 824 3490 πρωτην
838 3404 921 3471 κατά
939 3429 979 3490 γε
995 3400 1035 3470 τά
1051 3405 1235 3490 ἐπιτηδευ-

218 3527 305 3582 ματα
320 3508 387 3568 τῶν
404 3499 554 3584 ἀνδρῶν,
579 3504 634 3569 καὶ
649 3505 802 3584 κρότους
817 3505 857 3584 γέ
871 3526 924 3569 σοι
941 3501 1019 3580 τούς
1032 3504 1234 3584 βασιλικούς
