2625 4092
206 278 270 340 να)
556 278 874 354 [Λονιιικπον]

205 437 265 518 νὸς
281 440 467 525 γενόμενον
487 445 555 505 των
576 436 661 519 πρὸς
682 435 813 522 ὑγίειαν
833 441 957 526 ἐλλιπῆ.
988 437 1182 516 Ἑλλάνικος
1203 463 1220 504 ο

206 540 346 623 Λέσβιος
360 535 566 622 ὀγδοήκοντα
582 539 636 602 καὶ
651 537 765 603 πέντε.
781 538 836 604 καὶ
850 538 1040 623 Φερεκύδης
1055 535 1072 604 6
1087 537 1223 619 Σύριος

205 631 327 720 ὁμοίως
344 631 551 719 ὀγδοήκοντα
566 636 621 700 καί
637 637 743 700 πέντε.
780 640 915 719 Τίμαιος
929 631 947 700 6
969 641 1223 718 Ταυρομενίτης

205 736 239 812 ἓξ
254 734 309 800 καὶ
320 732 530 817 ἐνενήκοντα.
551 728 804 818 Ἀριστόβουλος
819 731 855 799 δέ
866 729 884 799 6
896 729 1114 813 Κασανδρεύς
1129 729 1222 814 ὑπὲρ

205 830 244 897 τά
261 829 462 915 ἐνενήκοντα
479 836 534 915 ἔτη
552 833 681 914 λέγεται
697 836 911 917 βεβιωκέναι,
931 831 992 916 τήν
1012 835 1166 913 ἱστορίαν
1184 831 1222 896 δὲ

206 934 363 1012 τέταρτον
372 929 426 994 καὶ
442 923 668 1013 ὀγδοηκοστὸν
684 933 755 1006 ε”τος
770 925 915 1012 γεγονως
930 927 1049 1013 ήρξοιτο
1063 930 1221 1012 συγγρά-

136 1048 187 1100 225
208 1053 303 1112 φειν,
328 1024 372 1104 ὡς
388 1023 487 1104 αύτός
503 1029 541 1093 ἐν
560 1024 643 1114 ἀρχῆ
660 1033 716 1111 τῆς
732 1033 954 1111 πραγματείας
969 1029 1065 1111 λέγει.
1098 1028 1222 1093 Πολύ-

206 1134 278 1214 βιος
289 1127 325 1193 δὲ
336 1123 354 1192 6
367 1124 522 1205 Λυκόρτα
534 1131 809 1209 Μεγαλοπολίτης
820 1122 971 1208 ἀγρόθεν
982 1122 1137 1192 ἀνελθών
1150 1121 1219 1208 ἀφ’

206 1229 314 1292 ’ίκπου
334 1225 492 1290 κατέπεσε
507 1224 561 1288 καὶ
583 1227 619 1288 ἐκ
638 1223 761 1288 τούτου
777 1224 921 1308 νοσήσας
938 1220 1109 1290 ἀπέθανεν
1130 1225 1219 1288 έτιῦν

208 1326 270 1392 δύο
287 1325 340 1390 καὶ
356 1322 571 1408 ὁγδοήκοντα.
591 1318 786 1406 Ὑψικράτης
800 1319 865 1388 δὲὸ
880 1317 1053 1406 Ἀμισηνὸς
1064 1341 1220 1405 συγγρα-

208 1420 292 1507 φεύς
303 1419 357 1488 διά
370 1429 504 1487 πολλῶν
514 1419 723 1505 μαθημάτων
739 1419 918 1504 γενόμενος
929 1425 984 1505 έτη
997 1421 1059 1487 δύο
1074 1421 1129 1486 καὶ
1140 1422 1218 1486 ἐνε-

208 1521 361 1605 νήκοντα.
394 1525 444 1586 23.
463 1518 615 1604 ῥητόρων
638 1519 674 1586 δὲ
689 1525 851 1602 Γοργίας,
876 1516 917 1584 ὅν
939 1545 1026 1596 τινες
1048 1516 1218 1604 σοφιστήν

205 1625 384 1704 καλοῦσιν,
400 1614 698 1703 έτηὲκατόυόκτύ·
721 1623 846 1701 τροφῆς
857 1617 893 1684 δέ
904 1615 1131 1702 ἀποσχόμενος
1142 1619 1217 1682 ἐτε-

205 1716 382 1801 λεύτησεν·
404 1715 446 1782 ὅν
462 1737 566 1799 φασιν
581 1717 790 1799 ἐρωτηθέντα
805 1711 867 1798 τῆν
881 1719 990 1781 αἰτίαν
1005 1720 1066 1781 τοῦ
1080 1721 1217 1799 μακροῦ

205 1815 314 1899 γήρως
332 1816 387 1880 καὶ
408 1813 561 1898 ὑγιεινοῦ
582 1816 619 1878 ἐν
643 1813 764 1888 πάσαις
784 1826 855 1889 ταῖς
875 1813 1072 1897 αἰσθήσεσιν
1095 1817 1216 1894 εἰπεῖν,

205 1915 260 1980 διὰ
276 1912 312 1980 τὸ
326 1916 489 1997 μηδέποτε
500 1919 825 1997 συμπεριενεχθῆναι
840 1925 909 1989 ταῖς
923 1909 1035 1980 ἄλλων
1050 1909 1215 1995 εὐωχίαις.

201 2011 389 2095 Ἰσοκράτης
403 2014 436 2089 ἓξ
448 2013 502 2077 καὶ
513 2010 713 2095 ἐνενήκοντα
725 2016 780 2094 ἔτη
792 2007 1008 2095 γεγουύςτόν
1022 2035 1216 2094 πανηγυρι-

204 2109 266 2176 κὸν
283 2115 408 2193 ἔγραφε
427 2110 547 2195 λόγον,
569 2112 643 2193 περὶ
661 2115 715 2193 έτη
733 2108 767 2175 δὲ
791 2107 866 2186 ἑνὸς
886 2106 1070 2176 ἀποδέοντα
1092 2105 1216 2174 ἑκατὸν

203 2204 350 2291 γεγονώς
364 2205 408 2283 ὡς
421 2205 547 2294 ᾔσθετο
558 2204 758 2290 Ἀθηναίους
772 2203 837 2273 ὑπὸ
850 2212 1020 2274 Φιλίππου
1032 2209 1068 2274 έν
1085 2213 1126 2292 τῆ
1137 2207 1217 2287 περὶ

136 2319 186 2372 226
206 2306 414 2384 Χαιρώνειαν
429 2307 517 2392 μάχη
528 2308 782 2389 νενικημένους,
799 2305 1024 2391 ποτνιώμενος
1034 2304 1095 2372 τὸν
1105 2301 1217 2387 3600-

204 2408 333 2470 πίδειον
348 2411 459 2489 στίχον
474 2407 703 2490 προηνέγκατο
720 2412 765 2482 είς
783 2403 903 2473 εἀντόν
918 2401 1112 2488 ἀναφέρων.

350 2505 521 2571 Σιδώνιόν
536 2502 612 2571 ποτ’
630 2501 715 2570 ἀστυ
729 2506 865 2590 Κάδμος
882 2503 1043 2572 έκλιποάν·

204 2605 257 2670 καὶ
280 2601 424 2670 έπειπών
445 2601 490 2682 ὡς
509 2605 683 2671 δουλεύσει
704 2603 724 2688 ή
744 2601 876 2686 Ἑλλάς,
900 2607 1025 2682 ἐξέλιπε
1045 2598 1105 2668 τὸν
1122 2609 1212 2688 βίον.

201 2700 449 2785 Ἀπολλόδωρος
468 2704 505 2770 δὲ
526 2701 544 2771 ὁ
565 2699 785 2788 Περγαμηνὸς
806 2702 915 2788 ῥήτωρ
938 2709 1024 2768 θεοῦ
1040 2707 1215 2782 Καίσαρος

203 2810 368 2888 σεβαστοῦ
378 2804 577 2882 διδάσκαλος
588 2803 769 2888 γενόμενος
781 2802 836 2867 καὶ
846 2797 912 2866 σύν
925 2798 1149 2888 Ἀθηνοδώρῳ
1165 2809 1214 2891 τῷ

206 2909 330 2982 Ταρσεῖ
338 2903 513 2992 φιλοσόφῳ
524 2903 707 2980 παιδεύσας
717 2896 822 2967 αύτδν
833 2905 925 2984 έζησε
934 2897 1037 2966 ταύτὰ
1050 2906 1096 2988 τῷ
1108 2898 1213 2985 Ἀθη-

203 3001 359 3088 υοδύρφ,
381 3006 435 3086 ἔτη
452 2999 657 3086 ὀγδοήκοντα
675 3000 747 3067 δύο.
781 3000 948 3083 Ποτάμων
963 3000 998 3066 δὲ
1014 2996 1076 3066 οὐκ
1092 2998 1213 3077 ἀδοξος

202 3098 311 3183 ῥήτωρ
333 3103 388 3183 ἔτη
406 3098 615 3184 ἐνενήκοντα.
648 3105 698 3166 24.
721 3105 900 3183 Σοφοκλῆς
921 3095 939 3165 6
961 3099 1214 3188 τραγῳδοποιὸς

201 3199 286 3281 ῥᾶγα
298 3203 468 3280 σταφυλῆς
479 3195 649 3264 καταπιων
660 3194 824 3283 ἀπεπνίγη
836 3204 932 3264 πέντε
943 3199 998 3266 καὶ
1008 3199 1215 3283 ἐνενήκοντα

202 3293 298 3379 ζήσας
312 3301 378 3379 ἔτη.
407 3287 504 3374 οὗτος
521 3294 588 3362 ὑπὸ
607 3294 781 3381 Ἰοφῶντος
795 3303 856 3362 τοῦ
874 3301 963 3375 υίέος
977 3298 1029 3366 ἐπὶ
1046 3300 1132 3364 τέλει
1149 3304 1214 3364 τοῦ

200 3400 278 3479 βίου
293 3401 475 3475 παρανοίας
489 3396 687 3480 κρινόμενος
703 3393 832 3480 ἀνέγνω
847 3410 915 3472 τοῖς
931 3400 1097 3473 δικασταῖς
1114 3400 1212 3464 Οἰδί-

200 3518 289 3559 πονν
300 3491 360 3559 τὸν
371 3496 423 3561 ἐπὶ
434 3500 598 3581 Κολωνῷ,
616 3495 886 3578 ἐπιδεικνύμενος
898 3492 953 3561 διά
969 3503 1029 3561 τοῦ
1042 3495 1212 3578 δράματος
