<?xml version="1.0" encoding="UTF-8"?>
<!DOCTYPE html PUBLIC "-//W3C//DTD XHTML 1.0 Transitional//EN"
    "http://www.w3.org/TR/xhtml1/DTD/xhtml1-transitional.dtd">
<html xmlns="http://www.w3.org/1999/xhtml" xml:lang="en" lang="en">
 <head>
  <title>
</title>
<meta http-equiv="Content-Type" content="text/html;charset=utf-8" />
  <meta name='ocr-system' content='tesseract 3.04.00' />
  <meta name='ocr-capabilities' content='ocr_page ocr_carea ocr_par ocr_line ocrx_word'/>
</head>
<body>
  <div class='ocr_page' id='page_1' title='image "./lucianisamosate04jacogoog/lucianisamosate04jacogoog_0472.png"; bbox 0 0 2625 4092; ppageno 0'>
   <div class='ocr_carea' id='block_1_1' title="bbox 228 280 891 345">
    <p class='ocr_par' dir='ltr' id='par_1_1' title="bbox 228 280 891 345">
     <span class='ocr_line' id='line_1_1' title="bbox 228 280 891 345; baseline -0.011 -1"><span class='ocrx_word' id='word_1_1' title='bbox 228 282 291 345; x_wconf 76' lang='grc'><em>398</em></span> <span class='ocrx_word' id='word_1_2' title='bbox 587 280 891 339; x_wconf 75' lang='grc' dir='ltr'><em>ΛΟΤΚΙΑΝΟΓ</em></span> 
     </span>
    </p>
   </div>
   <div class='ocr_carea' id='block_1_2' title="bbox 167 435 1293 3579">
    <p class='ocr_par' dir='ltr' id='par_1_2' title="bbox 230 435 1239 721">
     <span class='ocr_line' id='line_1_2' title="bbox 230 435 1238 530; baseline -0.007 -22"><span class='ocrx_word' id='word_1_3' title='bbox 230 442 416 530; x_wconf 85' lang='grc' dir='ltr'><em>χανῶμενοι</em></span> <span class='ocrx_word' id='word_1_4' title='bbox 435 437 478 506; x_wconf 86' lang='grc' dir='ltr'><em>δι’</em></span> <span class='ocrx_word' id='word_1_5' title='bbox 504 437 633 523; x_wconf 91' lang='grc' dir='ltr'><em>αύτῶν,</em></span> <span class='ocrx_word' id='word_1_6' title='bbox 661 435 728 507; x_wconf 78' lang='grc' dir='ltr'><em>οἷοί</em></span> <span class='ocrx_word' id='word_1_7' title='bbox 749 443 789 523; x_wconf 80' lang='grc' dir='ltr'><em>γε’</em></span> <span class='ocrx_word' id='word_1_8' title='bbox 810 444 896 507; x_wconf 85' lang='grc' dir='ltr'><em>εἰσιν</em></span> <span class='ocrx_word' id='word_1_9' title='bbox 920 443 954 505; x_wconf 89' lang='grc' dir='ltr'><em>οί</em></span> <span class='ocrx_word' id='word_1_10' title='bbox 972 440 1035 523; x_wconf 80' lang='grc' dir='ltr'><em>την</em></span> <span class='ocrx_word' id='word_1_11' title='bbox 1056 437 1238 523; x_wconf 88' lang='grc' dir='ltr'><em>πορφύραν</em></span> 
     </span>
     <span class='ocr_line' id='line_1_3' title="bbox 230 535 1239 626; baseline -0.008 -18"><span class='ocrx_word' id='word_1_12' title='bbox 230 543 427 624; x_wconf 78' lang='grc' dir='ltr'><em>βάπτοντες,</em></span> <span class='ocrx_word' id='word_1_13' title='bbox 446 538 518 626; x_wconf 79' lang='grc' dir='ltr'><em>ούχλ</em></span> <span class='ocrx_word' id='word_1_14' title='bbox 534 541 588 605; x_wconf 77' lang='grc' dir='ltr'><em>καὶ</em></span> <span class='ocrx_word' id='word_1_15' title='bbox 603 535 698 604; x_wconf 86' lang='grc' dir='ltr'><em>αύτολ</em></span> <span class='ocrx_word' id='word_1_16' title='bbox 711 536 801 620; x_wconf 81' lang='grc' dir='ltr'><em>παρὰ</em></span> <span class='ocrx_word' id='word_1_17' title='bbox 816 538 922 621; x_wconf 84' lang='grc' dir='ltr'><em>φύσιν</em></span> <span class='ocrx_word' id='word_1_18' title='bbox 934 545 1083 622; x_wconf 87' lang='grc' dir='ltr'><em>χρῶνται</em></span> <span class='ocrx_word' id='word_1_19' title='bbox 1098 551 1172 615; x_wconf 78' lang='grc' dir='ltr'><em>τοῖς</em></span> <span class='ocrx_word' id='word_1_20' title='bbox 1187 542 1239 602; x_wconf 81' lang='grc' dir='ltr'><em>τοῦ</em></span> 
     </span>
     <span class='ocr_line' id='line_1_4' title="bbox 230 638 635 721; baseline -0.01 -16"><span class='ocrx_word' id='word_1_21' title='bbox 230 646 315 705; x_wconf 83' lang='grc' dir='ltr'><em>θεοῦ</em></span> <span class='ocrx_word' id='word_1_22' title='bbox 331 638 635 721; x_wconf 87' lang='grc' dir='ltr'><em>κατασκευάσμασι;</em></span> 
     </span>
    </p>

    <p class='ocr_par' dir='ltr' id='par_1_3' title="bbox 231 730 1241 919">
     <span class='ocr_line' id='line_1_5' title="bbox 313 730 1241 819; baseline -0.005 -15"><span class='ocrx_word' id='word_1_23' title='bbox 313 743 413 804; x_wconf 73' lang='grc' dir='ltr'><em>ΛΤΚ.</em></span> <span class='ocrx_word' id='word_1_24' title='bbox 427 732 488 802; x_wconf 78' lang='grc' dir='ltr'><em>Μὰ</em></span> <span class='ocrx_word' id='word_1_25' title='bbox 497 742 579 802; x_wconf 88' lang='grc' dir='ltr'><em>Δία·</em></span> <span class='ocrx_word' id='word_1_26' title='bbox 597 734 737 799; x_wconf 90' lang='grc' dir='ltr'><em>δύναται</em></span> <span class='ocrx_word' id='word_1_27' title='bbox 748 730 813 818; x_wconf 78' lang='grc' dir='ltr'><em>γάρ</em></span> <span class='ocrx_word' id='word_1_28' title='bbox 825 732 975 819; x_wconf 77' lang='grc' dir='ltr'><em>βάπτειν,</em></span> <span class='ocrx_word' id='word_1_29' title='bbox 989 730 1051 798; x_wconf 89' lang='grc' dir='ltr'><em>ούκ</em></span> <span class='ocrx_word' id='word_1_30' title='bbox 1064 734 1241 799; x_wconf 77' lang='grc' dir='ltr'><strong><em>ἐσθίεσθαι</em></strong></span> 
     </span>
     <span class='ocr_line' id='line_1_6' title="bbox 231 832 778 919; baseline -0.005 -19"><span class='ocrx_word' id='word_1_31' title='bbox 231 835 339 919; x_wconf 91' lang='grc' dir='ltr'><em>μόνον</em></span> <span class='ocrx_word' id='word_1_32' title='bbox 354 832 390 900; x_wconf 87' lang='grc' dir='ltr'><em>τό</em></span> <span class='ocrx_word' id='word_1_33' title='bbox 407 841 465 919; x_wconf 86' lang='grc' dir='ltr'><em>τῆς</em></span> <span class='ocrx_word' id='word_1_34' title='bbox 478 833 656 917; x_wconf 85' lang='grc' dir='ltr'><em>πορφύρας</em></span> <span class='ocrx_word' id='word_1_35' title='bbox 670 837 778 915; x_wconf 88' lang='grc' dir='ltr'><em>κρέας.</em></span> 
     </span>
    </p>

    <p class='ocr_par' dir='ltr' id='par_1_4' title="bbox 231 926 1246 2097">
     <span class='ocr_line' id='line_1_7' title="bbox 315 926 1242 1013; baseline -0.006 -15"><span class='ocrx_word' id='word_1_36' title='bbox 315 937 419 998; x_wconf 73' lang='grc' dir='ltr'><em>ΚΤΝ.</em></span> <span class='ocrx_word' id='word_1_37' title='bbox 444 927 531 996; x_wconf 88' lang='grc' dir='ltr'><em>Ἀλλ’</em></span> <span class='ocrx_word' id='word_1_38' title='bbox 553 926 594 995; x_wconf 89' lang='grc' dir='ltr'><em>ού</em></span> <span class='ocrx_word' id='word_1_39' title='bbox 613 927 697 1009; x_wconf 89' lang='grc' dir='ltr'><em>πρὸς</em></span> <span class='ocrx_word' id='word_1_40' title='bbox 716 936 813 996; x_wconf 84' lang='grc' dir='ltr'><em>τοῦτο</em></span> <span class='ocrx_word' id='word_1_41' title='bbox 833 932 987 1013; x_wconf 82' lang='grc' dir='ltr'><em>γέγονεν·</em></span> <span class='ocrx_word' id='word_1_42' title='bbox 1021 930 1093 995; x_wconf 82' lang='grc' dir='ltr'><em>ἐπεὶ</em></span> <span class='ocrx_word' id='word_1_43' title='bbox 1114 930 1176 994; x_wconf 79' lang='grc' dir='ltr'><em>καὶ</em></span> <span class='ocrx_word' id='word_1_44' title='bbox 1201 934 1242 1013; x_wconf 77' lang='grc' dir='ltr'><em>τῷ</em></span> 
     </span>
     <span class='ocr_line' id='line_1_8' title="bbox 231 1026 1243 1115; baseline -0.004 -19"><span class='ocrx_word' id='word_1_45' title='bbox 231 1036 370 1115; x_wconf 78' lang='grc' dir='ltr'><em>κρατῆρι</em></span> <span class='ocrx_word' id='word_1_46' title='bbox 385 1026 514 1095; x_wconf 87' lang='grc' dir='ltr'><em>δύναιτ’</em></span> <span class='ocrx_word' id='word_1_47' title='bbox 533 1028 640 1105; x_wconf 79' lang='grc' dir='ltr'><em>ἄντες</em></span> <span class='ocrx_word' id='word_1_48' title='bbox 656 1028 850 1114; x_wconf 82' lang='grc' dir='ltr'><em>βιαζόμενος</em></span> <span class='ocrx_word' id='word_1_49' title='bbox 868 1027 979 1110; x_wconf 82' lang='grc' dir='ltr'><em>ῶσπερ</em></span> <span class='ocrx_word' id='word_1_50' title='bbox 993 1026 1103 1115; x_wconf 79' lang='grc' dir='ltr'><em>χύτρᾳ</em></span> <span class='ocrx_word' id='word_1_51' title='bbox 1117 1027 1243 1113; x_wconf 83' lang='grc' dir='ltr'><em>χρήσα-</em></span> 
     </span>
     <span class='ocr_line' id='line_1_9' title="bbox 233 1122 1244 1211; baseline -0.006 -17"><span class='ocrx_word' id='word_1_52' title='bbox 233 1137 331 1206; x_wconf 89' lang='grc' dir='ltr'><em>σθαι,</em></span> <span class='ocrx_word' id='word_1_53' title='bbox 346 1124 435 1211; x_wconf 81' lang='grc' dir='ltr'><em>πλὴν</em></span> <span class='ocrx_word' id='word_1_54' title='bbox 449 1122 489 1191; x_wconf 89' lang='grc' dir='ltr'><em>ού</em></span> <span class='ocrx_word' id='word_1_55' title='bbox 504 1123 587 1207; x_wconf 83' lang='grc' dir='ltr'><em>πρὸς</em></span> <span class='ocrx_word' id='word_1_56' title='bbox 602 1134 701 1192; x_wconf 86' lang='grc' dir='ltr'><em>τοῦτο</em></span> <span class='ocrx_word' id='word_1_57' title='bbox 715 1128 864 1210; x_wconf 78' lang='grc' dir='ltr'><em>γέγονεν.</em></span> <span class='ocrx_word' id='word_1_58' title='bbox 888 1123 972 1192; x_wconf 82' lang='grc' dir='ltr'><em>άλλά</em></span> <span class='ocrx_word' id='word_1_59' title='bbox 986 1124 1050 1210; x_wconf 83' lang='grc' dir='ltr'><em>γάρ</em></span> <span class='ocrx_word' id='word_1_60' title='bbox 1069 1132 1144 1202; x_wconf 89' lang='grc' dir='ltr'><em>πῶς</em></span> <span class='ocrx_word' id='word_1_61' title='bbox 1158 1123 1244 1190; x_wconf 84' lang='grc' dir='ltr'><em>άπα-</em></span> 
     </span>
     <span class='ocr_line' id='line_1_10' title="bbox 233 1220 1243 1310; baseline -0.004 -19"><span class='ocrx_word' id='word_1_62' title='bbox 233 1248 297 1291; x_wconf 92' lang='grc' dir='ltr'><em>σαν</em></span> <span class='ocrx_word' id='word_1_63' title='bbox 311 1221 373 1310; x_wconf 83' lang='grc' dir='ltr'><em>τὴν</em></span> <span class='ocrx_word' id='word_1_64' title='bbox 385 1226 515 1290; x_wconf 90' lang='grc' dir='ltr'><em>τούτων</em></span> <span class='ocrx_word' id='word_1_65' title='bbox 530 1250 580 1302; x_wconf 91' lang='grc' dir='ltr'><em>τις</em></span> <span class='ocrx_word' id='word_1_66' title='bbox 596 1228 858 1308; x_wconf 78' lang='grc' dir='ltr'><strong><em>κακοδαιμονίαν</em></strong></span> <span class='ocrx_word' id='word_1_67' title='bbox 873 1228 1020 1290; x_wconf 78' lang='grc' dir='ltr'><em>διελθεῖν</em></span> <span class='ocrx_word' id='word_1_68' title='bbox 1034 1220 1172 1290; x_wconf 88' lang='grc' dir='ltr'><em>δύναιτ’</em></span> <span class='ocrx_word' id='word_1_69' title='bbox 1187 1222 1243 1301; x_wconf 84' lang='grc' dir='ltr'><em>άν;</em></span> 
     </span>
     <span class='ocr_line' id='line_1_11' title="bbox 234 1318 1243 1407; baseline -0.003 -17"><span class='ocrx_word' id='word_1_70' title='bbox 234 1324 378 1407; x_wconf 82' lang='grc' dir='ltr'><em>τοσαύτη</em></span> <span class='ocrx_word' id='word_1_71' title='bbox 395 1330 443 1398; x_wconf 89' lang='grc' dir='ltr'><em>τίς</em></span> <span class='ocrx_word' id='word_1_72' title='bbox 456 1324 534 1389; x_wconf 81' lang='grc' dir='ltr'><em>ἐστι.</em></span> <span class='ocrx_word' id='word_1_73' title='bbox 564 1320 606 1387; x_wconf 85' lang='grc' dir='ltr'><strong><em>σύ</em></strong></span> <span class='ocrx_word' id='word_1_74' title='bbox 624 1325 663 1389; x_wconf 87' lang='grc' dir='ltr'><em>δέ</em></span> <span class='ocrx_word' id='word_1_75' title='bbox 682 1347 755 1405; x_wconf 91' lang='grc' dir='ltr'><em>μοι,</em></span> <span class='ocrx_word' id='word_1_76' title='bbox 774 1320 861 1402; x_wconf 86' lang='grc' dir='ltr'><em>διότι</em></span> <span class='ocrx_word' id='word_1_77' title='bbox 877 1318 921 1405; x_wconf 79' lang='grc' dir='ltr'><em>μὴ</em></span> <span class='ocrx_word' id='word_1_78' title='bbox 938 1322 1105 1407; x_wconf 83' lang='grc' dir='ltr'><em>βούλομαι</em></span> <span class='ocrx_word' id='word_1_79' title='bbox 1122 1321 1243 1403; x_wconf 82' lang='grc' dir='ltr'><em>ταύτης</em></span> 
     </span>
     <span class='ocr_line' id='line_1_12' title="bbox 232 1417 1242 1508; baseline -0.006 -19"><span class='ocrx_word' id='word_1_80' title='bbox 232 1426 395 1508; x_wconf 83' lang='grc' dir='ltr'><em>μετέχειν,</em></span> <span class='ocrx_word' id='word_1_81' title='bbox 419 1424 581 1503; x_wconf 76' lang='grc' dir='ltr'><em>ἐγκαλεῖς·</em></span> <span class='ocrx_word' id='word_1_82' title='bbox 613 1426 655 1500; x_wconf 82' lang='grc' dir='ltr'><em>ζῶ</em></span> <span class='ocrx_word' id='word_1_83' title='bbox 674 1420 710 1487; x_wconf 70' lang='grc' dir='ltr'><em>δὲ</em></span> <span class='ocrx_word' id='word_1_84' title='bbox 727 1420 881 1501; x_wconf 88' lang='grc' dir='ltr'><em>καθάπερ</em></span> <span class='ocrx_word' id='word_1_85' title='bbox 902 1417 920 1486; x_wconf 92' lang='grc' dir='ltr'>ὁ</span> <span class='ocrx_word' id='word_1_86' title='bbox 946 1419 1085 1504; x_wconf 90' lang='grc' dir='ltr'><em>κόσμιος</em></span> <span class='ocrx_word' id='word_1_87' title='bbox 1106 1421 1242 1499; x_wconf 71' lang='grc' dir='ltr'><em>ἐκεῖνος,</em></span> 
     </span>
     <span class='ocr_line' id='line_1_13' title="bbox 234 1514 1243 1605; baseline -0.005 -19"><span class='ocrx_word' id='word_1_88' title='bbox 234 1518 464 1605; x_wconf 85' lang='grc' dir='ltr'><em>εὐωχούμενος</em></span> <span class='ocrx_word' id='word_1_89' title='bbox 488 1532 556 1595; x_wconf 82' lang='grc' dir='ltr'><em>τοῖς</em></span> <span class='ocrx_word' id='word_1_90' title='bbox 577 1514 650 1585; x_wconf 88' lang='grc' dir='ltr'><em>κατ’</em></span> <span class='ocrx_word' id='word_1_91' title='bbox 670 1514 815 1602; x_wconf 84' lang='grc' dir='ltr'><em>ἐμαυτόν</em></span> <span class='ocrx_word' id='word_1_92' title='bbox 835 1520 889 1583; x_wconf 81' lang='grc' dir='ltr'><em>καὶ</em></span> <span class='ocrx_word' id='word_1_93' title='bbox 909 1532 978 1595; x_wconf 82' lang='grc' dir='ltr'><em>τοῖς</em></span> <span class='ocrx_word' id='word_1_94' title='bbox 997 1514 1243 1591; x_wconf 77' lang='grc' dir='ltr'><em>εὐτελεστάτοις</em></span> 
     </span>
     <span class='ocr_line' id='line_1_14' title="bbox 233 1610 1242 1704; baseline -0.006 -21"><span class='ocrx_word' id='word_1_95' title='bbox 233 1617 418 1704; x_wconf 78' lang='grc' dir='ltr'><em>χρεόμενος,</em></span> <span class='ocrx_word' id='word_1_96' title='bbox 433 1622 501 1682; x_wconf 89' lang='grc' dir='ltr'><em>τῶν</em></span> <span class='ocrx_word' id='word_1_97' title='bbox 512 1615 548 1682; x_wconf 77' lang='grc' dir='ltr'><em>δὲ</em></span> <span class='ocrx_word' id='word_1_98' title='bbox 559 1620 720 1681; x_wconf 89' lang='grc' dir='ltr'><em>ποικίλων</em></span> <span class='ocrx_word' id='word_1_99' title='bbox 732 1618 786 1681; x_wconf 84' lang='grc' dir='ltr'><em>καὶ</em></span> <span class='ocrx_word' id='word_1_100' title='bbox 800 1619 1024 1681; x_wconf 76' lang='grc' dir='ltr'><em>παντοδαπῶν</em></span> <span class='ocrx_word' id='word_1_101' title='bbox 1034 1610 1099 1681; x_wconf 86' lang='grc' dir='ltr'><em>ούκ</em></span> <span class='ocrx_word' id='word_1_102' title='bbox 1110 1616 1242 1699; x_wconf 81' lang='grc' dir='ltr'><em>ἐφιέμε-</em></span> 
     </span>
     <span class='ocr_line' id='line_1_15' title="bbox 235 1710 1243 1798; baseline -0.006 -16"><span class='ocrx_word' id='word_1_103' title='bbox 235 1741 301 1791; x_wconf 85' lang='grc' dir='ltr'><em>νος.</em></span> <span class='ocrx_word' id='word_1_104' title='bbox 335 1720 384 1782; x_wconf 77' lang='lat'><em>12.</em></span> <span class='ocrx_word' id='word_1_105' title='bbox 402 1712 541 1780; x_wconf 75' lang='grc' dir='ltr'><em>κᾶπειτα</em></span> <span class='ocrx_word' id='word_1_106' title='bbox 559 1718 589 1779; x_wconf 92' lang='grc' dir='ltr'><em>εί</em></span> <span class='ocrx_word' id='word_1_107' title='bbox 606 1719 732 1798; x_wconf 90' lang='grc' dir='ltr'><em>θηρίου</em></span> <span class='ocrx_word' id='word_1_108' title='bbox 752 1718 828 1797; x_wconf 82' lang='grc' dir='ltr'><em>βίον</em></span> <span class='ocrx_word' id='word_1_109' title='bbox 843 1715 994 1797; x_wconf 86' lang='grc' dir='ltr'><em>βραχέων</em></span> <span class='ocrx_word' id='word_1_110' title='bbox 1015 1710 1179 1795; x_wconf 86' lang='grc' dir='ltr'><em>δεόμενος</em></span> <span class='ocrx_word' id='word_1_111' title='bbox 1192 1712 1243 1776; x_wconf 77' lang='grc' dir='ltr'><em>καὶ</em></span> 
     </span>
     <span class='ocr_line' id='line_1_16' title="bbox 235 1810 1244 1897; baseline -0.008 -15"><span class='ocrx_word' id='word_1_112' title='bbox 235 1812 359 1896; x_wconf 78' lang='grc' dir='ltr'><em>ὀλίγοις</em></span> <span class='ocrx_word' id='word_1_113' title='bbox 373 1810 541 1896; x_wconf 87' lang='grc' dir='ltr'><em>χρῶμενος</em></span> <span class='ocrx_word' id='word_1_114' title='bbox 562 1816 650 1879; x_wconf 90' lang='grc' dir='ltr'><em>δοκῶ</em></span> <span class='ocrx_word' id='word_1_115' title='bbox 668 1832 721 1878; x_wconf 92' lang='grc' dir='ltr'><em>σοι</em></span> <span class='ocrx_word' id='word_1_116' title='bbox 743 1817 817 1897; x_wconf 80' lang='grc' dir='ltr'><em>ζῆν,</em></span> <span class='ocrx_word' id='word_1_117' title='bbox 839 1812 1102 1879; x_wconf 86' lang='grc' dir='ltr'><em>κινδυνεύουσιν</em></span> <span class='ocrx_word' id='word_1_118' title='bbox 1117 1816 1155 1878; x_wconf 89' lang='grc' dir='ltr'><em>οί</em></span> <span class='ocrx_word' id='word_1_119' title='bbox 1172 1810 1244 1877; x_wconf 80' lang='grc' dir='ltr'><em>θεοὶ</em></span> 
     </span>
     <span class='ocr_line' id='line_1_17' title="bbox 235 1910 1246 2006; baseline -0.004 -25"><span class='ocrx_word' id='word_1_120' title='bbox 235 1914 372 2006; x_wconf 77' lang='grc' dir='ltr'><em>καὶτῶν</em></span> <span class='ocrx_word' id='word_1_121' title='bbox 386 1918 517 1995; x_wconf 90' lang='grc' dir='ltr'><em>θηρίων</em></span> <span class='ocrx_word' id='word_1_122' title='bbox 534 1910 617 1978; x_wconf 78' lang='grc' dir='ltr'><em>εἶναι</em></span> <span class='ocrx_word' id='word_1_123' title='bbox 637 1918 784 1999; x_wconf 86' lang='grc' dir='ltr'><em>χείρονες</em></span> <span class='ocrx_word' id='word_1_124' title='bbox 804 1913 887 1978; x_wconf 88' lang='grc' dir='ltr'><em>κατά</em></span> <span class='ocrx_word' id='word_1_125' title='bbox 908 1939 945 1997; x_wconf 83' lang='grc' dir='ltr'><em>γε</em></span> <span class='ocrx_word' id='word_1_126' title='bbox 967 1910 1027 1979; x_wconf 89' lang='grc' dir='ltr'><em>τόν</em></span> <span class='ocrx_word' id='word_1_127' title='bbox 1046 1910 1110 1977; x_wconf 87' lang='grc' dir='ltr'><em>σὸν</em></span> <span class='ocrx_word' id='word_1_128' title='bbox 1125 1910 1246 1997; x_wconf 76' lang='grc' dir='ltr'><em>λόγον·</em></span> 
     </span>
     <span class='ocr_line' id='line_1_18' title="bbox 238 2006 1246 2097; baseline -0.003 -20"><span class='ocrx_word' id='word_1_129' title='bbox 238 2006 377 2085; x_wconf 82' lang='grc' dir='ltr'><em>οὐδενός</em></span> <span class='ocrx_word' id='word_1_130' title='bbox 391 2006 455 2093; x_wconf 76' lang='grc' dir='ltr'><em>γάρ</em></span> <span class='ocrx_word' id='word_1_131' title='bbox 468 2010 607 2076; x_wconf 87' lang='grc' dir='ltr'><em>δέονται.</em></span> <span class='ocrx_word' id='word_1_132' title='bbox 630 2012 687 2076; x_wconf 77' lang='grc' dir='ltr'><em>ἵνα</em></span> <span class='ocrx_word' id='word_1_133' title='bbox 699 2009 735 2077; x_wconf 75' lang='grc' dir='ltr'><em>δὲ</em></span> <span class='ocrx_word' id='word_1_134' title='bbox 748 2010 943 2097; x_wconf 73' lang='grc' dir='ltr'><em>καταμάθῃς</em></span> <span class='ocrx_word' id='word_1_135' title='bbox 956 2007 1202 2096; x_wconf 82' lang='grc' dir='ltr'><em>ἀκριβέστερον</em></span> <span class='ocrx_word' id='word_1_136' title='bbox 1212 2006 1246 2074; x_wconf 90' lang='grc' dir='ltr'><em>τό</em></span> 
     </span>
    </p>

    <p class='ocr_par' dir='ltr' id='par_1_5' title="bbox 167 2105 1293 3579">
     <span class='ocr_line' id='line_1_19' title="bbox 167 2105 1246 2192; baseline -0.006 -15"><span class='ocrx_word' id='word_1_137' title='bbox 167 2126 216 2177; x_wconf 77' lang='grc'><em>546</em></span> <span class='ocrx_word' id='word_1_138' title='bbox 237 2134 271 2175; x_wconf 90' lang='grc' dir='ltr'><em>τε</em></span> <span class='ocrx_word' id='word_1_139' title='bbox 283 2106 405 2192; x_wconf 82' lang='grc' dir='ltr'><em>ὀλίγων</em></span> <span class='ocrx_word' id='word_1_140' title='bbox 415 2110 468 2175; x_wconf 80' lang='grc' dir='ltr'><em>καὶ</em></span> <span class='ocrx_word' id='word_1_141' title='bbox 479 2106 516 2175; x_wconf 88' lang='grc' dir='ltr'><em>τό</em></span> <span class='ocrx_word' id='word_1_142' title='bbox 529 2117 663 2176; x_wconf 89' lang='grc' dir='ltr'><em>πολλῶν</em></span> <span class='ocrx_word' id='word_1_143' title='bbox 677 2113 808 2175; x_wconf 74' lang='grc' dir='ltr'><em>δεῖσθαι</em></span> <span class='ocrx_word' id='word_1_144' title='bbox 819 2108 917 2176; x_wconf 79' lang='grc' dir='ltr'><em>ποῖόν</em></span> <span class='ocrx_word' id='word_1_145' title='bbox 928 2135 959 2175; x_wconf 88' lang='grc' dir='ltr'><em>τι</em></span> <span class='ocrx_word' id='word_1_146' title='bbox 970 2105 1133 2190; x_wconf 82' lang='grc' dir='ltr'><em>ἑκάτερόν</em></span> <span class='ocrx_word' id='word_1_147' title='bbox 1145 2110 1246 2189; x_wconf 77' lang='grc' dir='ltr'><em>ἐστιν,</em></span> 
     </span>
     <span class='ocr_line' id='line_1_20' title="bbox 236 2206 1246 2293; baseline -0.003 -18"><span class='ocrx_word' id='word_1_148' title='bbox 236 2208 399 2292; x_wconf 84' lang='grc' dir='ltr'><em>ἐννόησον</em></span> <span class='ocrx_word' id='word_1_149' title='bbox 421 2206 472 2274; x_wconf 89' lang='grc' dir='ltr'><em>ότι</em></span> <span class='ocrx_word' id='word_1_150' title='bbox 490 2210 621 2275; x_wconf 87' lang='grc' dir='ltr'><em>δέονται</em></span> <span class='ocrx_word' id='word_1_151' title='bbox 642 2209 807 2275; x_wconf 90' lang='grc' dir='ltr'><em>πλειόνων</em></span> <span class='ocrx_word' id='word_1_152' title='bbox 831 2212 864 2275; x_wconf 81' lang='grc' dir='ltr'><em>οί</em></span> <span class='ocrx_word' id='word_1_153' title='bbox 882 2209 944 2293; x_wconf 76' lang='grc' dir='ltr'><em>μὲν</em></span> <span class='ocrx_word' id='word_1_154' title='bbox 964 2212 1079 2284; x_wconf 76' lang='grc' dir='ltr'><em>παῖδες</em></span> <span class='ocrx_word' id='word_1_155' title='bbox 1098 2214 1172 2273; x_wconf 91' lang='grc' dir='ltr'><em>τῶν</em></span> <span class='ocrx_word' id='word_1_156' title='bbox 1196 2233 1246 2274; x_wconf 85' lang='grc' dir='ltr'><em>τε·</em></span> 
     </span>
     <span class='ocr_line' id='line_1_21' title="bbox 235 2302 1246 2390; baseline -0.003 -19"><span class='ocrx_word' id='word_1_157' title='bbox 235 2312 349 2386; x_wconf 84' lang='grc' dir='ltr'><em>λείων,</em></span> <span class='ocrx_word' id='word_1_158' title='bbox 367 2309 403 2373; x_wconf 90' lang='grc' dir='ltr'><em>αί</em></span> <span class='ocrx_word' id='word_1_159' title='bbox 418 2304 454 2373; x_wconf 73' lang='grc' dir='ltr'><em>δὲ</em></span> <span class='ocrx_word' id='word_1_160' title='bbox 468 2320 623 2390; x_wconf 76' lang='grc' dir='ltr'><em>γυναῖκες</em></span> <span class='ocrx_word' id='word_1_161' title='bbox 637 2312 705 2371; x_wconf 91' lang='grc' dir='ltr'><em>τῶν</em></span> <span class='ocrx_word' id='word_1_162' title='bbox 721 2302 870 2389; x_wconf 80' lang='grc' dir='ltr'><em>ἀνδρῶν,</em></span> <span class='ocrx_word' id='word_1_163' title='bbox 887 2309 921 2373; x_wconf 88' lang='grc' dir='ltr'><em>οί</em></span> <span class='ocrx_word' id='word_1_164' title='bbox 934 2305 971 2371; x_wconf 69' lang='grc' dir='ltr'><em>δὲ</em></span> <span class='ocrx_word' id='word_1_165' title='bbox 984 2311 1172 2381; x_wconf 81' lang='grc' dir='ltr'><em>νοσοῦντες</em></span> <span class='ocrx_word' id='word_1_166' title='bbox 1181 2311 1246 2369; x_wconf 89' lang='grc' dir='ltr'><em>τῶν</em></span> 
     </span>
     <span class='ocr_line' id='line_1_22' title="bbox 225 2402 1246 2493; baseline 0.001 -23"><span class='ocrx_word' id='word_1_167' title='bbox 225 2402 474 2493; x_wconf 32' lang='grc' dir='ltr'><em>,ὑγιαινόντων</em></span> <span class='ocrx_word' id='word_1_168' title='bbox 491 2404 641 2471; x_wconf 80' lang='grc' dir='ltr'><em>καθόλου</em></span> <span class='ocrx_word' id='word_1_169' title='bbox 652 2403 688 2471; x_wconf 73' lang='grc' dir='ltr'><em>δὲ</em></span> <span class='ocrx_word' id='word_1_170' title='bbox 698 2412 869 2488; x_wconf 84' lang='grc' dir='ltr'><em>πανταχοῦ</em></span> <span class='ocrx_word' id='word_1_171' title='bbox 883 2403 919 2470; x_wconf 86' lang='grc' dir='ltr'><em>τό</em></span> <span class='ocrx_word' id='word_1_172' title='bbox 930 2418 1042 2489; x_wconf 73' lang='grc' dir='ltr'><em>χεῖρον</em></span> <span class='ocrx_word' id='word_1_173' title='bbox 1056 2412 1120 2471; x_wconf 83' lang='grc' dir='ltr'><em>τοῦ</em></span> <span class='ocrx_word' id='word_1_174' title='bbox 1137 2412 1246 2485; x_wconf 86' lang='grc' dir='ltr'><em>κρείτ-</em></span> 
     </span>
     <span class='ocr_line' id='line_1_23' title="bbox 234 2500 1248 2587; baseline -0.002 -17"><span class='ocrx_word' id='word_1_175' title='bbox 234 2529 331 2581; x_wconf 90' lang='grc' dir='ltr'><em>τονος</em></span> <span class='ocrx_word' id='word_1_176' title='bbox 347 2504 513 2571; x_wconf 89' lang='grc' dir='ltr'><em>πλειόνων</em></span> <span class='ocrx_word' id='word_1_177' title='bbox 530 2507 642 2570; x_wconf 80' lang='grc' dir='ltr'><em>δεῖται.</em></span> <span class='ocrx_word' id='word_1_178' title='bbox 673 2500 727 2569; x_wconf 78' lang='grc' dir='ltr'><em>διδ</em></span> <span class='ocrx_word' id='word_1_179' title='bbox 744 2510 841 2569; x_wconf 84' lang='grc' dir='ltr'><em>τοῦτο</em></span> <span class='ocrx_word' id='word_1_180' title='bbox 864 2503 940 2569; x_wconf 81' lang='grc' dir='ltr'><em>θεολ</em></span> <span class='ocrx_word' id='word_1_181' title='bbox 955 2502 1018 2587; x_wconf 75' lang='grc' dir='ltr'><em>μὲν</em></span> <span class='ocrx_word' id='word_1_182' title='bbox 1033 2500 1196 2587; x_wconf 81' lang='grc' dir='ltr'><em>οὐδενός,</em></span> <span class='ocrx_word' id='word_1_183' title='bbox 1218 2505 1248 2568; x_wconf 89' lang='grc' dir='ltr'><em>οί</em></span> 
     </span>
     <span class='ocr_line' id='line_1_24' title="bbox 236 2597 1247 2688; baseline -0.005 -17"><span class='ocrx_word' id='word_1_184' title='bbox 236 2606 272 2671; x_wconf 77' lang='grc' dir='ltr'><em>δὲ</em></span> <span class='ocrx_word' id='word_1_185' title='bbox 288 2609 421 2688; x_wconf 80' lang='grc' dir='ltr'><em>έχχιστα</em></span> <span class='ocrx_word' id='word_1_186' title='bbox 439 2613 531 2679; x_wconf 77' lang='grc' dir='ltr'><em>θεοῖς</em></span> <span class='ocrx_word' id='word_1_187' title='bbox 549 2604 728 2687; x_wconf 80' lang='grc' dir='ltr'><em>ἐλαχίστων</em></span> <span class='ocrx_word' id='word_1_188' title='bbox 750 2606 891 2669; x_wconf 84' lang='grc' dir='ltr'><em>δέονται.</em></span> <span class='ocrx_word' id='word_1_189' title='bbox 921 2608 971 2669; x_wconf 87' lang='grc'><em>13.</em></span> <span class='ocrx_word' id='word_1_190' title='bbox 986 2597 1007 2687; x_wconf 79' lang='grc' dir='ltr'><em>ἢ</em></span> <span class='ocrx_word' id='word_1_191' title='bbox 1025 2608 1175 2688; x_wconf 81' lang='grc' dir='ltr'><em>νομίζεις</em></span> <span class='ocrx_word' id='word_1_192' title='bbox 1190 2599 1247 2669; x_wconf 87' lang='grc' dir='ltr'><em>τόν</em></span> 
     </span>
     <span class='ocr_line' id='line_1_25' title="bbox 231 2698 1248 2785; baseline 0 -16"><span class='ocrx_word' id='word_1_193' title='bbox 231 2702 391 2785; x_wconf 82' lang='grc' dir='ltr'><em>Ἡρακλέα</em></span> <span class='ocrx_word' id='word_1_194' title='bbox 401 2698 461 2767; x_wconf 85' lang='grc' dir='ltr'><em>τόν</em></span> <span class='ocrx_word' id='word_1_195' title='bbox 470 2700 607 2766; x_wconf 88' lang='grc' dir='ltr'><em>πάντων</em></span> <span class='ocrx_word' id='word_1_196' title='bbox 616 2698 810 2784; x_wconf 75' lang='grc' dir='ltr'><em>ἀνθρώπων</em></span> <span class='ocrx_word' id='word_1_197' title='bbox 819 2699 968 2784; x_wconf 73' lang='grc' dir='ltr'><em>ἄριστον,</em></span> <span class='ocrx_word' id='word_1_198' title='bbox 981 2711 1081 2769; x_wconf 79' lang='grc' dir='ltr'><em>θεῖον</em></span> <span class='ocrx_word' id='word_1_199' title='bbox 1090 2700 1129 2769; x_wconf 73' lang='grc' dir='ltr'><em>δὲ</em></span> <span class='ocrx_word' id='word_1_200' title='bbox 1141 2700 1248 2782; x_wconf 74' lang='grc' dir='ltr'><em>ἄνδρα</em></span> 
     </span>
     <span class='ocr_line' id='line_1_26' title="bbox 235 2797 1248 2885; baseline -0.002 -18"><span class='ocrx_word' id='word_1_201' title='bbox 235 2803 290 2869; x_wconf 80' lang='grc' dir='ltr'><em>καὶ</em></span> <span class='ocrx_word' id='word_1_202' title='bbox 310 2800 396 2868; x_wconf 87' lang='grc' dir='ltr'><em>θεὸν</em></span> <span class='ocrx_word' id='word_1_203' title='bbox 412 2797 524 2885; x_wconf 88' lang='grc' dir='ltr'><em>ὀρθῶς</em></span> <span class='ocrx_word' id='word_1_204' title='bbox 546 2803 764 2884; x_wconf 81' lang='grc' dir='ltr'><em>νομισθέντα,</em></span> <span class='ocrx_word' id='word_1_205' title='bbox 793 2797 847 2865; x_wconf 81' lang='grc' dir='ltr'><em>διὰ</em></span> <span class='ocrx_word' id='word_1_206' title='bbox 867 2804 1134 2884; x_wconf 88' lang='grc' dir='ltr'><em>κακοδαιμονίαν</em></span> <span class='ocrx_word' id='word_1_207' title='bbox 1154 2825 1248 2882; x_wconf 85' lang='grc' dir='ltr'><em>περι·</em></span> 
     </span>
     <span class='ocr_line' id='line_1_27' title="bbox 235 2896 1248 2985; baseline -0.004 -18"><span class='ocrx_word' id='word_1_208' title='bbox 235 2913 365 2967; x_wconf 81' lang='grc' dir='ltr'><em>νοστεῖν</em></span> <span class='ocrx_word' id='word_1_209' title='bbox 385 2897 517 2985; x_wconf 83' lang='grc' dir='ltr'><em>γυμνόν</em></span> <span class='ocrx_word' id='word_1_210' title='bbox 541 2902 644 2984; x_wconf 87' lang='grc' dir='ltr'><em>δέρμα</em></span> <span class='ocrx_word' id='word_1_211' title='bbox 666 2901 774 2983; x_wconf 93' lang='grc' dir='ltr'><em>μόνον</em></span> <span class='ocrx_word' id='word_1_212' title='bbox 795 2903 911 2983; x_wconf 80' lang='grc' dir='ltr'><em>ἔχοντα</em></span> <span class='ocrx_word' id='word_1_213' title='bbox 932 2900 988 2965; x_wconf 82' lang='grc' dir='ltr'><em>καὶ</em></span> <span class='ocrx_word' id='word_1_214' title='bbox 1010 2896 1163 2983; x_wconf 85' lang='grc' dir='ltr'><em>μηδενός</em></span> <span class='ocrx_word' id='word_1_215' title='bbox 1184 2908 1248 2967; x_wconf 83' lang='grc' dir='ltr'><em>τῶν</em></span> 
     </span>
     <span class='ocr_line' id='line_1_28' title="bbox 236 2990 1293 3085; baseline -0.003 -20"><span class='ocrx_word' id='word_1_216' title='bbox 236 2997 347 3067; x_wconf 82' lang='grc' dir='ltr'><em>αὐτῶν</em></span> <span class='ocrx_word' id='word_1_217' title='bbox 369 2998 449 3085; x_wconf 82' lang='grc' dir='ltr'><em>ὑμῖν</em></span> <span class='ocrx_word' id='word_1_218' title='bbox 464 2999 641 3085; x_wconf 89' lang='grc' dir='ltr'><em>δεόμενον;</em></span> <span class='ocrx_word' id='word_1_219' title='bbox 664 2995 738 3066; x_wconf 80' lang='grc' dir='ltr'><em>ἀλλ’</em></span> <span class='ocrx_word' id='word_1_220' title='bbox 756 2994 798 3064; x_wconf 88' lang='grc' dir='ltr'><em>ού</em></span> <span class='ocrx_word' id='word_1_221' title='bbox 818 3001 1031 3083; x_wconf 79' lang='grc' dir='ltr'><em>κακοδαίμων</em></span> <span class='ocrx_word' id='word_1_222' title='bbox 1047 2990 1094 3082; x_wconf 80' lang='grc' dir='ltr'><em>ἦν</em></span> <span class='ocrx_word' id='word_1_223' title='bbox 1109 3002 1248 3075; x_wconf 80' lang='grc' dir='ltr'><em>ἐκεῖνος,</em></span> <span class='ocrx_word' id='word_1_224' title='bbox 1292 2995 1293 3062; x_wconf 61' lang='grc' dir='ltr'>ἰ</span> 
     </span>
     <span class='ocr_line' id='line_1_29' title="bbox 236 3079 1293 3185; baseline -0.003 -19"><span class='ocrx_word' id='word_1_225' title='bbox 236 3097 272 3178; x_wconf 86' lang='grc' dir='ltr'><em>δς</em></span> <span class='ocrx_word' id='word_1_226' title='bbox 288 3100 342 3166; x_wconf 86' lang='grc' dir='ltr'><em>καὶ</em></span> <span class='ocrx_word' id='word_1_227' title='bbox 356 3106 424 3165; x_wconf 85' lang='grc' dir='ltr'><em>τῶν</em></span> <span class='ocrx_word' id='word_1_228' title='bbox 436 3099 546 3167; x_wconf 85' lang='grc' dir='ltr'><em>άλλων</em></span> <span class='ocrx_word' id='word_1_229' title='bbox 561 3096 716 3184; x_wconf 81' lang='grc' dir='ltr'><em>άπήμυνε</em></span> <span class='ocrx_word' id='word_1_230' title='bbox 731 3094 771 3163; x_wconf 79' lang='grc' dir='ltr'><em>τά</em></span> <span class='ocrx_word' id='word_1_231' title='bbox 787 3096 889 3180; x_wconf 89' lang='grc' dir='ltr'><em>κακά,</em></span> <span class='ocrx_word' id='word_1_232' title='bbox 911 3094 984 3163; x_wconf 82' lang='grc' dir='ltr'><em>οὐδ’</em></span> <span class='ocrx_word' id='word_1_233' title='bbox 1004 3090 1050 3164; x_wconf 86' lang='grc' dir='ltr'><em>αύ</em></span> <span class='ocrx_word' id='word_1_234' title='bbox 1064 3101 1193 3185; x_wconf 85' lang='grc' dir='ltr'><em>πένης,</em></span> <span class='ocrx_word' id='word_1_235' title='bbox 1215 3095 1249 3175; x_wconf 86' lang='grc' dir='ltr'><em>δς</em></span> <span class='ocrx_word' id='word_1_236' title='bbox 1292 3079 1293 3098; x_wconf 35' lang='lat'>¹</span> 
     </span>
     <span class='ocr_line' id='line_1_30' title="bbox 236 3191 1248 3284; baseline 0.002 -21"><span class='ocrx_word' id='word_1_237' title='bbox 236 3206 296 3284; x_wconf 77' lang='grc' dir='ltr'><em>γῆς</em></span> <span class='ocrx_word' id='word_1_238' title='bbox 318 3199 372 3263; x_wconf 82' lang='grc' dir='ltr'><em>καί</em></span> <span class='ocrx_word' id='word_1_239' title='bbox 393 3199 560 3283; x_wconf 87' lang='grc' dir='ltr'><em>θαλάττης</em></span> <span class='ocrx_word' id='word_1_240' title='bbox 582 3191 699 3283; x_wconf 80' lang='grc' dir='ltr'><em>ἦρχεν·</em></span> <span class='ocrx_word' id='word_1_241' title='bbox 733 3193 786 3280; x_wconf 80' lang='grc' dir='ltr'><em>ἐφ’</em></span> <span class='ocrx_word' id='word_1_242' title='bbox 811 3193 830 3263; x_wconf 86' lang='grc' dir='ltr'><em>ό</em></span> <span class='ocrx_word' id='word_1_243' title='bbox 850 3223 881 3263; x_wconf 87' lang='grc' dir='ltr'><em>τι</em></span> <span class='ocrx_word' id='word_1_244' title='bbox 902 3194 968 3282; x_wconf 82' lang='grc' dir='ltr'><em>γάρ</em></span> <span class='ocrx_word' id='word_1_245' title='bbox 990 3191 1034 3263; x_wconf 81' lang='grc' dir='ltr'><em>άν</em></span> <span class='ocrx_word' id='word_1_246' title='bbox 1053 3194 1248 3284; x_wconf 82' lang='grc' dir='ltr'><em>ὁρμήσειεν,</em></span> 
     </span>
     <span class='ocr_line' id='line_1_31' title="bbox 236 3292 1250 3383; baseline -0.004 -18"><span class='ocrx_word' id='word_1_247' title='bbox 236 3296 428 3380; x_wconf 84' lang='grc' dir='ltr'><em>ἁπανταχοῦ</em></span> <span class='ocrx_word' id='word_1_248' title='bbox 444 3296 580 3363; x_wconf 87' lang='grc' dir='ltr'><em>πάντων</em></span> <span class='ocrx_word' id='word_1_249' title='bbox 591 3295 720 3378; x_wconf 84' lang='grc' dir='ltr'><em>ἐκράτει</em></span> <span class='ocrx_word' id='word_1_250' title='bbox 732 3296 787 3363; x_wconf 81' lang='grc' dir='ltr'><em>καί</em></span> <span class='ocrx_word' id='word_1_251' title='bbox 798 3292 910 3363; x_wconf 80' lang='grc' dir='ltr'><em>ούδενὶ</em></span> <span class='ocrx_word' id='word_1_252' title='bbox 921 3303 990 3362; x_wconf 90' lang='grc' dir='ltr'><em>τῶν</em></span> <span class='ocrx_word' id='word_1_253' title='bbox 1004 3296 1079 3362; x_wconf 91' lang='grc' dir='ltr'><em>τότε</em></span> <span class='ocrx_word' id='word_1_254' title='bbox 1092 3298 1250 3383; x_wconf 82' lang='grc' dir='ltr'><em>ἐνέτυχεν</em></span> 
     </span>
     <span class='ocr_line' id='line_1_32' title="bbox 236 3391 1251 3481; baseline -0.002 -18"><span class='ocrx_word' id='word_1_255' title='bbox 236 3395 340 3481; x_wconf 79' lang='grc' dir='ltr'><em>ὁμοίῳ</em></span> <span class='ocrx_word' id='word_1_256' title='bbox 361 3392 439 3463; x_wconf 76' lang='grc' dir='ltr'><em>οὐδὲ</em></span> <span class='ocrx_word' id='word_1_257' title='bbox 462 3402 624 3476; x_wconf 86' lang='grc' dir='ltr'><em>κρείττονι</em></span> <span class='ocrx_word' id='word_1_258' title='bbox 647 3396 786 3477; x_wconf 78' lang='grc' dir='ltr'><em>ἑαυτοῦ,</em></span> <span class='ocrx_word' id='word_1_259' title='bbox 809 3397 966 3479; x_wconf 87' lang='grc' dir='ltr'><em>μέχριπερ</em></span> <span class='ocrx_word' id='word_1_260' title='bbox 992 3396 1025 3473; x_wconf 81' lang='grc' dir='ltr'><em>ἐξ</em></span> <span class='ocrx_word' id='word_1_261' title='bbox 1050 3391 1251 3475; x_wconf 73' lang='grc' dir='ltr'><em>ἀνθρώπων</em></span> 
     </span>
     <span class='ocr_line' id='line_1_33' title="bbox 237 3489 1251 3579; baseline 0.002 -20"><span class='ocrx_word' id='word_1_262' title='bbox 237 3492 399 3579; x_wconf 82' lang='grc' dir='ltr'><em>όπηλθεν.</em></span> <span class='ocrx_word' id='word_1_263' title='bbox 421 3490 441 3578; x_wconf 77' lang='grc' dir='ltr'><em>η’</em></span> <span class='ocrx_word' id='word_1_264' title='bbox 458 3492 500 3559; x_wconf 86' lang='grc' dir='ltr'><em>σύ</em></span> <span class='ocrx_word' id='word_1_265' title='bbox 515 3497 622 3569; x_wconf 82' lang='grc' dir='ltr'><em>δοκεῖς</em></span> <span class='ocrx_word' id='word_1_266' title='bbox 634 3491 839 3579; x_wconf 85' lang='grc' dir='ltr'><em>στρωμάτων</em></span> <span class='ocrx_word' id='word_1_267' title='bbox 853 3494 907 3559; x_wconf 79' lang='grc' dir='ltr'><em>καὶ</em></span> <span class='ocrx_word' id='word_1_268' title='bbox 922 3489 1157 3577; x_wconf 80' lang='grc' dir='ltr'><em>ὑποδημάτων</em></span> <span class='ocrx_word' id='word_1_269' title='bbox 1167 3492 1251 3561; x_wconf 73' lang='grc' dir='ltr'><em>άπό-</em></span> 
     </span>
    </p>
   </div>
   <div class='ocr_carea' id='block_1_3' title="bbox 0 0 1331 4092">
    <p class='ocr_par' dir='ltr' id='par_1_6' title="bbox 0 0 1331 4092">
     <span class='ocr_line' id='line_1_34' title="bbox 0 0 1331 4092; baseline 0 0"><span class='ocrx_word' id='word_1_270' title='bbox 0 0 1331 4092; x_wconf 95' lang='lat' dir='ltr'><em> </em></span> 
     </span>
    </p>
   </div>
  </div>
 </body>
</html>
