2625 4092
240 282 304 346 332
480 308 483 312 ·
546 285 908 381 MAOPKIANOD
1008 293 1012 300 '

240 449 354 526 ἕξεωςς
377 450 433 513 ἳνα
447 473 490 532 μη
507 451 574 512 τῶν
590 442 728 528 άπόρωυ
744 454 825 511 ελπω
840 472 885 528 τι,
902 441 1116 531 κερατίνανῆ
1132 454 1242 526 σωρεί·

242 571 303 630 την
319 539 341 630 ἢ
359 549 534 628 θερίζοντα
552 543 666 627 λόγον.
689 539 772 631 ἀλλά
790 543 833 609 σύ
848 541 910 627 μὲν
928 541 1023 610 ὅναιο
1040 540 1164 610 αὐτῶν.
1187 542 1243 627 ἐγω

173 657 222 710 λλῦ
242 646 278 710 δὲ
300 641 343 721 ως
360 639 405 709 άν
418 644 525 728 μόνον
540 639 576 708 τό
596 639 700 708 καλὸν
714 637 848 726 άγαθόυ
863 636 1050 726 ἡγούμενος
1065 638 1151 709 εἶναι
1170 652 1245 708 οίσω

240 744 362 842 ῥᾳδίως
376 740 437 827 τὴν
451 737 593 824 άτιμίαν.
628 743 678 806 24.
694 745 801 806 καίτοι
815 736 905 816 ὅπως
923 736 967 824 μη
983 741 1016 816 ἐς
1029 742 1164 824 ἐκείνην
1179 745 1247 825 ἔχης

242 839 465 923 καταφεύγειν
486 836 548 924 τὴν
565 833 750 922 άπολογίαν
767 836 928 921 ὕστερον,
954 841 1178 905 ἐπιλαθέσθαι
1197 841 1248 905 λε’-

241 964 311 1023 γωυ
333 941 369 1004 ἐν
385 937 533 1026 τοσούτω
548 935 689 1023 θορύβῳ
707 937 761 1004 καί
779 937 962 1020 πράγματι,
986 940 1041 1024 δίς
1051 957 1089 1002 σε
1106 937 1249 1021 τήμερον

242 1034 497 1121 προσηγόρευσα
513 1036 567 1101 καὶ
583 1036 692 1100 ἕωθεν
708 1036 758 1101 ἐπὶ
770 1042 810 1121 τι]
825 1040 912 1121 οίκία
928 1036 982 1101 καὶ
998 1037 1034 1101 ἐν
1049 1033 1250 1122 τῷάναιιείῳ

242 1136 371 1202 θύοντα
390 1131 540 1217 ὕστερον.
570 1141 675 1201 ταῦτα
690 1131 754 1217 ἐγώ
773 1149 840 1212 τοῖς
861 1142 1030 1216 παροῦσιν
1043 1130 1252 1220 ἀπολελόγη-

242 1262 308 1320 μαι.
342 1239 392 1302 25.
412 1241 442 1301 εί
462 1236 497 1301 δὲ
520 1238 660 1301 δείπνου
681 1233 779 1300 ἕνεκα
799 1231 993 1320 ὀργίζεσθαί
1009 1254 1063 1298 σοι
1082 1239 1195 1312 δοκῶ,
1216 1232 1251 1298 τό

241 1328 324 1399 κατὰ
345 1329 405 1396 τόν
424 1333 525 1399 Οἰνέα
545 1329 725 1415 ἐννόησον·
759 1326 834 1408 όψει
854 1327 920 1414 γάρ
941 1331 995 1396 καί
1015 1326 1077 1414 τὴν
1093 1327 1255 1413 Ἀρτεμιυ
1294 1408 1295 1419 ¹

241 1430 513 1518 ἀγανακτοῦσαν,
541 1429 599 1496 ὅτι.
614 1429 725 1516 μόνην
741 1427 846 1514 αὐτὴν
861 1424 903 1496 ού
921 1428 1111 1513 παρέλαβεν
1127 1428 1255 1504 ἐκεῖνος
1294 1426 1295 1465 ί

243 1523 295 1598 ἐπί
309 1527 370 1615 την
384 1534 510 1595 θυσίαν
526 1527 604 1605 τούς
620 1526 742 1604 ἄλλους
756 1523 861 1604 θεούς
875 1527 1000 1593 ἑστιῶν,
1024 1526 1109 1610 φησὶ
1126 1524 1166 1592 δὲ
1183 1527 1254 1608 περί
1294 1550 1295 1557 ’

243 1623 354 1694 αὐτῶν
364 1622 507 1710 Ὅμηρος
526 1618 593 1692 οἶδε’
604 1651 689 1703 πως·

305 1720 325 1811 ἢ
343 1721 459 1791 λάθετ’
476 1719 497 1808 ἦ
512 1721 574 1790 οῦκ
589 1723 745 1808 ἐνόησεν,
764 1721 887 1788 άασατο
906 1722 941 1789 δὲ
956 1725 1039 1807 μέγα
1052 1728 1178 1810 θυμῷ·

242 1824 296 1887 καί
313 1817 509 1905 ΕὐριπίδηςΙ

307 1914 471 1985 Καλυδών
486 1918 547 2003 μὲν
561 1915 619 2004 ἥδε
634 1933 727 2004 γαῖα,
744 1926 909 1995 Πελοπίας
922 1914 1047 2002 χθονός

306 2020 343 2082 ἐν
356 2013 615 2103 ἀντιπόρθμοις,
633 2016 719 2083 πεδί’
736 2014 846 2102 ἕχονσ’
865 2015 1054 2100 εὐδαίμονα.

243 2116 297 2181 καὶ
311 2119 504 2198 Σοφοκλῆς·
989 2116 991 2120 ’

176 2223 223 2277 487
306 2207 387 2286 συός
401 2214 557 2295 μέγιστον
571 2209 671 2298 χρῆμ’
690 2210 742 2279 ἐπ’
760 2218 884 2291 Οἰνέως
900 2215 997 2298 γύαις

239 2319 242 2327 “
306 2307 408 2392 άνηκε
424 2317 552 2394 Λητοῦς
570 2325 645 2388 παῖς
664 2312 822 2398 ἑκηβόλος
837 2312 910 2379 θεά.

242 2415 293 2475 26.
307 2408 410 2474 ταῦτά
423 2430 475 2474 σοι
487 2406 552 2476 ἀπό
565 2418 700 2478 πολλῶν
712 2409 806 2500 ὀλίγα
818 2414 1024 2497 παρεθέμην,
1036 2407 1133 2489 ὅπως
1144 2413 1257 2498 μάθῃς
1292 2480 1293 2485 ,

244 2502 317 2574 οἷον
327 2503 435 2589 άνδρα
448 2507 645 2589 παραλιπών
656 2517 805 2593 Δίφιλον
816 2511 923 2596 ἑστιᾷς
937 2510 991 2576 καί
1002 2508 1062 2575 τόν
1074 2507 1159 2577 υίόν
1170 2509 1256 2598 αὐτῷ

244 2607 496 2689 παραδέδωκας,
520 2605 668 2686 εἰκότως·
690 2600 772 2694 ἡδύς
786 2608 851 2693 γάρ
870 2609 936 2673 ἐστι
956 2613 1002 2695 τῷ
1020 2618 1192 2698 μειρακίω
1208 2611 1257 2675 καὶ

245 2703 328 2788 πρὸς
342 2706 440 2789 χάριν
455 2702 544 2796 αύτῷ
562 2708 728 2774 σύνεστιν.
760 2714 791 2774 εί
802 2706 841 2772 δὲ’
854 2705 898 2792 μὴ
914 2707 1050 2789 αἰσχρὸν
1064 2699 1113 2792 ἦν
1127 2709 1192 2794 ἐμὲ
1209 2710 1257 2774 λέ·

243 2831 317 2890 γειν
332 2802 372 2871 τά
388 2809 539 2888 τοιαῦτα,
554 2809 610 2873 καὶ
626 2805 672 2875 όίν
686 2834 717 2873 τι
731 2809 941 2891 προσέθηκα,
963 2803 1046 2888 ὅπερ
1064 2806 1128 2887 σύ,
1156 2815 1189 2876 εί
1200 2807 1257 2874 θέ·

244 2913 327 2986 λεις,
343 2901 432 2984 παρὰ
446 2902 612 2985 Ζωπύρου
626 2910 687 2971 τοῦ
702 2908 919 2990 παιδαγωγοῦ
934 2899 977 2970 άν
989 2903 1116 2987 μάθοις
1133 2902 1258 2991 ἀληθὲς

245 3003 294 3069 όν.
317 2999 391 3068 ἀλλ’
405 2999 446 3067 οῦ
457 2999 518 3087 χρὴ
531 3002 703 3085 ταράττειν
715 3004 752 3068 ἐν
761 3003 879 3088 γάμοις
893 2998 972 3069 οῦδὲ
986 3000 1192 3087 διαβάλλειν
1201 3001 1256 3068 ἇλ-
1290 3066 1291 3071 ,

245 3110 340 3182 λους,
364 3100 417 3166 καί
432 3101 573 3184 μάλιστα
589 3099 642 3185 ἐφ’
663 3100 769 3177 οῦτως
790 3106 937 3185 αἰσχραῖς
951 3106 1084 3177 αἰτίαις·
1113 3102 1180 3170 καὶ
1196 3099 1258 3186 γάρ

246 3206 276 3268 εί
284 3205 427 3281 Δίφιλος
441 3197 531 3277 άξιος
542 3197 603 3265 δύο
618 3197 683 3285 ἤδη
694 3199 847 3285 μαθητάς
860 3225 926 3285 μου
942 3200 1170 3284 περισπάσας,
1185 3193 1256 3266 ἄλλ’
1290 3280 1291 3285 ¹

246 3304 349 3382 ἔγωγε
367 3304 567 3380 φιλοσοφίας
583 3295 683 3383 αὐτῆς
696 3300 810 3364 ἕνεκεν
824 3297 1042 3384 σιωπήσομαι.
1063 3303 1117 3366 27.
1137 3303 1257 3384 προσέ·
1290 3296 1292 3413 η

245 3399 325 3474 ταξα
342 3394 378 3462 δὲ
393 3402 438 3482 τῷ
455 3398 563 3481 οίιιέτη
578 3395 702 3485 τούτῳ,
726 3392 768 3482 ἢν
786 3399 886 3484 διδῷς
901 3394 990 3484 αὐτῷ
1006 3395 1135 3480 μοῖράν
1151 3389 1257 3476 τιναῆ

246 3490 327 3566 συός
341 3485 362 3574 ἢ
378 3491 505 3574 ἐλάφου
524 3488 545 3575 ἢ
563 3500 808 3579 σησαμοῦντος,
831 3491 873 3572 ὡς
895 3497 965 3580 ἐμοὶ
981 3497 1193 3580 διακομίσειε
1210 3495 1257 3562 καὶ
