2625 4092
360 309 807 370 ΨΕΤΔΟΣΟΦΙΣΤΗΣ
1023 307 1087 371 4⁰9

157 477 258 538 ΣΟΑ.
280 466 361 554 Ἐνῶ
375 468 438 555 μὲν
451 468 514 537 οὑκ
532 475 595 555 ἔχω
610 475 724 537 εἰπεῖν.

156 577 257 669 AYK.
273 570 343 640 ”On
363 569 400 639 τὸ
422 572 483 658 μὲν
500 572 537 639 σὲ
556 570 706 659 ὑβρίζειν
722 571 759 640 τό
776 575 871 659 σῶμά
887 578 954 643 ἐστι
969 573 1006 642 τὸ
1025 578 1087 643 σόν

72 670 144 758 ἤτοι
159 666 336 757 πληναίςῆ
355 668 523 758 δεσμοῐςῆ
544 675 597 740 καλ
620 672 711 763 άλλῳ
728 675 858 765 τρόπῳ,
885 672 922 742 τό
939 674 974 743 δὲ
990 678 1022 752 ἐς
1038 678 1085 759 σέ,

70 770 153 838 ὅταν
168 779 214 849 είς
228 796 258 837 τι
271 778 339 838 τῶν
349 778 420 837 σῶν
436 778 589 859 γίγνηται
600 770 621 858 ἡ
634 770 747 859 ὕβρις·
770 775 825 841 καλ
839 771 904 859 γάρ
918 767 1009 852 ὅστις
1020 794 1084 858 γν-
1103 783 1150 838 581

70 881 171 936 ναῑκα
186 866 311 956 ὑβριζει
332 869 395 955 τὴν
416 872 496 956 σήν,
523 876 568 949 είς
583 871 620 937 σὲ
638 867 779 956 ὑβριζει,
803 874 857 938 καλ
878 868 969 949 ὅστις
984 877 1086 938 παῖδα

69 969 126 1034 καλ
140 973 241 1052 φίλον
256 970 311 1036 καὶ
327 966 418 1049 ὅστις
432 994 470 1054 γε
485 960 627 1056 δίκέτην.
655 968 744 1055 πλὴν
757 968 821 1054 γάρ
838 971 913 1051 περὶ
930 970 1086 1056 πραγμά-

69 1092 140 1132 των
165 1064 272 1145 οὕτως
295 1073 359 1153 ἔχει
385 1089 455 1135 σοι·
489 1069 560 1136 ἐπεὶ
583 1066 620 1135 τὺ
642 1070 675 1146 ἐς
702 1077 837 1154 πρᾶγμα
864 1063 1011 1154 ὑβρίζειν
1031 1070 1086 1137 λε’-

70 1172 200 1251 λεκται,
223 1161 298 1234 οἷον
312 1170 345 1246 ἐς
366 1163 428 1253 τὴν
443 1174 641 1252 παροιμίαν,
667 1165 712 1244 ῶς
734 1163 910 1235 ὁΠλάτωυ
926 1169 1029 1253 φησὶν
1049 1171 1086 1234 ἐν

69 1270 117 1353 τῶ
132 1271 326 1355 Συμποσίῳ.
684 1349 686 1352 ¹

84 1442 87 1449 Ι
157 1369 258 1431 ΣΟΛ.
280 1371 446 1432 Κατανοῶ
459 1365 495 1431 τό
511 1364 687 1448 διάφορον.

156 1467 256 1528 AYK.
274 1453 344 1543 Ἆρ’
363 1454 429 1528 οὖν
449 1464 504 1530 καλ
524 1470 623 1529 τοῦτο
643 1476 830 1547 κατανοεῖς,
854 1460 906 1529 ὅτι
926 1460 964 1530 τὰ
981 1470 1085 1530 ταῦτα

71 1555 295 1627 ὑπαλλάττειν
309 1566 506 1641 σολοικίζειν
520 1568 699 1643 καλοῦσιν;

157 1666 257 1727 BOA.
278 1656 375 1727 Ἀλλά
392 1666 458 1725 νῦν
473 1669 611 1745 είσομαι.

157 1764 256 1824 AYK.
278 1754 370 1825 Αὑτὸ
394 1756 429 1825 δὲ
449 1755 487 1824 τδ
509 1755 733 1825 ὑπαλλάττειν
754 1766 788 1824 εί
804 1782 853 1834 τις
874 1757 1086 1825 ἐναλλάττειν

70 1854 175 1940 λέγει,
190 1861 225 1922 τί
235 1876 290 1923 σοι
304 1857 392 1937 δόξει
409 1858 535 1942 λέγεινς

155 1960 258 2022 ΣΟΛ.
278 1950 367 2040 Ἐμοὶ
379 1956 442 2041 μὲν
456 1953 579 2023 ταύτὸν
594 1956 817 2043 λέγεινδόξω.

154 2059 256 2122 AYK.
280 2057 345 2122 Καὶ
365 2062 435 2133 πῶς
452 2050 495 2123 άν
518 2065 568 2142 εἴη
589 2052 714 2123 ταύτὸν
737 2061 783 2143 τῳ
801 2050 1025 2121 ὑπαλλάττειν
1046 2052 1083 2120 τὸ

68 2151 298 2235 ἐναλλάττειν,
321 2162 414 2237 είπερ
430 2154 468 2221 τὺ
486 2156 549 2241 μὲν
563 2157 678 2239 ἑτέρου
695 2150 779 2236 πρὸς
794 2153 910 2235 ἕτερον
924 2160 1083 2238 γίγνεται,

68 2255 132 2317 τοῦ
145 2247 190 2336 μὴ
205 2247 315 2334 ὀρθοῦ
329 2249 413 2336 πρὸς
430 2252 466 2322 τό
483 2251 609 2339 ὀρθόν,
630 2250 667 2322 τό
685 2253 721 2320 δὲ
740 2258 801 2319 τοῦ
821 2249 865 2338 μὴ
888 2250 984 2329 ὄντος
1000 2249 1084 2334 ’πρὸς

67 2374 107 2416 το
129 2368 185 2430 ους
895 2388 897 2392 -

156 2456 258 2518 ΣΟΛ.
274 2452 478 2537 Κατέμαθον
494 2451 545 2520 ὅτι
556 2450 592 2519 τό
605 2450 668 2536 μὲν
683 2446 904 2516 ὑπαλλάττειν
915 2445 952 2514 τό
964 2446 1009 2533 μή
1020 2448 1083 2514 κὺ-

70 2574 147 2630 ριον
158 2545 232 2617 άντλ
246 2557 307 2618 τοῦ
319 2559 440 2635 κυρίου
456 2555 566 2638 λέγειν
582 2554 666 2634 ἐστί,
681 2546 718 2615 τὸ
731 2545 763 2615 δ’
780 2547 992 2616 ἐναλλάττειν
1003 2549 1083 2615 ποτὲ

69 2646 133 2731 μὲν
148 2654 193 2737 τῷ
208 2656 330 2738 κυρίῳ,
346 2651 425 2719 ποτε
440 2651 475 2720 δὲ
489 2658 533 2740 τῶ
549 2648 593 2736 μὴ
611 2655 716 2738 κυρίῳ
730 2656 884 2734 χρῆσθαι.

154 2752 256 2815 AYK.
272 2746 355 2835 Ἔχει
370 2748 445 2817 τινά
461 2752 516 2817 καλ
533 2756 636 2816 ταῦτα
652 2747 856 2831 κατανόησιν
874 2742 937 2812 οὑκ
952 2739 1082 2831 άχαριν,

69 2842 106 2913 τὸ
131 2844 167 2913 δὲ
183 2848 385 2929 σπουδάζειν
403 2849 488 2933 πρός
504 2877 579 2917 τινα
602 2847 665 2934 τὴν
684 2853 811 2915 οἰκείαν
835 2842 1000 2930 ὠφέλειαν
1021 2852 1082 2911 τοῦ
1101 2853 1152 2908 58²

70 2946 319 3026 σπουδάζοντος
330 2951 500 3035 ἐμφαίνει,
518 2946 554 3016 τδ
568 2949 605 3016 δὲ
616 2954 695 3028 περί
702 2972 777 3013 τινα
788 2946 849 3031 τὴν
864 2948 995 3013 ἐκείνου
1009 2947 1083 3027 περὶ

69 3041 112 3113 δν
124 3046 312 3125 σπουδάζει.
337 3049 391 3115 καλ
408 3055 512 3115 ταῦτα
527 3058 607 3126 ίσως
621 3051 684 3133 μὲν
700 3044 984 3132 ὑποσυγκέχυται,
1005 3056 1084 3123 ἴσως

68 3146 106 3212 δὲ
130 3144 185 3213 καλ
205 3142 401 3231 ἀκριβοῦται
424 3149 514 3231 παρά
536 3169 618 3215 τισι·
648 3149 781 3233 βέλτιον
803 3145 840 3212 δὲ
861 3142 898 3211 τὸ
919 3142 1084 3232 ἀκριβοῦν

67 3244 206 3334 ἑκάστῳ.

155 3350 257 3411 ΣΟΛ.
276 3341 404 3426 Ὀρθῶς
418 3344 482 3431 γάρ
501 3348 615 3430 λέγεις.

157 3447 205 3511 11.
221 3449 321 3509 AYK.
348 3443 394 3509 Τό
417 3469 454 3528 γε
473 3440 541 3529 μὴν
561 3447 765 3525 καθίζεσθαι
781 3452 843 3512 ’τοῦ
860 3449 1011 3524 καθίζειν
1029 3450 1083 3512 καί

67 3540 105 3610 τὸ
123 3544 269 3609 κάθισον
284 3550 345 3609 τοῦ
361 3544 493 3625 κάθησο
508 3536 564 3623 ἆρ’
582 3542 673 3611 οἶσθ’
689 3541 741 3611 ὅτι
758 3545 968 3627 διενήνοχεν;
