2625 4092
551 269 857 328 Λονιιικιιον
1302 249 1305 432 η

132 552 184 607 ια
390 539 683 608 ammon
709 534 1019 605 ενιιοιιιιον.

287 710 393 779 1.”οτι
407 713 469 797 μὲν
484 712 584 780 οὐδέν
600 714 741 796 γλύκιον
753 705 792 797 ἧς
809 716 964 794 πατρίδος
980 711 1108 794 φθάνει
1123 735 1215 791 προ-

201 813 461 896 τεθρυλημένον.
484 803 540 894 ἀρ’
555 804 620 878 οάν
631 809 730 897 ἥδιον
742 811 803 893 μὲν
817 807 935 892 οὐδέν,
951 806 1156 893 σεμνότερον
1176 811 1218 875 δέ

201 936 233 975 τι
250 909 303 975 καί
321 908 497 990 θειότερον
512 907 611 988 ἀλλος
632 911 686 975 καὶ
705 905 772 993 μὴν
790 905 852 974 ὅσα
864 903 969 992 σεμνά
983 907 1039 974 καί
1054 915 1133 973 θεῖα
1147 929 1217 970 νο-
1307 916 1308 958 λ

202 1010 354 1091 μιξουσιν
370 1003 565 1090 ἄνθρωποι,
589 1005 719 1072 τούτων
739 1009 855 1087 πατρὶς
875 1009 960 1072 αίτία
976 1006 1030 1071 καὶ
1048 1003 1210 1070 διδάσκα-

202 1113 275 1187 λος,
290 1107 520 1188 γεννησαμένη
533 1107 587 1170 καλ
602 1101 863 1188 ἀναθρεψαμένη
876 1103 934 1168 καὶ
947 1103 1211 1185 παιδευσαμένη.
1308 1140 1309 1220 η

202 1204 334 1271 πόλεων
345 1194 460 1287 μέν
417 1227 482 1268 ουν
491 1206 617 1288 μεγέθη
628 1203 684 1271 καλ
692 1201 921 1287 λαμπρότητας
931 1201 986 1269 καλ
996 1206 1215 1276 πολυτελείας

202 1307 417 1369 κατασκευῶν
432 1302 644 1385 θαυμάζουσι
658 1305 791 1382 πολλοί,
808 1301 965 1379 πατρίδας
981 1297 1016 1366 δὲ
1032 1301 1214 1382 στέργουσι

202 1397 339 1475 πάντες·
368 1399 424 1465 καλ
442 1405 602 1464 τοσοῦτον
619 1394 730 1475 οὐδεὶς
750 1397 938 1482 ἐξηπατήθη
954 1403 1023 1462 τῶν
1044 1397 1097 1463 καὶ
1115 1395 1216 1460 πάνυ

202 1495 456 1579 κεκρατημένων
476 1491 542 1560 ὑπδ
559 1500 617 1578 τῆς
632 1490 715 1560 κατά
735 1489 797 1577 τὴν
813 1496 898 1559 θέαν
912 1490 1051 1579 ἡδονῆς,
1075 1489 1120 1570 ὡς
1138 1488 1214 1558 ὑπὸ
1309 1493 1310 1500 '

201 1599 258 1677 της
273 1589 459 1678 ὑπερβολῆς
472 1597 540 1656 τῶν
557 1587 636 1671 παρ’
653 1589 765 1668 ἀλλοις
781 1593 967 1677 θαυμάτων
981 1593 1091 1676 λη’θην
1109 1591 1217 1676 ποιή-
1310 1584 1311 1664 λ

202 1697 327 1756 σασθαι
342 1696 399 1775 τῆς
411 1693 576 1772 πατρίδος.
599 1695 628 1755 2.
647 1687 736 1766 ὅστις
748 1691 809 1774 μὲν
821 1681 884 1755 οὖν
899 1692 1097 1776 σεμνύνεται
1112 1697 1216 1756 πολί-

202 1813 259 1872 της
275 1782 324 1852 ἀν
344 1784 542 1873 εὐδαίμονος
563 1789 707 1872 πόλεως,
729 1787 863 1874 ἀγνοεῖν
879 1814 935 1874 μοι
955 1793 1049 1856 δοκεῖ
1059 1795 1131 1855 τίνα
1145 1789 1215 1872 χρὴ

202 1881 302 1970 τιμὴν
317 1882 497 1970 ἀπονέμειν
510 1893 550 1973 τῇ
564 1892 714 1971 πατρίδι,
736 1884 822 1955 καὶὸ
838 1894 987 1965 τοιοῦτος
1001 1887 1101 1974 δῆλός
1117 1889 1215 1953 ἐστιν

203 1981 391 2067 ἀχθόμενος
405 1983 466 2069 ἀν,
485 1989 515 2052 εί
526 1986 744 2070 μετριωτέρας
759 1991 852 2070 ἔλαχε
866 1993 923 2070 της
938 1989 1102 2068 πατρίδος.
1136 1988 1214 2070 ἐμοὶ

203 2082 239 2147 δὲ
253 2078 351 2165 ἥδιον
365 2078 447 2148 αὐτὸ
465 2091 564 2168 τιμάν
579 2080 616 2150 τὰ
633 2090 691 2168 τῆς
706 2088 863 2165 πατρίδος
878 2081 993 2170 ὄνομα.
1018 2082 1131 2160 πόλεις
1145 2081 1215 2168 μὲν

132 2195 185 2249 230
203 2175 267 2263 γάρ
286 2183 492 2264 παραβαλεῖν
507 2185 701 2269 πειρωμένῳ
715 2179 873 2265 προσήκει
889 2181 1032 2265 μέγεθος
1048 2180 1215 2259 ἐξετάζειν

202 2277 257 2343 καὶ
272 2273 393 2353 κάλλος
408 2275 533 2363 καὶτὴν
546 2285 615 2345 τῶν
631 2276 741 2345 ωνίων
755 2275 945 2362 ἀφθονίαν·
968 2274 1055 2344 ὅπου
1068 2275 1100 2344 δ’
1113 2279 1214 2358 αἳρε-

202 2381 252 2452 σίς
267 2377 335 2440 ἐστι
350 2374 497 2459 πόλεων,
515 2375 624 2454 οὐδεὶς
640 2372 685 2443 ἀν
702 2379 808 2446 ἕλοιτο
822 2374 884 2463 τὴν
901 2377 1133 2461 λαμπροτέραν
1149 2377 1211 2442 έά-

202 2493 262 2551 σας
274 2470 336 2558 τὴν
352 2480 508 2557 πατρίδα,
524 2472 597 2543 ἀλλ’
614 2473 743 2556 εὔξαιτο
761 2475 823 2560 μὲν
839 2470 882 2540 ἀν
899 2471 982 2541 εἶναι
997 2475 1052 2542 καὶ
1066 2471 1129 2559 τὴν
1141 2498 1211 2539 πα-

200 2577 295 2656 τρίδα
320 2587 390 2651 ταῖς
411 2571 583 2659 εὐδαίμοσι
606 2581 856 2660 παραπλησίαν,
887 2576 994 2642 ἕλοιτο
1021 2571 1053 2640 δ’
1076 2569 1120 2638 ἀν
1145 2571 1211 2660 τὴν

201 2669 393 2738 ὁποιανοῦν.
422 2679 451 2740 3.
469 2671 506 2739 τὸ
523 2669 553 2740 δ’
571 2670 652 2740 αὐτὸ
672 2681 769 2741 τοῦτο
787 2677 841 2741 καὶ
862 2678 896 2740 οέ
909 2677 1030 2741 δίκαιοι
1046 2681 1115 2740 των
1129 2681 1211 2740 παί-

202 2777 271 2838 δων
287 2771 469 2854 πράττουσι
485 2774 540 2839 καὶ
561 2774 744 2858 οἱχρηστοὶ
759 2779 826 2838 τῶν
846 2775 1014 2855 πατέρων·
1042 2769 1120 2838 οὔτε
1140 2769 1210 2858 γάρ

201 2874 275 2948 νέος
296 2869 397 2949 καλὸς
417 2869 566 2956 κάγαθὸς
587 2870 691 2938 ἀλλον
714 2866 758 2936 ἀν
780 2871 979 2956 προτιμήσαι
1000 2878 1060 2938 τοῦ
1081 2869 1208 2953 πατρδ,

202 2967 279 3036 οὔτε
295 2968 403 3055 πατὴρ
421 2969 648 3056 καταμελήσας
664 2976 725 3036 τοῦ
746 2967 863 3046 παιδὸς
879 2970 993 3052 ἕτερον
1012 2964 1056 3035 ἀν
1076 2973 1208 3051 στέρξαι

201 3071 295 3152 νέον,
316 3065 399 3134 ἀλλά
415 3069 576 3134 τοσοῦτόν
598 3095 636 3153 γε
657 3074 691 3136 οί
709 3073 844 3150 πατέρες
867 3068 1045 3153 νικώμενοι
1062 3070 1208 3150 προσνέ-

201 3186 302 3250 μουσι
317 3181 385 3244 τοῖς
400 3172 531 3250 παισίν,
556 3165 638 3234 ὥστε
661 3170 714 3236 καλ
735 3169 903 3236 κάλλιστοι
921 3170 976 3236 καὶ
990 3173 1137 3254 μέγιστοι
1152 3171 1209 3236 καὶ

200 3279 268 3343 τοῖς
282 3275 385 3332 πᾶσιν
395 3264 512 3345 ἀριστα
524 3274 701 3349 φαίνονται
717 3268 956 3352 κεκοσμημένοι
970 3270 1005 3332 οέ
1016 3270 1131 3344 παῖδες
1143 3264 1209 3332 αὐ-

201 3378 277 3440 τοῖς.
301 3361 390 3441 ὅστις
404 3366 440 3430 δὲ
459 3362 504 3450 μὴ
520 3366 670 3442 τοιοῦτός
686 3369 752 3433 ἐστι
770 3364 925 3452 δικαστὴς
939 3364 1024 3447 πρὸς
1039 3363 1100 3432 τὸν
1116 3364 1208 3451 υἱόν,

202 3461 351 3529 εὐδοκεῖ
367 3489 423 3545 μοι
441 3461 564 3546 πατρὸς
579 3461 779 3550 ὀφθαλμοὺς
794 3471 889 3550 ἔχειν.
919 3471 947 3532 4.
965 3469 1122 3546 πατρίδος
1136 3472 1207 3534 τοί-
