2625 4092
227 281 289 342 292
582 277 885 335 AOYKIANOY

312 445 362 507 12.
380 446 506 507 ΖΕΥΣ.
529 435 671 504 Οὐδέπω
682 463 739 521 μοι
753 440 876 520 λέγεις,
893 427 921 503 ὦ
936 442 1143 522 Φιλοσοφία,
1162 440 1232 505 τίνα

226 535 396 623 ἠδίκησαι,
415 533 487 603 ἀλλ’
507 533 702 620 ἀγανακτεῖς
717 532 833 618 μόνον.

311 642 400 704 ΦΙΛ.
428 635 493 701 Καὶ
511 632 578 718 μήν
598 629 716 715 ὐκονε,
743 625 868 717 ὐΖεύ,
888 631 983 716 ήλίκα
998 635 1082 700 έστί·
1111 629 1236 718 μιαρὸν

226 737 291 821 γύρ
311 761 342 801 τι
360 741 471 820 φῦλον
485 729 679 815 ἀνθρώπων
700 733 754 797 καλ
776 727 819 808 ὡς
839 729 876 796 τό
896 729 984 798 πολύ
1000 728 1161 798 δουλικὸν
1182 733 1236 797 καὶ

226 833 383 919 θητικόν,
400 828 441 898 οὐ
453 828 699 916 ξυγγενόμενον
709 826 790 914 ἡμῖν
802 832 839 896 ἐκ
848 834 979 896 παίδων
989 826 1047 896 ὐπ’
1061 827 1235 913 ίσχολίας

226 931 382 998 ἐδούλευε
398 925 462 1013 γάρ
473 923 495 1013 ἢ
508 921 700 1013 ίθήτευενή
714 925 816 1004 ἄλλας
831 929 948 1013 τέχνας
965 930 1036 1004 οἵας
1051 924 1137 1003 είκδς
1153 922 1237 1001 τούς

226 1027 399 1104 τοιούτους
410 1023 596 1110 ἐμάνθανε,
614 1026 789 1091 σκυτεύειν
800 1020 821 1109 ή
833 1021 1047 1110 τεκταίνεινή
1060 1026 1133 1106 περὶ
1145 1032 1239 1091 πλυ-

228 1121 309 1203 νούς
327 1130 413 1210 ἔχειν
433 1117 456 1207 ή
477 1127 549 1206 ἔρια
566 1126 706 1206 ξαίνειν,
735 1119 778 1200 ὡς
797 1120 918 1207 εὐεργὰ
942 1133 993 1208 ελη
1013 1137 1084 1201 ταῖς
1102 1124 1238 1207 γυναιξὶ

227 1227 281 1291 καὶ
304 1219 474 1308 εὐμήρυτα
493 1222 545 1286 καὶ
562 1221 738 1304 κατάγοιτο
757 1219 924 1306 εὐμαρῶς,
949 1219 1048 1290 ὁπότε
1067 1218 1088 1306 ἢ
1106 1221 1239 1304 κρόκην

227 1325 350 1389 ἐκεῖναι
364 1319 540 1404 στρέφοιεν
560 1314 581 1403 ἢ
597 1325 693 1404 μίτον
708 1317 883 1386 κλώθοιεν.
911 1327 1048 1388 τοιαῦτα
1062 1328 1186 1387 τοίνυν
1203 1321 1240 1386 έν
1297 1368 1298 1408 3

227 1421 320 1486 παισὶ
336 1422 535 1503 μελετῶντες
553 1414 632 1484 οὐδὲ
650 1416 758 1502 ὄνομα
776 1415 813 1484 τό
828 1416 991 1505 ἡμέτερον
1007 1418 1139 1508 ᾔδεσαν.
1166 1419 1240 1485 ἐπεὶ
1297 1415 1298 1423 ’

227 1521 263 1588 δὲ
278 1525 323 1596 είς
338 1515 463 1600 ἄνδρας
474 1525 581 1583 τελεῖν
590 1513 733 1601 ήρξαντο
749 1520 803 1584 καὶ
817 1521 971 1585 κατεῖδον
980 1515 1042 1604 τήν
1056 1520 1156 1596 αίδοί,
1176 1513 1239 1598 ὅση

159 1633 210 1686 372
230 1613 318 1700 παρὰ
339 1622 407 1680 των
427 1621 560 1680 πολλῶν
574 1615 642 1681 ἐστι
663 1628 730 1692 τοῖς
750 1617 890 1699 ἑταίροις
906 1630 975 1694 τοῖς
989 1619 1093 1702 ε’μοῖς,
1119 1615 1179 1681 καὶ
1197 1611 1240 1690 ὦς

228 1714 400 1799 ἀνέχονται
422 1715 456 1778 ολ
475 1709 651 1794 ἄνθρωποι
672 1709 734 1797 τήν
755 1719 943 1798 παρρησίαν
966 1710 1028 1798 τήν
1050 1709 1166 1779 αὐτῶν
1184 1712 1241 1777 καὶ

229 1819 380 1898 χαίρουσι
403 1806 668 1893 θεραπευόμενοι
692 1811 746 1877 καὶ
768 1809 1036 1897 συμβουλεύουσι
1056 1818 1241 1877 πείθονται

173 1933 177 1941 ’
228 1912 282 1976 καὶ
293 1907 521 1992 ἐπιτιμώντων
532 1904 800 1993 ὑποπτήσσουσι,
817 1915 920 1975 ταῦτα
930 1909 1039 1975 πάντα
1050 1910 1242 1990 τυραννίδα

229 2005 270 2074 οὐ
285 2002 408 2092 μικρὰν
424 2001 569 2089 ἡγοῦντο
585 2001 680 2072 εἶναι.
715 2011 766 2074 13.
781 2003 818 2072 τδ
833 2005 895 2090 μὲν
909 2003 950 2091 δή
966 2004 1157 2091 μανθάνειν
1174 2003 1241 2072 ὅσα

229 2111 268 2190 τῇ
289 2102 425 2188 τοιαύτη
447 2104 637 2185 προαιρέσει
654 2103 847 2188 πρόσφορα,
873 2100 1004 2188 μακρόν
1023 2095 1083 2188 ήν,
1106 2108 1242 2186 μᾶλλον

229 2203 265 2268 δὲ
280 2205 398 2288 κομιδή
409 2197 586 2267 ἀδύνατον.
610 2205 646 2268 αί
654 2205 764 2286 τέχναι
779 2203 815 2268 δὲ
828 2208 979 2287 γλίσχραι
994 2204 1047 2268 καὶ
1060 2199 1125 2267 σύν
1139 2200 1241 2290 πόνφ

229 2303 283 2366 καὶ
298 2299 392 2385 μόγις
406 2297 504 2367 ἱκανοὶ
519 2302 673 2384 παρέχειν
690 2301 861 2367 ἐδύναντο.
884 2304 983 2378 ἐνίοις
998 2301 1099 2367 δὲκαὶ
1112 2298 1134 2385 ἡ
1153 2305 1242 2366 δου-

230 2407 300 2467 λεία
312 2397 400 2484 βαρύ
411 2401 465 2466 καὶ
478 2396 588 2481 ὥσπερ
598 2391 663 2466 οὐν
674 2401 773 2484 ἐστιν,
784 2396 957 2486 αἰφόρητον
966 2404 1128 2486 ἐφαίνετο.
1142 2403 1241 2478 ἔδοξε

230 2499 270 2584 δή
285 2499 525 2584 σκοπουμένοις
536 2495 597 2584 τήν
608 2495 755 2585 ὑστάτην
769 2498 931 2584 ἄγκυραν,
946 2495 990 2584 ἣν
1000 2495 1096 2580 ἱερὰν
1105 2502 1138 2565 οί
1149 2525 1243 2565 ναυ-
1294 2546 1295 2553 1

228 2598 419 2684 τιλλόμενοί
431 2618 531 2684 φασι,
552 2599 724 2682 καθιέναι,
744 2599 799 2666 καὶ
813 2599 866 2665 ἐπὶ
882 2599 944 2683 τήν
958 2603 1130 2684 βελτίστην
1147 2594 1242 2664 ἀπό-

230 2723 327 2765 νοιαν
349 2697 569 2785 ὁρμήσαντες,
592 2703 638 2765 ἔτι
659 2724 695 2764 τε
718 2699 773 2766 καὶ
788 2697 915 2782 τόλμαν
935 2698 989 2764 καὶ
1010 2694 1162 2782 α’μαθίαν
1183 2699 1242 2762 καὶ

230 2795 467 2884 ἀναισχυντίαν
480 2801 871 2882 προσπαρακαλέσαντες,
892 2796 991 2877 αἵπερ
1006 2791 1118 2871 αὐτοῖς
1132 2792 1241 2878 μύλι-

230 2918 290 2963 στα
306 2903 604 2983 συναγωνίζονται,
620 2899 675 2964 καλ
689 2899 856 2976 λοιδορίας
866 2892 984 2972 καινὰς
995 2893 1241 2979 ίκμελετήσαν·
1293 2950 1294 2955 ,

229 3021 292 3079 τες,
310 2995 356 3074 ὡς
366 2997 536 3081 πρόχειροι
547 2993 613 3063 εἶεν
624 2998 679 3064 καὶ
693 2992 758 3061 ὐνδ
771 2994 887 3079 στόμα,
903 2994 1025 3072 ταύτας
1034 2993 1140 3079 μόνας
1151 3000 1241 3077 ξυμ-

229 3090 330 3179 βολὰς
354 3099 482 3178 ἔχοντες
497 3135 539 3144 -
552 3089 632 3182 ὁρᾷς
652 3089 749 3160 ὁποῖα
766 3089 850 3175 πρός
873 3101 1077 3179 φιλοσοφίαν
1097 3094 1240 3178 ἐφόδια,
1291 3112 1294 3206 χ

228 3197 516 3277 -σχηματίζουσι
537 3192 590 3259 καὶ
605 3198 872 3278 μετακοσμοῦσιν
887 3189 1010 3269 αὐτούς
1025 3184 1065 3258 εὐ
1081 3192 1173 3277 μάλα
1188 3198 1240 3260 εί·
1291 3206 1292 3229 ¹

229 3289 332 3369 κότως
347 3293 401 3358 καὶ
412 3290 495 3373 πρὸς
506 3294 577 3376 ἐμέ,
593 3287 666 3359 οἷόν
676 3317 706 3358 τι
717 3289 829 3377 ὐμέλει
844 3289 1030 3368 ὁΑίσωπός
1040 3312 1123 3376 φησι
1133 3299 1239 3376 ποιῆ-

229 3406 284 3452 σαι
300 3386 358 3454 τὸν
373 3391 409 3455 ἐν
423 3395 462 3474 τῇ
474 3389 573 3477 Κύμη
587 3387 684 3473 όνον,
701 3386 737 3468 ὃς
751 3396 891 3474 λεοντῆν
902 3386 1166 3474 περιβαλόμενος
1180 3391 1238 3455 καὶ

228 3482 331 3568 τραχύ
348 3481 537 3570 ὀγκώμενος
553 3484 648 3571 ήξίου
669 3489 754 3554 λέων
768 3489 823 3556 καλ
845 3484 946 3566 αὐτὸς
962 3486 1061 3555 εἶναι·
1094 3497 1152 3557 καί
1165 3489 1238 3556 πού
