2625 4092
91 284 215 342 ΠΕΡΙ
234 284 328 343 ΤΟΥ
345 285 425 342 ΜΗ
442 284 563 342 ΡΑιΔ.
584 283 713 341 ΠΙΣΤ.
734 282 988 341 ΔΙΑΒΟΛΗι.
1035 275 1094 343 157

90 445 339 530 παραγάγωμεν
353 441 413 512 τὸν
428 441 710 529 πρωταγωνιστὴν
727 450 787 509 τοῦ
808 443 989 528 δράματος,
1012 447 1096 529 λέγω

89 544 127 609 δὲ
150 540 211 609 τὸν
230 540 372 629 ποιητὴν
387 550 445 628 τῆς
463 545 626 627 διαβολῆς.
660 532 757 617 οὗτος
775 539 810 607 δὲ
827 539 866 625 δη
887 536 930 617 ῶς
950 539 1012 624 μὲν
1032 538 1095 609 οὐκ

90 637 222 727 ἀγαθός
238 639 420 724 ἅνθρωπός
437 644 521 722 ἐστι,
542 645 645 704 πᾶσιν
661 637 750 722 οἶμαι
771 637 957 722 γνώριμον·
987 635 1095 714 οὐδεὶς

89 737 156 823 γὰρ
174 736 217 807 ἀν
232 736 363 825 ἀγαθός
381 745 494 806 κακῶν
511 747 615 814 αίτιος
630 739 759 822 γένοιτο
775 743 821 825 τῷ
838 741 995 820 πλησίον,
1019 731 1092 801 ἀλλ’

90 844 184 923 ἔστιν
205 836 346 922 ἀγαθῶν
360 835 494 918 ἀνδρῶν
516 831 575 919 ἀφ’
594 825 643 900 ῶν
665 825 704 900 εὖ
725 838 882 899 ποιοῦσιν
903 829 997 899 αὐτοὶ
1017 830 1095 910 τούς

91 943 228 1019 φίλους,
252 933 314 1002 οὐκ
335 933 396 1020 ἀφ’
413 928 460 1003 ῶν
482 932 559 1011 τοὺς
577 932 699 1010 ἀλλους
715 930 910 1010 ἀδικοῦντες
928 938 1096 1000 αἰτιῶνται

90 1033 148 1100 καὶ
169 1043 339 1116 μισεῖσθαι
356 1032 682 1117 παρασκευάζουσιν,
710 1026 898 1114 εὐδοκιμεῖν
915 1030 1017 1110 δόξαν
1039 1028 1095 1096 εό·

91 1134 187 1206 νοίας
201 1130 456 1217 προσλαβόντες.
489 1136 518 1198 8.
535 1134 645 1196 ἔπειτα
667 1130 702 1194 δὲ
720 1123 764 1204 ῶς
784 1125 930 1205 ἀδικοςὸ
947 1135 1096 1204 τοιοῦτος

91 1231 148 1294 καὶ
163 1227 357 1311 παράνομός
372 1231 440 1294 ε’στι
451 1229 506 1295 καὶ
521 1224 641 1312 ἀσεβὴς
653 1228 707 1292 καὶ
718 1238 784 1302 τοῖς
793 1228 974 1310 χρωμένοις
986 1228 1094 1312 ἐπιζη-

89 1352 183 1410 μιος,
203 1326 322 1414 ῥᾴδιον
343 1336 556 1410 καταμαθεῖν.
584 1332 632 1401 τίς
652 1320 716 1408 γάρ
737 1321 800 1390 οὐκ
823 1319 866 1389 ἀν
882 1322 1096 1411 ὁμολογήσειε

89 1421 154 1510 τὴν
171 1423 233 1508 μὲν
253 1423 387 1508 ἰσότητα
409 1428 446 1490 έν
461 1421 582 1490 ἅπαντι
600 1425 654 1489 καί
672 1420 707 1488 τό
724 1423 829 1508 μηδὲν
849 1426 950 1491 πλέον
970 1427 1095 1490 δικαιο-

89 1522 197 1606 σύνης
208 1528 288 1607 ἔργα
301 1521 400 1607 εἶναι,
418 1519 455 1588 τό
471 1521 506 1588 δέ
521 1519 640 1588 ἀνισόν
654 1546 688 1586 τε
704 1522 758 1587 καὶ
772 1518 1009 1588 πλεονεκτικόν
1021 1517 1094 1586 ἀδι-
1117 1526 1165 1581 135

90 1626 180 1697 κίας;
194 1616 259 1687 όδλ
268 1627 308 1708 τῇ
319 1625 457 1708 διαβολῇ
468 1618 551 1687 κατὰ
562 1626 630 1685 τῶν
639 1615 795 1685 ἀπόντων
805 1620 917 1706 λάθρᾳ
928 1617 1097 1703 χριόμενος

90 1725 164 1794 πῶς
179 1717 220 1785 οὐ
238 1720 435 1802 πλεονέκτης
450 1721 538 1786 ἐστὶν
551 1716 632 1784 όλον
645 1713 705 1785 τόν
724 1715 890 1802 ἀκροατὴν
906 1715 1095 1801 σφετεριζό-

89 1842 193 1900 μενος
203 1820 258 1884 καλ
268 1816 599 1903 προκαταλαμβάνων
610 1815 717 1882 αὐτοῦ
725 1814 764 1883 τά
778 1809 844 1882 ῶτα
856 1819 910 1884 καὶ
922 1813 1096 1901 ἀποφράτ-

89 1941 160 1981 των
176 1919 229 1982 καλ
250 1925 295 2005 τῷ
312 1920 455 2007 δευτέρω
475 1918 564 2006 λόγῳ
579 1926 748 1995 παντελῶς
767 1915 873 2004 ἀβατα
889 1920 1096 1985 κατασκευά-

90 2021 159 2096 ζων
172 2012 255 2082 αὐτὰ
272 2013 337 2081 ὑπό
356 2023 413 2101 τῆς
428 2022 584 2103 διαβολῆς
601 2019 938 2104 προεμπεπλησμένα;
961 2015 1096 2102 ἐσχάτης

90 2111 220 2190 ἀδικίας
235 2110 272 2179 τό
289 2123 457 2199 τοιοῦτον,
478 2114 521 2193 ῶς
533 2129 631 2199 φαῖεν
642 2109 687 2180 ἀν
702 2117 756 2182 καὶ
771 2120 804 2182 οί
813 2113 942 2199 ἀριστοι
958 2122 1025 2182 τῶν
1036 2139 1097 2180 νο-

91 2220 263 2297 μοθετῶν,
284 2209 356 2281 οἷον
373 2215 391 2281 ὁ
408 2216 529 2284 Σόλων
549 2215 602 2282 καὶ
623 2211 641 2280 ὁ
656 2213 820 2296 Δράκων,
843 2220 983 2296 ἔνορκον
999 2239 1095 2298 ποιη-

91 2311 231 2394 σάμενοι
245 2327 313 2389 τοῖς
329 2318 494 2392 δικασταῖς
507 2313 544 2381 τό
561 2311 681 2398 ὁμοίως
695 2311 821 2397 ἀμφοῖν
836 2309 1024 2395 ἀκροᾶσθαι
1042 2315 1096 2380 καί

89 2408 127 2476 τό
147 2407 209 2496 τήν
230 2409 367 2478 εὔνοιαν
388 2422 464 2498 ίσην
486 2428 553 2490 τοῖς
573 2412 782 2496 κρινομένοις
799 2408 996 2496 ἀπονέμειν,
1021 2409 1096 2496 ἀχρι

90 2505 136 2574 ἀν
150 2504 169 2574 ό
184 2517 245 2575 τοῦ
267 2514 424 2593 δευτέρον
443 2511 542 2596 λόγος
562 2513 760 2592 παρατεθεὶς
775 2515 921 2593 θατέρου
942 2518 1061 2596 χείρων
1075 2507 1095 2596 ἦ

90 2604 239 2691 ἀμείνων
256 2614 363 2695 φανῇ·
392 2611 472 2691 πρὶν
492 2611 531 2676 δέ
543 2636 581 2695 γε
602 2607 812 2687 ἀντεξετάσαι
830 2608 891 2696 τὴν
912 2609 1095 2696 ἀπολογίαν
1116 2623 1165 2680 136

90 2713 131 2793 τῇ
151 2713 348 2794 κατηγορίᾳ,
374 2714 542 2784 παντελῶς
564 2705 667 2794 ἀσεβῆ
691 2711 744 2774 καὶ
767 2707 905 2775 ἀνόσιον
929 2707 1096 2795 ἡγήσαντο

90 2811 228 2872 ἔσεσθαι
243 2803 306 2891 τὴν
320 2813 438 2890 κρίσιν.
463 2806 595 2891 καὶγὰρ
610 2805 653 2873 ἀν
669 2809 722 2875 καὶ
733 2805 856 2888 αὐτοὺς
870 2809 1096 2898 ἀγανακτῆσαι

89 2900 171 2980 τούς
184 2902 288 2982 θεοάς
306 2914 471 2989 είποιμεν,
489 2911 519 2972 εί
534 2912 579 2995 τῷ
597 2905 769 2996 κατηγόρῳ
785 2905 854 2991 μετ’
873 2906 1015 2988 ἀδείαςά
1035 2912 1096 2978 θέ-

90 3012 141 3071 λει
153 3003 263 3087 λέγειν
272 3006 511 3089 ἐπιτρέποιμεν,
522 3002 774 3089 ἀποφράξαντες
787 3007 821 3072 δὲ
833 3014 877 3096 τῷ
889 3035 1095 3095 κατηγορου-

89 3106 181 3191 μένφ
200 3100 240 3169 τά
264 3095 330 3169 ῶτα
354 3099 374 3188 ἦ
391 3100 428 3169 τό
452 3103 556 3189 στόμα
574 3111 766 3182 σιωπῶντος
787 3115 1096 3194 καταψηφιζοίμεθα

89 3208 136 3288 τῷ
148 3205 297 3289 προτέρῳ
308 3202 397 3290 λόγῳ
409 3204 648 3287 κεχειρωμένοι.
674 3203 756 3270 ὥστε
771 3201 812 3271 οὐ
823 3204 906 3274 κατά
916 3205 953 3274 τό
966 3212 1097 3276 δίκαιον

89 3299 144 3365 καὶ
160 3295 196 3363 τὸ
209 3299 352 3383 νόμιμον
364 3298 487 3367 καὶτὸν
502 3298 606 3383 ὅρκον
618 3300 680 3368 τόν
692 3303 884 3372 δικαστικόν
900 3314 981 3392 φαίη
993 3336 1042 3386 τις
1053 3303 1096 3375 ἀν

88 3403 268 3483 γίγνεσθαι
279 3394 337 3475 τάς
352 3401 518 3485 διαβολάς.
542 3406 571 3467 εί
584 3404 623 3468 δέ
629 3428 675 3491 τφ
686 3401 730 3487 μὴ
743 3399 925 3480 ἀξιόπιστοι
937 3411 1097 3474 δοκοῦσιν

89 3498 123 3560 οί
145 3499 327 3580 νομοθέται
352 3508 594 3578 παραινοῦντες
622 3499 710 3566 οὕτω
737 3505 864 3579 δικαίας
886 3505 940 3570 καὶ
966 3502 1097 3588 ἀμερεῖς
