2625 4092
228 288 619 357 ’ΔΗΜΟΣΘΕΝΟΤΣ
638 298 921 357 ΕΓΚΩΜΙΟΝ.
1015 291 1078 357 377

69 460 105 527 δὲ
122 455 226 525 αὐτόν
240 456 461 543 ῦπερηγάμην
475 464 535 524 τοῦ
550 483 585 524 τε
602 460 816 545 φρονήματος
830 459 962 543 καὶτῆς
975 456 1076 524 συνέ-
1094 475 1146 527 516

67 574 167 641 σεως,
189 554 308 642 ἀκλινῆ
323 555 385 642 την
409 553 519 642 ψυχὴν
535 552 588 623 ἐπ’
608 552 715 641 ὀρθῆς
737 558 774 624 ἐν
788 552 933 633 ἁπάσαις
948 553 1078 639 φυλάτ-

67 682 168 722 τοντα
183 662 370 740 τρικυμίαις
389 661 446 740 τῆς
464 653 565 740 τύχης
582 657 635 719 καὶ
652 650 736 738 πρός
751 654 856 739 μηδὲν
872 662 940 720 τών
956 658 1078 720 δεινῶν

69 751 253 822 ἐνδιδόντα.
285 755 340 820 καὶ
361 760 531 821 Φίλιππον
553 753 589 819 δὲ
611 747 675 838 τὴν
695 749 780 839 ἐμὴν
802 750 942 838 γνώμην
963 756 1079 836 λχοντα

68 852 144 936 περὶ
155 848 298 933 τάνδρός
308 849 511 937 ἠπιστάμην·
527 850 635 940 τούτῳ
645 852 708 936 μέν
718 876 756 937 γε
767 854 971 936 δημηγορίας
982 843 1078 935 ἐξαγ-

69 955 245 1035 γελθείσης
257 946 448 1035 Ἀθηυηθέν
466 971 545 1015 ποτε
559 949 815 1033 καθαπτομίνης
830 953 891 1013 τοῦ
907 954 1077 1015 Φιλίππου

68 1047 125 1114 καί
140 1053 380 1133 Παρμενίωνος
394 1043 663 1133 ἠγανακτηιιότος
684 1052 743 1111 καί
758 1070 791 1113 τι
810 1045 866 1113 καὶ
888 1042 1078 1113 σκωπτικὸν

68 1150 116 1223 είς
138 1141 198 1211 τόν
213 1144 441 1230 Δημοσθένην
465 1142 672 1227 ἐπειπόντος,
695 1136 734 1210 Ὠ
755 1150 975 1229 Παρμενίων,
1002 1148 1077 1228 ἐφη,

68 1246 196 1319 δίκαιος
216 1239 233 1308 ὁ
251 1243 473 1327 Δημοσθένης
492 1247 678 1326 παρρησίας
697 1240 890 1326 τυγχάνειν·
918 1238 1021 1325 μόνος
1041 1242 1082 1326 γέ

66 1364 121 1407 τοι
136 1346 204 1406 τών
217 1342 270 1407 ἐπὶ
287 1345 343 1425 τῆς
353 1335 508 1415 Ἑλλάδος
524 1342 733 1423 δημαγωγῶν
747 1336 899 1424 οὐδαμοῦ
914 1352 982 1417 τοις
993 1337 1079 1404 όπο-

67 1446 240 1523 λογισμοῖς
260 1439 478 1522 ἐγγέγραπται
501 1443 569 1503 τών
590 1440 679 1521 ἐμών
699 1433 944 1522 ἀναλωμάτων,
971 1443 1078 1504 καίτοι

66 1542 196 1620 μᾶλλον
217 1531 411 1621 ἠβουλόμην
431 1530 452 1620 ἢ
479 1543 707 1621 γραμματεῦσι
731 1538 786 1603 καὶ
810 1548 1079 1622 τριταγωνισταῖς

65 1628 215 1719 ἐμαυτόν
222 1635 485 1702 πεπιστευκέναι.
501 1641 568 1700 νῦν
579 1631 611 1701 δ’
623 1637 762 1701 ἐκείνων
773 1636 835 1720 μὲν
846 1636 983 1713 ἕκαστος
992 1629 1078 1701 ιἰπο-

64 1732 249 1818 γέγραπται
260 1737 400 1818 χρυσίον
411 1732 493 1810 ξύλα
504 1732 631 1813 πόρους
645 1734 820 1818 θρέμματα
836 1739 900 1818 γῆν
915 1729 958 1798 οὐ
968 1740 1078 1800 Βοιω-

66 1835 140 1907 τίας
154 1825 230 1895 οὐδ’
247 1834 331 1895 ἔνθα
345 1856 377 1896 τι
388 1828 433 1915 μη
449 1828 529 1913 παρ’
546 1832 629 1915 ἐμοῦ
642 1829 811 1917 λαβόντες.
833 1828 926 1917 ἡμεῖς
940 1831 978 1898 δέ
991 1837 1078 1898 θᾶτ-

67 1952 129 1995 τον
143 1924 186 1994 ιῖν
199 1934 268 1995 τών
278 1934 470 2008 Βυζαντίων
485 1925 521 1996 τό
537 1942 641 2013 τεῖχος
653 1930 788 2013 ἕλοιμεν
801 1945 961 2015 μηχαναῖς
972 1925 993 2015 ἢ
1004 1939 1078 2014 Δη-

65 2026 241 2111 μοσθόνην
252 2035 387 2116 χρυσίῳ.
409 2030 461 2097 34.
479 2023 542 2112 ἐγώ
556 2029 602 2111 δέ,
619 2020 868 2111 ώΠαρμενίων,
884 2032 959 2114 ἐφη,
976 2030 1076 2113 εἰμέν
1096 2043 1146 2098 516

68 2148 117 2199 τις
135 2118 312 2207 Ἀθηναῖος
334 2118 382 2190 ών
402 2126 440 2191 ἐν
459 2122 615 2210 Ἀθήναις
637 2127 746 2207 λέγων
766 2125 822 2210 ἐμὲ
843 2130 901 2208 της
921 2128 1079 2207 πατρίδος

65 2227 230 2309 προτιμᾷ,
252 2220 382 2301 τούτοις
398 2220 562 2308 ἀργύριον
575 2222 637 2309 μὲν
658 2226 809 2308 προίμην
828 2220 889 2307 ἄν,
911 2230 1028 2309 φιλώαν
1043 2218 1075 2288 δ’

66 2317 131 2388 ούιι
151 2319 209 2387 ἄν·
244 2327 274 2389 εί
289 2324 328 2390 δέ
344 2348 393 2401 τις
415 2318 500 2408 ὑπὲρ
515 2329 573 2410 τῆς
594 2326 752 2403 πατρίδος
773 2322 829 2405 ἐμὲ
850 2336 953 2407 μισεῖ,
971 2322 1078 2410 τούτῳ

65 2427 290 2505 προοπολεμώ
311 2424 373 2506 μὲν
396 2418 440 2500 ὡς
464 2419 645 2505 ἀκροπόλει
663 2422 835 2504 καί-τείχει
855 2423 910 2487 καὶ
926 2428 1078 2506 νεωρίοις

64 2522 122 2587 καὶ
136 2520 271 2611 τάφρφ,
285 2519 447 2607 θαυμάζω
461 2522 498 2587 δέ
512 2526 571 2607 τῆς
583 2517 700 2605 άρετης
714 2521 769 2586 καὶ
783 2526 951 2604 μαιιαριῖω
964 2546 1003 2605 γε
1017 2527 1078 2585 τοῦ

64 2617 231 2705 κτήματος
244 2619 306 2705 τὴν
325 2619 434 2686 πόλιν.
458 2620 512 2687 καὶ
528 2615 610 2695 τούς
623 2620 686 2703 μὲν
702 2624 765 2697 ἔξω
781 2624 839 2703 της
854 2624 964 2702 χρείας
979 2617 1078 2703 γενό-

65 2741 168 2802 μενος
183 2714 288 2801 ἥδιστ’
311 2712 356 2783 ἂν
378 2719 679 2801 προσαπολέσαιμι,
702 2712 762 2781 τόν
778 2716 813 2783 δέ
834 2723 1019 2801 βουλοίμην
1033 2711 1077 2781 ἂν

64 2819 232 2885 ἐνταυθοῖ
244 2812 324 2898 παρ’
340 2814 420 2902 ἡμῖν
436 2830 547 2901 τυχεῖν
560 2816 746 2900 γενόμενον
760 2821 889 2899 μᾶλλον
904 2810 925 2899 ἢ
942 2812 1004 2899 την
1016 2810 1076 2879 Ἰλ-

64 2920 195 2997 λυριῶν
209 2916 313 2981 ἵππον
328 2918 382 2983 καὶ
401 2920 596 2999 Τριβαλλῶν
611 2915 667 2982 καὶ
681 2919 749 2981 πᾶν
766 2910 801 2979 τό
816 2912 1076 2997 μισθοφορικόν,

64 3018 124 3097 τῆς
140 3009 255 3079 ὅπλων
268 3019 342 3098 βίας
355 3010 418 3098 την
431 3020 492 3079 τοῦ
506 3012 611 3097 λόγου
630 3010 738 3079 πειθώ
752 3013 807 3079 καὶ
821 3007 858 3076 τό
873 3018 931 3095 της
944 3010 1078 3096 γνώμης

64 3112 225 3195 ἐμβριθὲς
238 3110 369 3196 οὐδαμῆ
380 3113 484 3188 τιθεὶς
500 3110 665 3193 δεύτερον.
689 3115 740 3177 35.
758 3107 840 3192 πρός
853 3114 1077 3195 Παρμενίωνα

65 3206 129 3291 μὲν
140 3214 253 3275 ταῦτα.
276 3210 450 3286 τοιούτους
461 3211 500 3275 δι’
508 3234 600 3285 τινας
609 3210 665 3277 καί
674 3207 758 3291 πρός
766 3207 822 3293 ἐμὲ
831 3206 952 3292 λόγους
962 3205 1077 3292 ἐποιή·

65 3328 163 3371 σατο·
186 3313 255 3373 τών
269 3303 334 3392 γάρ
349 3303 432 3393 μετὰ
447 3313 654 3385 Διοπείθους
663 3303 858 3393 Ἀθήνηθεν
871 3303 1076 3392 άπεσταλμέ·

66 3428 147 3489 νων,
166 3402 230 3490 ἐγώ
243 3403 306 3489 μὲν
321 3401 408 3489 είχον
424 3401 481 3471 διά
492 3408 681 3487 φροντίδος,
700 3401 718 3472 ὁ
734 3401 766 3471 δ’
785 3396 824 3471 εύ
834 3403 922 3490 μάλα
934 3404 1077 3489 γελάσας

65 3506 144 3583 ἔφη·
175 3499 230 3569 Σύ
246 3498 276 3569 δ’
301 3499 438 3571 άστιιιὸν
460 3499 645 3589 στρατηγόν
662 3496 684 3587 ἦ
700 3503 905 3586 στρατιώτην
926 3505 1077 3576 δέδοικας
