<?xml version="1.0" encoding="UTF-8"?>
<!DOCTYPE html PUBLIC "-//W3C//DTD XHTML 1.0 Transitional//EN"
    "http://www.w3.org/TR/xhtml1/DTD/xhtml1-transitional.dtd">
<html xmlns="http://www.w3.org/1999/xhtml" xml:lang="en" lang="en">
 <head>
  <title>
</title>
<meta http-equiv="Content-Type" content="text/html;charset=utf-8" />
  <meta name='ocr-system' content='tesseract 3.04.00' />
  <meta name='ocr-capabilities' content='ocr_page ocr_carea ocr_par ocr_line ocrx_word'/>
</head>
<body>
  <div class='ocr_page' id='page_1' title='image "./lucianisamosate04jacogoog/lucianisamosate04jacogoog_0309.png"; bbox 0 0 2625 4092; ppageno 0'>
   <div class='ocr_carea' id='block_1_1' title="bbox 326 279 1100 347">
    <p class='ocr_par' dir='ltr' id='par_1_1' title="bbox 326 279 1100 347">
     <span class='ocr_line' id='line_1_1' title="bbox 326 279 1100 347; baseline -0.003 0"><span class='ocrx_word' id='word_1_1' title='bbox 326 287 590 347; x_wconf 82' lang='lat' dir='ltr'><em>ETAIPIKOI</em></span> <span class='ocrx_word' id='word_1_2' title='bbox 608 287 870 346; x_wconf 83' lang='grc' dir='ltr'><em>ΔΙΑΛΟΓΟΙ.</em></span> <span class='ocrx_word' id='word_1_3' title='bbox 1037 279 1100 345; x_wconf 75' lang='lat'><strong><em>253</em></strong></span> 
     </span>
    </p>
   </div>
   <div class='ocr_carea' id='block_1_2' title="bbox 93 445 1176 3587">
    <p class='ocr_par' dir='ltr' id='par_1_2' title="bbox 93 445 1101 826">
     <span class='ocr_line' id='line_1_2' title="bbox 93 445 1101 536; baseline -0.008 -18"><span class='ocrx_word' id='word_1_4' title='bbox 93 455 178 536; x_wconf 89' lang='grc' dir='ltr'><strong><em>μένη</em></strong></span> <span class='ocrx_word' id='word_1_5' title='bbox 193 448 274 536; x_wconf 88' lang='grc' dir='ltr'><strong><em>μετά</em></strong></span> <span class='ocrx_word' id='word_1_6' title='bbox 291 445 466 531; x_wconf 79' lang='grc' dir='ltr'><em>δακρύων,</em></span> <span class='ocrx_word' id='word_1_7' title='bbox 482 449 536 515; x_wconf 84' lang='grc' dir='ltr'><strong><em>καὶ</em></strong></span> <span class='ocrx_word' id='word_1_8' title='bbox 551 449 693 533; x_wconf 90' lang='grc' dir='ltr'><strong><em>μάλιστα</em></strong></span> <span class='ocrx_word' id='word_1_9' title='bbox 709 455 742 514; x_wconf 84' lang='grc' dir='ltr'><strong><em>εί</em></strong></span> <span class='ocrx_word' id='word_1_10' title='bbox 754 473 802 523; x_wconf 91' lang='grc' dir='ltr'><strong><em>τις</em></strong></span> <span class='ocrx_word' id='word_1_11' title='bbox 819 446 976 531; x_wconf 80' lang='grc' dir='ltr'><strong><em>ἐληλύθει</em></strong></span> <span class='ocrx_word' id='word_1_12' title='bbox 994 448 1029 512; x_wconf 91' lang='grc' dir='ltr'><strong><em>ἐκ</em></strong></span> <span class='ocrx_word' id='word_1_13' title='bbox 1044 453 1101 528; x_wconf 83' lang='grc' dir='ltr'><strong><em>τῆς</em></strong></span> 
     </span>
     <span class='ocr_line' id='line_1_3' title="bbox 94 542 1101 640; baseline -0.006 -25"><span class='ocrx_word' id='word_1_14' title='bbox 94 551 200 634; x_wconf 92' lang='grc' dir='ltr'><strong><em>μάχης</em></strong></span> <span class='ocrx_word' id='word_1_15' title='bbox 211 549 265 614; x_wconf 83' lang='grc' dir='ltr'><strong><em>καὶ</em></strong></span> <span class='ocrx_word' id='word_1_16' title='bbox 279 546 396 613; x_wconf 79' lang='grc' dir='ltr'><strong><em>πολλοὶ</em></strong></span> <span class='ocrx_word' id='word_1_17' title='bbox 410 545 573 611; x_wconf 80' lang='grc' dir='ltr'><strong><em>τεθνάναι</em></strong></span> <span class='ocrx_word' id='word_1_18' title='bbox 586 548 749 640; x_wconf 80' lang='grc' dir='ltr'><strong><em>ἐλέγοντο,</em></strong></span> <span class='ocrx_word' id='word_1_19' title='bbox 765 545 944 625; x_wconf 79' lang='grc' dir='ltr'><strong><em>ἐσπάραττε</em></strong></span> <span class='ocrx_word' id='word_1_20' title='bbox 958 543 1032 610; x_wconf 92' lang='grc' dir='ltr'><strong><em>τότε</em></strong></span> <span class='ocrx_word' id='word_1_21' title='bbox 1043 542 1101 622; x_wconf 88' lang='grc' dir='ltr'><strong><em>τάς</em></strong></span> 
     </span>
     <span class='ocr_line' id='line_1_4' title="bbox 93 640 1100 730; baseline -0.005 -18"><span class='ocrx_word' id='word_1_22' title='bbox 93 646 200 730; x_wconf 83' lang='grc' dir='ltr'><strong><em>κόμας</em></strong></span> <span class='ocrx_word' id='word_1_23' title='bbox 212 645 265 710; x_wconf 78' lang='grc' dir='ltr'><strong><em>καὶ</em></strong></span> <span class='ocrx_word' id='word_1_24' title='bbox 276 642 316 710; x_wconf 87' lang='grc' dir='ltr'><strong><em>τά</em></strong></span> <span class='ocrx_word' id='word_1_25' title='bbox 326 645 445 726; x_wconf 81' lang='grc' dir='ltr'><strong><em>στέρνα</em></strong></span> <span class='ocrx_word' id='word_1_26' title='bbox 459 643 612 709; x_wconf 79' lang='grc' dir='ltr'><strong><em>ἐτύπτετο</em></strong></span> <span class='ocrx_word' id='word_1_27' title='bbox 624 646 678 710; x_wconf 83' lang='grc' dir='ltr'><strong><em>καὶ</em></strong></span> <span class='ocrx_word' id='word_1_28' title='bbox 690 645 824 710; x_wconf 81' lang='grc' dir='ltr'><strong><em>ἐπένθει</em></strong></span> <span class='ocrx_word' id='word_1_29' title='bbox 836 640 919 725; x_wconf 90' lang='grc' dir='ltr'><strong><em>πρός</em></strong></span> <span class='ocrx_word' id='word_1_30' title='bbox 929 640 990 727; x_wconf 81' lang='grc' dir='ltr'><strong><em>τὴν</em></strong></span> <span class='ocrx_word' id='word_1_31' title='bbox 1002 640 1100 726; x_wconf 81' lang='grc' dir='ltr'><strong><em>ἄγγε-</em></strong></span> 
     </span>
     <span class='ocr_line' id='line_1_5' title="bbox 96 742 605 826; baseline -0.016 -17"><span class='ocrx_word' id='word_1_32' title='bbox 96 749 172 809; x_wconf 90' lang='grc' dir='ltr'><strong><em>λίαν</em></strong></span> <span class='ocrx_word' id='word_1_33' title='bbox 186 742 336 826; x_wconf 81' lang='grc' dir='ltr'><strong><em>ἑκάστην.</em></strong></span> <span class='ocrx_word' id='word_1_34' title='bbox 600 813 605 822; x_wconf 25' lang='grc' dir='ltr'><em>ι</em></span> 
     </span>
    </p>

    <p class='ocr_par' dir='ltr' id='par_1_3' title="bbox 180 829 889 924">
     <span class='ocr_line' id='line_1_6' title="bbox 180 829 889 924; baseline -0.004 -19"><span class='ocrx_word' id='word_1_35' title='bbox 180 845 288 906; x_wconf 89' lang='grc' dir='ltr'><strong><em>ΠΑΝ.</em></strong></span> <span class='ocrx_word' id='word_1_36' title='bbox 309 829 361 904; x_wconf 80' lang='grc' dir='ltr'><strong><em>Εύ</em></strong></span> <span class='ocrx_word' id='word_1_37' title='bbox 376 863 430 922; x_wconf 90' lang='grc' dir='ltr'><strong><em>γε,</em></strong></span> <span class='ocrx_word' id='word_1_38' title='bbox 449 831 641 922; x_wconf 80' lang='grc' dir='ltr'><strong><em>εόΔορκάς,</em></strong></span> <span class='ocrx_word' id='word_1_39' title='bbox 659 838 765 916; x_wconf 88' lang='grc' dir='ltr'><strong><em>ούτως</em></strong></span> <span class='ocrx_word' id='word_1_40' title='bbox 782 841 889 924; x_wconf 82' lang='grc' dir='ltr'><strong><em>ἐχρῆν.</em></strong></span> 
     </span>
    </p>

    <p class='ocr_par' dir='ltr' id='par_1_4' title="bbox 97 933 1099 1120">
     <span class='ocr_line' id='line_1_7' title="bbox 181 933 1099 1023; baseline -0.004 -17"><span class='ocrx_word' id='word_1_41' title='bbox 181 943 312 1006; x_wconf 88' lang='grc' dir='ltr'><em>ΔΟΡΚ.</em></span> <span class='ocrx_word' id='word_1_42' title='bbox 333 933 413 1004; x_wconf 80' lang='grc' dir='ltr'><strong><em>Εἶτα</em></strong></span> <span class='ocrx_word' id='word_1_43' title='bbox 434 936 506 1021; x_wconf 79' lang='grc' dir='ltr'><strong><em>ἑξῆς</em></strong></span> <span class='ocrx_word' id='word_1_44' title='bbox 527 934 597 1022; x_wconf 88' lang='grc' dir='ltr'><strong><em>μετ’</em></strong></span> <span class='ocrx_word' id='word_1_45' title='bbox 618 935 660 1004; x_wconf 86' lang='grc' dir='ltr'><strong><em>ού</em></strong></span> <span class='ocrx_word' id='word_1_46' title='bbox 680 936 767 1005; x_wconf 85' lang='grc' dir='ltr'><strong><em>πολύ</em></strong></span> <span class='ocrx_word' id='word_1_47' title='bbox 786 935 915 1023; x_wconf 79' lang='grc' dir='ltr'><strong><em>ἠρόμην</em></strong></span> <span class='ocrx_word' id='word_1_48' title='bbox 931 938 1050 1004; x_wconf 84' lang='grc' dir='ltr'><strong><em>ἐκεῖνα.</em></strong></span> <span class='ocrx_word' id='word_1_49' title='bbox 1082 933 1099 1002; x_wconf 90' lang='grc' dir='ltr'>ὁ</span> 
     </span>
     <span class='ocr_line' id='line_1_8' title="bbox 97 1031 873 1120; baseline -0.005 -17"><span class='ocrx_word' id='word_1_50' title='bbox 97 1039 152 1117; x_wconf 87' lang='grc' dir='ltr'><strong><em>δέ,</em></strong></span> <span class='ocrx_word' id='word_1_51' title='bbox 170 1034 271 1101; x_wconf 90' lang='grc' dir='ltr'><strong><em>Πάνυ</em></strong></span> <span class='ocrx_word' id='word_1_52' title='bbox 284 1040 458 1120; x_wconf 78' lang='grc' dir='ltr'><strong><em>λαμπρῶς,</em></strong></span> <span class='ocrx_word' id='word_1_53' title='bbox 475 1041 595 1120; x_wconf 85' lang='grc' dir='ltr'><strong><em>φησίν,</em></strong></span> <span class='ocrx_word' id='word_1_54' title='bbox 614 1031 873 1120; x_wconf 79' lang='grc' dir='ltr'><strong><em>ἀνεστρέψαμεν.</em></strong></span> 
     </span>
    </p>

    <p class='ocr_par' dir='ltr' id='par_1_5' title="bbox 98 1129 1104 1415">
     <span class='ocr_line' id='line_1_9' title="bbox 182 1129 1102 1217; baseline -0.002 -17"><span class='ocrx_word' id='word_1_55' title='bbox 182 1140 289 1200; x_wconf 83' lang='grc' dir='ltr'><strong><em>ΠΑΝ.</em></strong></span> <span class='ocrx_word' id='word_1_56' title='bbox 321 1131 437 1209; x_wconf 82' lang='grc' dir='ltr'><strong><em>Οὕτως</em></strong></span> <span class='ocrx_word' id='word_1_57' title='bbox 456 1131 609 1212; x_wconf 81' lang='grc' dir='ltr'><strong><em>κάκεῑνος</em></strong></span> <span class='ocrx_word' id='word_1_58' title='bbox 631 1132 731 1201; x_wconf 71' lang='grc' dir='ltr'><strong><em>οὐδέν</em></strong></span> <span class='ocrx_word' id='word_1_59' title='bbox 751 1129 938 1217; x_wconf 76' lang='grc' dir='ltr'><strong><em>προειπών,</em></strong></span> <span class='ocrx_word' id='word_1_60' title='bbox 964 1130 1007 1209; x_wconf 79' lang='grc' dir='ltr'><strong><em>ὡς</em></strong></span> <span class='ocrx_word' id='word_1_61' title='bbox 1028 1134 1102 1217; x_wconf 88' lang='grc' dir='ltr'><strong><em>ἐμέ-</em></strong></span> 
     </span>
     <span class='ocr_line' id='line_1_10' title="bbox 98 1227 1104 1318; baseline -0.001 -22"><span class='ocrx_word' id='word_1_62' title='bbox 98 1231 205 1318; x_wconf 90' lang='grc' dir='ltr'><strong><em>μνητό</em></strong></span> <span class='ocrx_word' id='word_1_63' title='bbox 226 1256 292 1317; x_wconf 93' lang='grc' dir='ltr'><strong><em>μον</em></strong></span> <span class='ocrx_word' id='word_1_64' title='bbox 314 1227 332 1296; x_wconf 89' lang='grc' dir='ltr'><strong><em>ό</em></strong></span> <span class='ocrx_word' id='word_1_65' title='bbox 350 1232 513 1316; x_wconf 84' lang='grc' dir='ltr'><strong><em>Πολέμων</em></strong></span> <span class='ocrx_word' id='word_1_66' title='bbox 528 1227 550 1316; x_wconf 77' lang='grc' dir='ltr'><strong><em>ἦ</em></strong></span> <span class='ocrx_word' id='word_1_67' title='bbox 567 1231 685 1300; x_wconf 90' lang='grc' dir='ltr'><strong><em>ἐπόθει</em></strong></span> <span class='ocrx_word' id='word_1_68' title='bbox 704 1227 726 1317; x_wconf 79' lang='grc' dir='ltr'><em>ἢ</em></span> <span class='ocrx_word' id='word_1_69' title='bbox 743 1229 860 1316; x_wconf 82' lang='grc' dir='ltr'><strong><em>ηὔχετο</em></strong></span> <span class='ocrx_word' id='word_1_70' title='bbox 879 1235 986 1310; x_wconf 78' lang='grc' dir='ltr'><strong><em>ζῶσαν</em></strong></span> <span class='ocrx_word' id='word_1_71' title='bbox 1001 1255 1104 1297; x_wconf 90' lang='grc' dir='ltr'><strong><em>κατα-</em></strong></span> 
     </span>
     <span class='ocr_line' id='line_1_11' title="bbox 98 1336 228 1415; baseline -0.031 -17"><span class='ocrx_word' id='word_1_72' title='bbox 98 1336 228 1415; x_wconf 82' lang='grc' dir='ltr'><strong><em>λαβεῑν;</em></strong></span> 
     </span>
    </p>

    <p class='ocr_par' dir='ltr' id='par_1_6' title="bbox 96 1419 1176 2888">
     <span class='ocr_line' id='line_1_12' title="bbox 182 1419 1102 1514; baseline 0 -21"><span class='ocrx_word' id='word_1_73' title='bbox 182 1432 312 1493; x_wconf 89' lang='grc' dir='ltr'><em>ΔΟΡΚ.</em></span> <span class='ocrx_word' id='word_1_74' title='bbox 336 1428 400 1493; x_wconf 84' lang='grc' dir='ltr'><strong><em>Καὶ</em></strong></span> <span class='ocrx_word' id='word_1_75' title='bbox 422 1427 511 1514; x_wconf 89' lang='grc' dir='ltr'><strong><em>μάλα</em></strong></span> <span class='ocrx_word' id='word_1_76' title='bbox 525 1427 630 1496; x_wconf 87' lang='grc' dir='ltr'><strong><em>πολλά</em></strong></span> <span class='ocrx_word' id='word_1_77' title='bbox 652 1433 788 1494; x_wconf 81' lang='grc' dir='ltr'><strong><em>τοιαύτά</em></strong></span> <span class='ocrx_word' id='word_1_78' title='bbox 803 1432 902 1512; x_wconf 84' lang='grc' dir='ltr'><strong><em>έλεγε.</em></strong></span> <span class='ocrx_word' id='word_1_79' title='bbox 933 1423 970 1494; x_wconf 88' lang='grc' dir='ltr'><strong><em>τό</em></strong></span> <span class='ocrx_word' id='word_1_80' title='bbox 987 1424 1019 1492; x_wconf 87' lang='grc' dir='ltr'><strong><em>δ’</em></strong></span> <span class='ocrx_word' id='word_1_81' title='bbox 1039 1419 1102 1494; x_wconf 87' lang='grc' dir='ltr'><strong><em>ούν</em></strong></span> 
     </span>
     <span class='ocr_line' id='line_1_13' title="bbox 98 1524 1101 1610; baseline -0.001 -18"><span class='ocrx_word' id='word_1_82' title='bbox 98 1524 284 1610; x_wconf 84' lang='grc' dir='ltr'><strong><em>κεφάλαιον</em></strong></span> <span class='ocrx_word' id='word_1_83' title='bbox 303 1526 468 1610; x_wconf 80' lang='grc' dir='ltr'><strong><em>ἐξήγγειλε</em></strong></span> <span class='ocrx_word' id='word_1_84' title='bbox 487 1533 634 1594; x_wconf 87' lang='grc' dir='ltr'><strong><em>πλοῦτον</em></strong></span> <span class='ocrx_word' id='word_1_85' title='bbox 650 1526 776 1609; x_wconf 91' lang='grc' dir='ltr'><strong><em>πολύν,</em></strong></span> <span class='ocrx_word' id='word_1_86' title='bbox 800 1525 943 1610; x_wconf 92' lang='grc' dir='ltr'><strong><em>χρυσόν,</em></strong></span> <span class='ocrx_word' id='word_1_87' title='bbox 967 1529 1101 1610; x_wconf 86' lang='grc' dir='ltr'><strong><em>ἐσθῆτα,</em></strong></span> 
     </span>
     <span class='ocr_line' id='line_1_14' title="bbox 98 1621 1103 1709; baseline 0.001 -20"><span class='ocrx_word' id='word_1_88' title='bbox 98 1621 327 1708; x_wconf 78' lang='grc' dir='ltr'><strong><em>ἀκολούθους,</em></strong></span> <span class='ocrx_word' id='word_1_89' title='bbox 361 1627 542 1709; x_wconf 79' lang='grc' dir='ltr'><strong><em>ἐλέφαντα·</em></strong></span> <span class='ocrx_word' id='word_1_90' title='bbox 586 1623 622 1690; x_wconf 88' lang='grc' dir='ltr'><strong><em>τό</em></strong></span> <span class='ocrx_word' id='word_1_91' title='bbox 649 1624 710 1707; x_wconf 74' lang='grc' dir='ltr'><strong><em>μὲν</em></strong></span> <span class='ocrx_word' id='word_1_92' title='bbox 734 1625 798 1709; x_wconf 85' lang='grc' dir='ltr'><strong><em>γάρ</em></strong></span> <span class='ocrx_word' id='word_1_93' title='bbox 829 1621 993 1709; x_wconf 90' lang='grc' dir='ltr'><strong><em>άργύριον</em></strong></span> <span class='ocrx_word' id='word_1_94' title='bbox 1021 1623 1103 1709; x_wconf 73' lang='grc' dir='ltr'><strong><em>μηδὲ</em></strong></span> 
     </span>
     <span class='ocr_line' id='line_1_15' title="bbox 98 1716 1103 1810; baseline 0 -24"><span class='ocrx_word' id='word_1_95' title='bbox 98 1718 233 1808; x_wconf 79' lang='grc' dir='ltr'><strong><em>ἀριθμῷ</em></strong></span> <span class='ocrx_word' id='word_1_96' title='bbox 256 1719 351 1806; x_wconf 82' lang='grc' dir='ltr'><strong><em>άγειν</em></strong></span> <span class='ocrx_word' id='word_1_97' title='bbox 366 1716 490 1804; x_wconf 90' lang='grc' dir='ltr'><strong><em>αύτόν,</em></strong></span> <span class='ocrx_word' id='word_1_98' title='bbox 517 1719 599 1790; x_wconf 84' lang='grc' dir='ltr'><strong><em>άλλά</em></strong></span> <span class='ocrx_word' id='word_1_99' title='bbox 622 1727 769 1810; x_wconf 77' lang='grc' dir='ltr'><strong><em>μεδίμνῳ</em></strong></span> <span class='ocrx_word' id='word_1_100' title='bbox 790 1718 1103 1806; x_wconf 77' lang='grc' dir='ltr'><strong><em>ἀπομεμετρημένον</em></strong></span> 
     </span>
     <span class='ocr_line' id='line_1_16' title="bbox 99 1817 1104 1905; baseline 0.001 -20"><span class='ocrx_word' id='word_1_101' title='bbox 99 1819 244 1898; x_wconf 84' lang='grc' dir='ltr'><strong><em>πολλούς</em></strong></span> <span class='ocrx_word' id='word_1_102' title='bbox 258 1822 447 1904; x_wconf 78' lang='grc' dir='ltr'><strong><em>μεδίμνους.</em></strong></span> <span class='ocrx_word' id='word_1_103' title='bbox 469 1817 531 1904; x_wconf 83' lang='grc' dir='ltr'><strong><em>εἶχε</em></strong></span> <span class='ocrx_word' id='word_1_104' title='bbox 548 1821 651 1886; x_wconf 78' lang='grc' dir='ltr'><strong><em>δὲκαὶ</em></strong></span> <span class='ocrx_word' id='word_1_105' title='bbox 667 1818 767 1899; x_wconf 89' lang='grc' dir='ltr'><strong><em>αύτός</em></strong></span> <span class='ocrx_word' id='word_1_106' title='bbox 780 1822 968 1905; x_wconf 86' lang='grc' dir='ltr'><strong><em>Παρμένων</em></strong></span> <span class='ocrx_word' id='word_1_107' title='bbox 979 1819 1104 1887; x_wconf 88' lang='grc' dir='ltr'><strong><em>δακτύ-</em></strong></span> 
     </span>
     <span class='ocr_line' id='line_1_17' title="bbox 97 1918 1105 2008; baseline 0 -24"><span class='ocrx_word' id='word_1_108' title='bbox 97 1925 174 1984; x_wconf 90' lang='grc' dir='ltr'><strong><em>λιον</em></strong></span> <span class='ocrx_word' id='word_1_109' title='bbox 189 1922 226 1982; x_wconf 88' lang='grc' dir='ltr'><strong><em>ἐν</em></strong></span> <span class='ocrx_word' id='word_1_110' title='bbox 247 1924 291 2004; x_wconf 75' lang='grc' dir='ltr'><strong><em>τῷ</em></strong></span> <span class='ocrx_word' id='word_1_111' title='bbox 308 1924 414 2008; x_wconf 77' lang='grc' dir='ltr'><strong><em>μικρῷ</em></strong></span> <span class='ocrx_word' id='word_1_112' title='bbox 433 1919 600 2007; x_wconf 79' lang='grc' dir='ltr'><strong><em>δακτύλῳ,</em></strong></span> <span class='ocrx_word' id='word_1_113' title='bbox 622 1921 792 2004; x_wconf 91' lang='grc' dir='ltr'><strong><em>μέγιστον,</em></strong></span> <span class='ocrx_word' id='word_1_114' title='bbox 815 1918 1033 2005; x_wconf 87' lang='grc' dir='ltr'><strong><em>πολύγωνον,</em></strong></span> <span class='ocrx_word' id='word_1_115' title='bbox 1050 1919 1105 1984; x_wconf 77' lang='grc' dir='ltr'><strong><em>καὶ</em></strong></span> 
     </span>
     <span class='ocr_line' id='line_1_18' title="bbox 96 2010 1105 2104; baseline 0.004 -24"><span class='ocrx_word' id='word_1_116' title='bbox 96 2022 211 2101; x_wconf 78' lang='grc' dir='ltr'><strong><em>ψῆφος</em></strong></span> <span class='ocrx_word' id='word_1_117' title='bbox 227 2018 419 2102; x_wconf 83' lang='grc' dir='ltr'><strong><em>ἐνεβέβλητο</em></strong></span> <span class='ocrx_word' id='word_1_118' title='bbox 436 2025 503 2084; x_wconf 82' lang='grc' dir='ltr'><strong><em>τῶν</em></strong></span> <span class='ocrx_word' id='word_1_119' title='bbox 518 2017 729 2103; x_wconf 78' lang='grc' dir='ltr'><strong><em>τριχρώμων,</em></strong></span> <span class='ocrx_word' id='word_1_120' title='bbox 747 2017 877 2102; x_wconf 89' lang='grc' dir='ltr'><strong><em>ἐρυθρά</em></strong></span> <span class='ocrx_word' id='word_1_121' title='bbox 889 2043 924 2085; x_wconf 91' lang='grc' dir='ltr'><strong><em>τε</em></strong></span> <span class='ocrx_word' id='word_1_122' title='bbox 933 2010 978 2104; x_wconf 80' lang='grc' dir='ltr'><strong><em>ἦν</em></strong></span> <span class='ocrx_word' id='word_1_123' title='bbox 988 2019 1105 2084; x_wconf 87' lang='grc' dir='ltr'><strong><em>ἐπιπο-</em></strong></span> 
     </span>
     <span class='ocr_line' id='line_1_19' title="bbox 97 2106 1105 2201; baseline 0 -20"><span class='ocrx_word' id='word_1_124' title='bbox 97 2121 167 2199; x_wconf 86' lang='grc' dir='ltr'><strong><em>λης.</em></strong></span> <span class='ocrx_word' id='word_1_125' title='bbox 192 2123 285 2181; x_wconf 84' lang='grc' dir='ltr'><strong><em>είασα</em></strong></span> <span class='ocrx_word' id='word_1_126' title='bbox 300 2113 332 2181; x_wconf 92' lang='grc' dir='ltr'><strong><em>δ’</em></strong></span> <span class='ocrx_word' id='word_1_127' title='bbox 350 2106 412 2181; x_wconf 81' lang='grc' dir='ltr'><strong><em>οὖν</em></strong></span> <span class='ocrx_word' id='word_1_128' title='bbox 430 2113 532 2182; x_wconf 89' lang='grc' dir='ltr'><strong><em>αύτδν</em></strong></span> <span class='ocrx_word' id='word_1_129' title='bbox 544 2117 704 2183; x_wconf 88' lang='grc' dir='ltr'><strong><em>ἐθέλοντά</em></strong></span> <span class='ocrx_word' id='word_1_130' title='bbox 719 2142 775 2200; x_wconf 94' lang='grc' dir='ltr'><strong><em>μοι</em></strong></span> <span class='ocrx_word' id='word_1_131' title='bbox 789 2121 976 2201; x_wconf 80' lang='grc' dir='ltr'><strong><em>διηγεῖσθαι</em></strong></span> <span class='ocrx_word' id='word_1_132' title='bbox 991 2112 1035 2193; x_wconf 82' lang='grc' dir='ltr'><strong><em>ὡς</em></strong></span> <span class='ocrx_word' id='word_1_133' title='bbox 1046 2112 1105 2182; x_wconf 85' lang='grc' dir='ltr'><strong><em>τόν</em></strong></span> 
     </span>
     <span class='ocr_line' id='line_1_20' title="bbox 98 2209 1103 2299; baseline 0 -20"><span class='ocrx_word' id='word_1_134' title='bbox 98 2209 205 2279; x_wconf 69' lang='grc' dir='ltr'><strong><em>’Ἅλυν</em></strong></span> <span class='ocrx_word' id='word_1_135' title='bbox 226 2215 383 2299; x_wconf 82' lang='grc' dir='ltr'><strong><em>διέβησαν</em></strong></span> <span class='ocrx_word' id='word_1_136' title='bbox 400 2216 454 2282; x_wconf 82' lang='grc' dir='ltr'><strong><em>καλ</em></strong></span> <span class='ocrx_word' id='word_1_137' title='bbox 478 2210 520 2290; x_wconf 82' lang='grc' dir='ltr'><strong><em>ὡς</em></strong></span> <span class='ocrx_word' id='word_1_138' title='bbox 542 2212 738 2281; x_wconf 84' lang='grc' dir='ltr'><strong><em>ἀπέκτειναν</em></strong></span> <span class='ocrx_word' id='word_1_139' title='bbox 759 2215 937 2298; x_wconf 89' lang='grc' dir='ltr'><strong><em>Τιριδάταν</em></strong></span> <span class='ocrx_word' id='word_1_140' title='bbox 958 2212 1033 2281; x_wconf 87' lang='grc' dir='ltr'><strong><em>τινά</em></strong></span> <span class='ocrx_word' id='word_1_141' title='bbox 1049 2215 1103 2280; x_wconf 77' lang='grc' dir='ltr'><strong><em>καὶ</em></strong></span> 
     </span>
     <span class='ocr_line' id='line_1_21' title="bbox 99 2309 1106 2401; baseline 0.001 -23"><span class='ocrx_word' id='word_1_142' title='bbox 99 2311 145 2389; x_wconf 81' lang='grc' dir='ltr'><strong><em>ως</em></strong></span> <span class='ocrx_word' id='word_1_143' title='bbox 163 2314 339 2396; x_wconf 79' lang='grc' dir='ltr'><strong><em>διέπρεψεν</em></strong></span> <span class='ocrx_word' id='word_1_144' title='bbox 350 2309 368 2378; x_wconf 86' lang='grc' dir='ltr'>ὁ</span> <span class='ocrx_word' id='word_1_145' title='bbox 378 2314 541 2397; x_wconf 90' lang='grc' dir='ltr'><strong><em>Πολέμων</em></strong></span> <span class='ocrx_word' id='word_1_146' title='bbox 552 2315 589 2380; x_wconf 86' lang='grc' dir='ltr'><strong><em>ἐν</em></strong></span> <span class='ocrx_word' id='word_1_147' title='bbox 602 2320 641 2401; x_wconf 76' lang='grc' dir='ltr'><strong><em>τῇ</em></strong></span> <span class='ocrx_word' id='word_1_148' title='bbox 653 2311 737 2395; x_wconf 83' lang='grc' dir='ltr'><strong><em>πρὸς</em></strong></span> <span class='ocrx_word' id='word_1_149' title='bbox 747 2319 887 2391; x_wconf 87' lang='grc' dir='ltr'><strong><em>Πισίδας</em></strong></span> <span class='ocrx_word' id='word_1_150' title='bbox 897 2312 999 2399; x_wconf 84' lang='grc' dir='ltr'><strong><em>μάχη·</em></strong></span> <span class='ocrx_word' id='word_1_151' title='bbox 1024 2312 1106 2380; x_wconf 87' lang='grc' dir='ltr'><strong><em>άπέ-</em></strong></span> 
     </span>
     <span class='ocr_line' id='line_1_22' title="bbox 99 2411 1105 2498; baseline 0.002 -22"><span class='ocrx_word' id='word_1_152' title='bbox 99 2416 228 2496; x_wconf 92' lang='grc' dir='ltr'><strong><em>δραμον</em></strong></span> <span class='ocrx_word' id='word_1_153' title='bbox 239 2413 277 2477; x_wconf 91' lang='grc' dir='ltr'><strong><em>δέ</em></strong></span> <span class='ocrx_word' id='word_1_154' title='bbox 286 2431 338 2479; x_wconf 91' lang='grc' dir='ltr'><strong><em>σοι</em></strong></span> <span class='ocrx_word' id='word_1_155' title='bbox 351 2418 454 2478; x_wconf 84' lang='grc' dir='ltr'><strong><em>ταῦτα</em></strong></span> <span class='ocrx_word' id='word_1_156' title='bbox 464 2421 749 2498; x_wconf 83' lang='grc' dir='ltr'><strong><em>προσαγγελοῦσα,</em></strong></span> <span class='ocrx_word' id='word_1_157' title='bbox 763 2411 806 2490; x_wconf 80' lang='grc' dir='ltr'><strong><em>άς</em></strong></span> <span class='ocrx_word' id='word_1_158' title='bbox 817 2413 968 2496; x_wconf 77' lang='grc' dir='ltr'><strong><em>περὶτῶν</em></strong></span> <span class='ocrx_word' id='word_1_159' title='bbox 977 2413 1105 2498; x_wconf 82' lang='grc' dir='ltr'><strong><em>παρόν·</em></strong></span> 
     </span>
     <span class='ocr_line' id='line_1_23' title="bbox 98 2506 1176 2598; baseline -0.002 -22"><span class='ocrx_word' id='word_1_160' title='bbox 98 2536 168 2576; x_wconf 91' lang='grc' dir='ltr'><strong><em>των</em></strong></span> <span class='ocrx_word' id='word_1_161' title='bbox 184 2514 330 2591; x_wconf 77' lang='grc' dir='ltr'><strong><em>σκέψαω.</em></strong></span> <span class='ocrx_word' id='word_1_162' title='bbox 361 2518 392 2580; x_wconf 86' lang='grc' dir='ltr'><strong><em>εί</em></strong></span> <span class='ocrx_word' id='word_1_163' title='bbox 403 2509 467 2598; x_wconf 86' lang='grc' dir='ltr'><strong><em>γάρ</em></strong></span> <span class='ocrx_word' id='word_1_164' title='bbox 482 2506 594 2580; x_wconf 83' lang='grc' dir='ltr'><strong><em>ἐλθων</em></strong></span> <span class='ocrx_word' id='word_1_165' title='bbox 611 2508 628 2577; x_wconf 87' lang='grc' dir='ltr'><strong><em>δ</em></strong></span> <span class='ocrx_word' id='word_1_166' title='bbox 646 2516 809 2596; x_wconf 89' lang='grc' dir='ltr'><strong><em>Πολέμων</em></strong></span> <span class='ocrx_word' id='word_1_167' title='bbox 819 2550 862 2562; x_wconf 89' lang='lat'><strong><em>--</em></strong></span> <span class='ocrx_word' id='word_1_168' title='bbox 875 2509 945 2597; x_wconf 76' lang='grc' dir='ltr'><strong><em>ἥξει</em></strong></span> <span class='ocrx_word' id='word_1_169' title='bbox 966 2511 1002 2576; x_wconf 77' lang='grc' dir='ltr'><strong><em>δὲ</em></strong></span> <span class='ocrx_word' id='word_1_170' title='bbox 1017 2509 1105 2576; x_wconf 85' lang='grc' dir='ltr'><strong><em>πάν-</em></strong></span> <span class='ocrx_word' id='word_1_171' title='bbox 1123 2520 1176 2574; x_wconf 76' lang='grc'><strong><em>303</em></strong></span> 
     </span>
     <span class='ocr_line' id='line_1_24' title="bbox 98 2607 1107 2696; baseline -0.002 -20"><span class='ocrx_word' id='word_1_172' title='bbox 98 2636 164 2688; x_wconf 91' lang='grc' dir='ltr'><strong><em>τως</em></strong></span> <span class='ocrx_word' id='word_1_173' title='bbox 191 2608 450 2695; x_wconf 77' lang='grc' dir='ltr'><strong><em>ἀποσεισάμενος</em></strong></span> <span class='ocrx_word' id='word_1_174' title='bbox 474 2607 552 2689; x_wconf 84' lang='grc' dir='ltr'><strong><em>τούς</em></strong></span> <span class='ocrx_word' id='word_1_175' title='bbox 577 2618 766 2696; x_wconf 84' lang='grc' dir='ltr'><strong><em>γνωρίμους</em></strong></span> <span class='ocrx_word' id='word_1_176' title='bbox 789 2652 825 2661; x_wconf 94' lang='lat'>-</span> <span class='ocrx_word' id='word_1_177' title='bbox 847 2609 1107 2693; x_wconf 77' lang='grc' dir='ltr'><strong><em>ἀναπυθόμενος</em></strong></span> 
     </span>
     <span class='ocr_line' id='line_1_25' title="bbox 100 2705 1106 2794; baseline -0.002 -19"><span class='ocrx_word' id='word_1_178' title='bbox 100 2706 195 2794; x_wconf 85' lang='grc' dir='ltr'><strong><em>εύροι</em></strong></span> <span class='ocrx_word' id='word_1_179' title='bbox 209 2705 268 2775; x_wconf 89' lang='grc' dir='ltr'><strong><em>τόν</em></strong></span> <span class='ocrx_word' id='word_1_180' title='bbox 282 2710 508 2792; x_wconf 89' lang='grc' dir='ltr'><strong><em>Φιλόστρατον</em></strong></span> <span class='ocrx_word' id='word_1_181' title='bbox 519 2716 619 2777; x_wconf 81' lang='grc' dir='ltr'><strong><em>ἔνδον</em></strong></span> <span class='ocrx_word' id='word_1_182' title='bbox 630 2707 711 2793; x_wconf 87' lang='grc' dir='ltr'><strong><em>παρ’</em></strong></span> <span class='ocrx_word' id='word_1_183' title='bbox 727 2707 822 2794; x_wconf 76' lang='grc' dir='ltr'><strong><em>ἡμῖν,</em></strong></span> <span class='ocrx_word' id='word_1_184' title='bbox 839 2716 873 2776; x_wconf 90' lang='grc' dir='ltr'><strong><em>τί</em></strong></span> <span class='ocrx_word' id='word_1_185' title='bbox 879 2717 941 2776; x_wconf 83' lang='grc' dir='ltr'><strong><em>οίει</em></strong></span> <span class='ocrx_word' id='word_1_186' title='bbox 955 2707 1106 2793; x_wconf 82' lang='grc' dir='ltr'><strong><em>ποιήσειν</em></strong></span> 
     </span>
     <span class='ocr_line' id='line_1_26' title="bbox 99 2805 225 2888; baseline 0.016 -16"><span class='ocrx_word' id='word_1_187' title='bbox 99 2805 225 2888; x_wconf 73' lang='grc' dir='ltr'><strong><em>αύτόνς</em></strong></span> 
     </span>
    </p>

    <p class='ocr_par' dir='ltr' id='par_1_7' title="bbox 98 2902 1108 3587">
     <span class='ocr_line' id='line_1_27' title="bbox 186 2902 1107 2995; baseline -0.003 -20"><span class='ocrx_word' id='word_1_188' title='bbox 186 2913 215 2975; x_wconf 86' lang='grc'><strong><em>3.</em></strong></span> <span class='ocrx_word' id='word_1_189' title='bbox 230 2914 336 2975; x_wconf 89' lang='grc' dir='ltr'><strong><em>ΠΑΝ.</em></strong></span> <span class='ocrx_word' id='word_1_190' title='bbox 355 2907 628 2995; x_wconf 81' lang='grc' dir='ltr'><strong><em>Ἐξευρίσκωμεν,</em></strong></span> <span class='ocrx_word' id='word_1_191' title='bbox 649 2902 837 2991; x_wconf 80' lang='grc' dir='ltr'><strong><em>εβΔορκάς,</em></strong></span> <span class='ocrx_word' id='word_1_192' title='bbox 852 2909 966 2974; x_wconf 81' lang='grc' dir='ltr'><strong><em>ἐκτῶν</em></strong></span> <span class='ocrx_word' id='word_1_193' title='bbox 979 2907 1107 2990; x_wconf 89' lang='grc' dir='ltr'><strong><em>παρόν-</em></strong></span> 
     </span>
     <span class='ocr_line' id='line_1_28' title="bbox 98 3003 1107 3093; baseline -0.005 -19"><span class='ocrx_word' id='word_1_194' title='bbox 98 3033 168 3074; x_wconf 90' lang='grc' dir='ltr'><strong><em>των</em></strong></span> <span class='ocrx_word' id='word_1_195' title='bbox 179 3006 359 3093; x_wconf 80' lang='grc' dir='ltr'><strong><em>σωτήριον·</em></strong></span> <span class='ocrx_word' id='word_1_196' title='bbox 376 3007 452 3076; x_wconf 87' lang='grc' dir='ltr'><strong><em>ούτε</em></strong></span> <span class='ocrx_word' id='word_1_197' title='bbox 464 3007 528 3093; x_wconf 88' lang='grc' dir='ltr'><strong><em>γάρ</em></strong></span> <span class='ocrx_word' id='word_1_198' title='bbox 538 3016 658 3075; x_wconf 83' lang='grc' dir='ltr'><strong><em>τοῦτον</em></strong></span> <span class='ocrx_word' id='word_1_199' title='bbox 670 3005 861 3090; x_wconf 76' lang='grc' dir='ltr'><strong><em>ἀποπέμψαι</em></strong></span> <span class='ocrx_word' id='word_1_200' title='bbox 872 3003 975 3072; x_wconf 87' lang='grc' dir='ltr'><strong><em>καλὸν</em></strong></span> <span class='ocrx_word' id='word_1_201' title='bbox 984 3005 1107 3072; x_wconf 92' lang='grc' dir='ltr'><strong><em>τάλαν-</em></strong></span> 
     </span>
     <span class='ocr_line' id='line_1_29' title="bbox 99 3100 1106 3192; baseline -0.004 -19"><span class='ocrx_word' id='word_1_202' title='bbox 99 3131 160 3173; x_wconf 93' lang='grc' dir='ltr'><strong><em>τον</em></strong></span> <span class='ocrx_word' id='word_1_203' title='bbox 172 3110 308 3192; x_wconf 81' lang='grc' dir='ltr'><strong><em>ἔναγχος</em></strong></span> <span class='ocrx_word' id='word_1_204' title='bbox 318 3107 485 3173; x_wconf 88' lang='grc' dir='ltr'><strong><em>δεδωκότα</em></strong></span> <span class='ocrx_word' id='word_1_205' title='bbox 497 3107 550 3173; x_wconf 80' lang='grc' dir='ltr'><strong><em>καὶ</em></strong></span> <span class='ocrx_word' id='word_1_206' title='bbox 562 3100 664 3172; x_wconf 81' lang='grc' dir='ltr'><strong><em>τᾶλλα</em></strong></span> <span class='ocrx_word' id='word_1_207' title='bbox 675 3111 823 3191; x_wconf 80' lang='grc' dir='ltr'><strong><em>ἔμπορον</em></strong></span> <span class='ocrx_word' id='word_1_208' title='bbox 837 3102 917 3170; x_wconf 81' lang='grc' dir='ltr'><strong><em>ὅντα</em></strong></span> <span class='ocrx_word' id='word_1_209' title='bbox 932 3106 986 3171; x_wconf 81' lang='grc' dir='ltr'><strong><em>καὶ</em></strong></span> <span class='ocrx_word' id='word_1_210' title='bbox 1001 3101 1106 3170; x_wconf 85' lang='grc' dir='ltr'><strong><em>πολλά</em></strong></span> 
     </span>
     <span class='ocr_line' id='line_1_30' title="bbox 99 3201 1106 3291; baseline -0.002 -21"><span class='ocrx_word' id='word_1_211' title='bbox 99 3201 387 3290; x_wconf 74' lang='grc' dir='ltr'><strong><em>ὑπισχνούμενον,</em></strong></span> <span class='ocrx_word' id='word_1_212' title='bbox 415 3203 492 3271; x_wconf 86' lang='grc' dir='ltr'><strong><em>ούτε</em></strong></span> <span class='ocrx_word' id='word_1_213' title='bbox 513 3208 696 3291; x_wconf 90' lang='grc' dir='ltr'><strong><em>Πολέμωνα</em></strong></span> <span class='ocrx_word' id='word_1_214' title='bbox 718 3213 872 3272; x_wconf 83' lang='grc' dir='ltr'><strong><em>τοιοῦτον</em></strong></span> <span class='ocrx_word' id='word_1_215' title='bbox 898 3202 1106 3286; x_wconf 84' lang='grc' dir='ltr'><strong><em>ἐπανήκοντα</em></strong></span> 
     </span>
     <span class='ocr_line' id='line_1_31' title="bbox 99 3301 1108 3390; baseline -0.003 -20"><span class='ocrx_word' id='word_1_216' title='bbox 99 3304 263 3390; x_wconf 82' lang='grc' dir='ltr'><strong><em>χρήσιμον</em></strong></span> <span class='ocrx_word' id='word_1_217' title='bbox 277 3301 321 3389; x_wconf 82' lang='grc' dir='ltr'><strong><em>μέη</em></strong></span> <span class='ocrx_word' id='word_1_218' title='bbox 340 3306 601 3388; x_wconf 82' lang='grc' dir='ltr'><strong><em>παραδέχεσθαι’</em></strong></span> <span class='ocrx_word' id='word_1_219' title='bbox 630 3305 765 3386; x_wconf 88' lang='grc' dir='ltr'><strong><em>προσέτι</em></strong></span> <span class='ocrx_word' id='word_1_220' title='bbox 778 3303 843 3388; x_wconf 82' lang='grc' dir='ltr'><strong><em>γάρ</em></strong></span> <span class='ocrx_word' id='word_1_221' title='bbox 858 3303 912 3369; x_wconf 87' lang='grc' dir='ltr'><strong><em>καὶ</em></strong></span> <span class='ocrx_word' id='word_1_222' title='bbox 927 3302 1108 3386; x_wconf 77' lang='grc' dir='ltr'><strong><em>ζηλότυπός</em></strong></span> 
     </span>
     <span class='ocr_line' id='line_1_32' title="bbox 100 3392 1106 3487; baseline -0.004 -17"><span class='ocrx_word' id='word_1_223' title='bbox 100 3406 208 3486; x_wconf 90' lang='grc' dir='ltr'><strong><em>ἐστιν,</em></strong></span> <span class='ocrx_word' id='word_1_224' title='bbox 226 3401 262 3482; x_wconf 85' lang='grc' dir='ltr'><strong><em>ός</em></strong></span> <span class='ocrx_word' id='word_1_225' title='bbox 278 3405 333 3470; x_wconf 82' lang='grc' dir='ltr'><strong><em>καὶ</em></strong></span> <span class='ocrx_word' id='word_1_226' title='bbox 353 3402 536 3487; x_wconf 88' lang='grc' dir='ltr'><strong><em>πενόμενος</em></strong></span> <span class='ocrx_word' id='word_1_227' title='bbox 552 3407 598 3469; x_wconf 86' lang='grc' dir='ltr'><strong><em>ἐτι</em></strong></span> <span class='ocrx_word' id='word_1_228' title='bbox 617 3398 704 3469; x_wconf 85' lang='grc' dir='ltr'><strong><em>πολύ</em></strong></span> <span class='ocrx_word' id='word_1_229' title='bbox 721 3401 889 3487; x_wconf 83' lang='grc' dir='ltr'><strong><em>ἀφόρητος</em></strong></span> <span class='ocrx_word' id='word_1_230' title='bbox 908 3392 966 3485; x_wconf 80' lang='grc' dir='ltr'><strong><em>ἦν·</em></strong></span> <span class='ocrx_word' id='word_1_231' title='bbox 988 3408 1054 3465; x_wconf 82' lang='grc' dir='ltr'><strong><em>νῦν</em></strong></span> <span class='ocrx_word' id='word_1_232' title='bbox 1071 3400 1106 3466; x_wconf 77' lang='grc' dir='ltr'><strong><em>δὲ</em></strong></span> 
     </span>
     <span class='ocr_line' id='line_1_33' title="bbox 101 3497 610 3587; baseline -0.006 -17"><span class='ocrx_word' id='word_1_233' title='bbox 101 3505 137 3571; x_wconf 82' lang='grc' dir='ltr'><strong><em>τί</em></strong></span> <span class='ocrx_word' id='word_1_234' title='bbox 147 3498 210 3568; x_wconf 80' lang='grc' dir='ltr'><strong><em>οὐκ</em></strong></span> <span class='ocrx_word' id='word_1_235' title='bbox 226 3497 269 3567; x_wconf 86' lang='grc' dir='ltr'><strong><em>άν</em></strong></span> <span class='ocrx_word' id='word_1_236' title='bbox 284 3504 409 3578; x_wconf 85' lang='grc' dir='ltr'><strong><em>ἐκεῖνος</em></strong></span> <span class='ocrx_word' id='word_1_237' title='bbox 422 3500 610 3587; x_wconf 81' lang='grc' dir='ltr'><strong><em>ποιησειεν;</em></strong></span> 
     </span>
    </p>
   </div>
   <div class='ocr_carea' id='block_1_3' title="bbox 0 0 1326 4092">
    <p class='ocr_par' dir='ltr' id='par_1_8' title="bbox 0 0 1326 4092">
     <span class='ocr_line' id='line_1_34' title="bbox 0 0 1326 4092; baseline 0 0"><span class='ocrx_word' id='word_1_238' title='bbox 0 0 1326 4092; x_wconf 95' lang='lat' dir='ltr'><strong><em> </em></strong></span> 
     </span>
    </p>
   </div>
  </div>
 </body>
</html>
