2625 4092
232 242 274 305 90
490 296 491 299 ,
535 292 538 295 ⁴
590 242 897 303 AOYKIANO-Y'L
922 256 927 269 “

1298 357 1299 390 λ

231 403 311 472 καθ’
330 400 419 491 ἡμᾶς
434 407 548 487 ἐστιν,.
569 409 605 471 οἳ
623 400 771 487 ἀρούρης
787 399 919 487 καρπόν
940 404 1079 489 ἐδομεν,
1110 397 1197 467 ἄλλά
1218 428 1250 466 τι
1298 393 1299 464 6

233 504 328 583 ξένον
342 500 459 587 φάσμα
474 496 618 592 δρόσωή
633 498 798 588 ἀμβροσίᾳ
813 499 1031 584 τρεφόμενον.
1041 544 1044 548 -
1055 497 1168 588 τούτῳ
1179 502 1252 564 τοί-

230 625 299 667 νυν
314 595 515 683 προσελθων
530 599 585 667 καὶ
600 594 773 680 παραδούς
787 595 930 664 σεαυτὸν
946 592 1063 663 αὐτίκα
1079 595 1174 680 μάλα
1187 594 1251 682 66
1298 633 1299 654 1

233 722 299 780 τωρ
316 698 370 763 καὶ
387 704 602 784 περίβλεπτος
623 704 682 764 καί
686 747 695 777 ,
720 692 765 772 ὡς
780 692 934 779 ὀνομάζει
950 692 1066 778 αὑτός,
1087 690 1252 780 βασιλεύς

185 807 216 864 13
233 798 272 863 έν
285 806 352 872 τοίς
368 794 480 879 λόγοις
495 792 636 880 ἀπονητὶ
651 793 839 881 καταστήσῃ
850 791 892 859 τοὶ
907 795 1074 875 τέθριππα
1091 791 1252 859 ἐλαύνων

232 892 433 978 τοῦλόγου·
457 892 622 977 διδάξεται
638 892 702 978 γάρ
716 912 757 957 ’σε
774 886 979 977 παραλαβών
995 889 1036 957 τὰ
1050 895 1171 972 πρῶτα
1189 888 1252 973 μὲν
1298 897 1299 986 Ῑ

181 1002 185 1049 ἰ
233 993 353 1058 ἐκεῖνα.
384 996 435 1058 122
458 990 638 1076 μᾶλλονδὲ
661 986 1078 1075 αὑτὸςείπάτωπρὸςσέ·
1112 996 1252 1073 γελοῖον
1298 989 1299 1064 λ

232 1087 305 1174 γάρ
319 1086 404 1172 ὑπὲρ
425 1090 581 1157 τοιούτου
598 1089 739 1205 ῥήτορος
759 1089 815 1172 ἐμὲ
834 1096 1006 1158 ποιεῖσθαι
1028 1084 1107 1165 τοῦς
1125 1084 1252 1172 λόγους

232 1185 406 1274 φαῦλον*
389 1185 575 1273 υποκριτήν
590 1196 671 1264 ἴσως
690 1192 763 1251 τῶν
774 1186 939 1254 τοιούτων
956 1188 1011 1254 καὶ
1027 1184 1251 1272 τηλικούτων,

230 1283 278 1371 ,μὴ
294 1290 347 1353 καὶ
368 1292 539 1371 συντρίψω
560 1311 627 1353 που
641 1283 754 1351 πεσόν
769 1281 829 1352 τόν
844 1283 938 1371 ἥρωα
954 1283 995 1352 66
1008 1284 1250 1377 ὑποκρίνομαι

229 1390 315 1468 φαίη
324 1389 508 1467 τοιγαροῦν
522 1378 566 1450 66
581 1380 664 1501 πρὸς
676 1384 712 1450 σὲ
724 1374 792 1470 οἶδέ
801 1408 871 1461 πως
882 1380 1186 1475 ἐπισπασάμενος
1163 1382 1244 1449 οπό

227 1505 294 1550 σου
309 1488 355 1549 ἐτι
371 1480 490 1563 λοιπόν
499 1489 561 1567 ,τῆς
576 1482 686 1571 κόμης
694 1465 749 1550 καί
763 1478 1049 1568 ὑπομειδιάσας
1013 1507 1051 1548 το
1066 1480 1252 1568 γλαφυρόν

227 1584 340 1648 ἐκεῖνο
358 1581 416 1646 καὶ
433 1577 564 1657 666666
585 1575 658 1648 οἷον
676 1589 816 1664 είωθεν,
839 1578 1092 1648 Αὐτοθαΐδα
1057 1608 1120 1667 την
1140 1606 1251 1665 κωμι-

225 1676 302 1782 2666
331 1673 351 1763 6
376 1672 618 1764 Μαλθάκην“
596 1705 616 1764 η
642 1682 816 1761 Γλυκέραν
841 1676 915 1745 τινὰ
941 1679 1172 1796 μιμησάμενος
1201 1684 1251 1767 τῷ

226 1777 399 1902 ’προσηνεῖ
416 1784 477 1845 τοῦ
492 1778 701 1903 φθέγματος
718 1774 889 1861 ἄγροικον
909 1774 974 1860 γὰρ
991 1772 1030 1842 τὺ
1045 1773 1253 1859 ἀρρενωπὸν

227 1876 289 1941 ’καὶ
304 1873 346 1941 ού
361 1881 427 1941 τοῦ
433 1872 545 1961 άβροῦ
561 1877 619 1943 καὶ
632 1878 793 1959 ἐρασμίου
809 1873 948 1990 ῥήτορος
990 1879 1039 1941 13.
1043 1877 1157 1994 φήσει
1175 1881 1249 1942 τοί-

234 1986 300 2039 νυν
320 1974 411 2039 πάνυ
422 1969 646 2058 μετριάζων*
627 1972 712 2097 6666
732 1967 854 2060 αὑτοῦ
888 1977 977 2038 Μῦν
995 1991 1047 2055 σε,
1073 1964 1250 2056 ύγαθέ,ὑ

226 2071 368 2150 Πύθιος
389 2074 568 2157 ἐπεμψεν
552 2068 603 2138 επ’
630 2073 686 2156 ἐμὲ
706 2068 909 2155 ρητόρων
874 2096 934 2136 τον
950 2068 1088 2153 ἄριστον
1108 2092 1251 2153 προσει-

183 2169 327 2249 14366'6,
350 2168 460 2254 ωσπερ
471 2168 534 2237 ζοτε
545 2166 766 2260 Χαιρεφωνζ
744 2194 842 2254 ηρετο
864 2165 985 2252 αὐτόν,
1008 2166 1176 2248 ἐδειξεν”
1153 2189 1251 2245 οστις

234 2260 283 2353 66.
296 2266 314 2334 6
327 2270 518 2352 σοφωτατος
532 2272 569 2353 ἐν
580 2284 652 2347 τοῖςΙ
664 2268 754 2347 ’τότες
778 2266 913 2352 είδὲμή
927 2274 1042 2343 τοῦτο,
1060 2263 1143 2336 ἀλλὰ
1159 2264 1250 2334 κατὰ

234 2367 329 2443 κλέος
347 2362 446 2443 αύτός
458 2364 550 2452 ἥκεις
559 2366 696 2434 ἀκούων
707 2363 867 2436 ἁπάντων
878 2363 1251 2450 ὑπερεκπεπληγμένων

233 2460 277 2529 τά
289 2459 432 2548 Ιἡμέτερα
446 2466 501 2531 καλ
518 2461 721 2550 ὑμνούντων
735 2466 790 2581 καί
807 2464 1004 2551 τεθηπότων
1024 2464 1080 2532 καλ
1093 2459 1250 2547 ὑπεπτη-

232 2563 359 2647 γότων,
381 2560 499 2649 αὐτίκα
514 2564 602 2648 μάλα
625 2572 697 2650 είση
711 2559 795 2644 πρὸς
810 2558 884 2637 οἷόν
898 2588 973 2628 τινα
988 2558 1204 2646 δαιμόνιρν”
1179 2586 1244 2626 αν-

182 2700 186 2709 ·
232 2656 337 2741 δρα”
314 2686 414 2747 ηκεις.
438 2662 672 2749 προσδοκήσης
683 2662 719 2731 66
730 2661 835 2759 μηδὲν
845 2667 1001 2728 τοιοῦτον
1014 2659 1163 2741 ὄψεσθαι
1170 2654 1249 2732 οἷον

235 2755 358 2849 τωδε“
335 2787 401 2850 η
370 2765 454 2827 τιῦδε
470 2768 693 2848 παραβαλεῖν,
709 2756 788 2828 ἀλλ’
799 2770 845 2827 εί
842 2782 891 2836 τις
904 2786 925 2845 η
912 2754 1100 2836 *ramae*
1079 2786 1100 2879 η
1111 2750 1249 2836 Ωτος
1227 2785 1248 2844 η

230 2856 423 2983 Ἐφιάλτης,
441 2856 535 2942 ὑπὲρ
544 2862 692 2937 ἐκείνους
707 2856 795 2926 πολύ
805 2866 970 2944 φανεῖταί
982 2881 1036 2927 σοι
1052 2856 1088 2925 τό
1108 2864 1249 2945 πρᾶγμα

236 2954 406 3041 ὑπερφυὲς
422 2959 476 3025 καὶ
493 2960 686 3048 ’τεράστιονξ
715 2960 784 3025 ἐπεὶ
800 2958 879 3035 τούς
892 2984 930 3043 γε
944 2956 1072 3050 ἄλλους
1082 2965 1248 3025 τοσοῦτον

232 3052 503 3141 ,ὑπερφωνοῦντα
525 3055 677 3146 εὑρήσεις
701 3055 852 3130 ὑπόπουν
873 3055 894 3143 6
918 3059 1060 3144 σάλπιγξ
1082 3055 1159 3135 τοὺς
1179 3056 1248 3124 αῦ-

234 3150 315 3231 λοὺς
331 3155 386 3222 καί
401 3158 434 3221 οί
446 3158 585 3240 τέττιγες
600 3153 659 3234 τὰς
674 3164 825 3241 μελίττας
839 3160 894 3224 καὶ
905 3162 941 3225 οί
951 3161 1044 3243 χοροί
1060 3154 1138 3235 τούς
1151 3158 1248 3227 ἐνδι-

226 3253 365 3331 δόντας.
401 3257 488 3322 14’
473 3256 541 3321 επεὶ
563 3253 598 3320 66
613 3256 668 3326 καλ
688 3255 858 3342 ῥήτωρ’
816 3254 918 3334 αντός
938 3261 1065 3335 ἐθέλεις
1085 3257 1247 3342 γενέσθαι

235 3355 290 3419 καὶ
305 3359 404 3419 τοῦτο
419 3349 482 3420 οῦκ
496 3347 540 3419 66
554 3378 630 3437 παρ
625 3351 756 3427 ’ἄλλον
771 3358 855 3444 ῥᾷον
870 3356 1046 3474 μάθοις,”
1026 3379 1110 3474 επμν
1124 3354 1245 3440 μόνον.

225 3478 263 3519 -ω
251 3442 422 3537 μέλημα,
440 3446 521 3528 οἷς’“
500 3478 544 3517 αν
558 3461 641 3519 είπω
653 3480 707 3520 και
697 3452 820 3537 ζήλοις
831 3454 939 3521 πάντα
952 3456 1005 3521 καλ
1015 3451 1096 3532 τοὺς
1105 3455 1245 3540 νόμους,
