2625 4092
311 300 432 360 ΠΕΡΙ
452 302 549 359 m
565 300 753 364 ΣΤΡΙΗΣ
774 300 910 362 ΘΕΟΤ.
1053 298 1114 363 347

109 473 192 528 τοῖσι
207 468 262 529 καί
283 462 316 539 ές
332 468 464 545 Συρίην
480 456 625 529 άπίκετο.
655 457 700 539 ὥς
714 459 750 528 δέ
765 464 800 528 οέ
811 464 918 546 πέρην
930 458 1116 550 Εὐφρήτεω

108 556 284 642 ἄνθρωποι
299 557 376 627 οὔτε
399 556 502 627 αὐτὸν
519 556 597 626 οὔτε
610 555 709 647 ὄργια
726 562 895 641 ἐδέκοντο,
920 562 958 626 έν
971 564 1053 649 τῷδε
1070 568 1116 651 τῷ

106 655 204 745 χώρῳ
220 652 257 722 τό
273 659 348 742 ίρόν
365 652 550 741 ἐποιήσατο.
583 656 707 742 σημήια
724 660 778 724 δέ·
808 652 932 741 ῇθεός
947 654 987 722 τά
1008 655 1115 725 πολλὰ

107 758 140 831 ἐς
158 751 249 837 Ῥέην
265 755 470 821 ἐπικνέεται..
487 753 619 831 λέοντες
634 754 699 840 γάρ
721 781 780 840 μιν
797 754 939 839 φέρουσι
959 755 1014 821 καί
1030 754 1114 839 τύμ-
1133 765 1186 822 461

107 878 217 919 πανον
232 858 297 937 ἔχει
310 852 364 920 καὶ
376 852 428 918 ἐπὶ
442 857 481 938 τῇ
496 858 624 937 κεφαλῇ
636 852 879 936 πυργοφορέει,
898 846 1014 936 ὁκοίην
1026 849 1117 939 Ῥέην

107 952 212 1017 Λυδοὶ
229 950 410 1016 ποιέουσιν.
434 954 525 1033 ἔλεγε
542 949 579 1015 δέ
593 951 648 1016 καί
662 949 804 1016 Γάλλων
817 950 910 1032 πέρι,
932 950 967 1015 οἵ
980 954 1065 1017 είσιν
1080 951 1117 1016 έν

106 1054 153 1136 τῇ
168 1051 247 1130 ίρῇ,
269 1045 318 1113 ὅτι
334 1046 458 1115 Γάλλοι
466 1043 552 1133 Ἤρη
569 1045 630 1129 μέν
647 1044 794 1132 οὐδαμά,
806 1044 875 1133 Ῥέη
892 1045 928 1113 δέ
940 1046 1116 1130 τέμνονται

31 1140 33 1145 ’
107 1141 284 1213 καλ”Αττεα
301 1145 482 1229 μιμέονται.
505 1140 544 1210 τά
562 1143 601 1210 δέ
609 1169 666 1228 μοι
679 1140 843 1227 εὐπρεπέα
858 1141 920 1228 μέν
935 1142 1043 1210 δοκέει
1057 1147 1116 1227 έμμ

106 1268 221 1327 μεναι,
244 1239 373 1327 ἀληθέα
393 1243 429 1309 δέ
446 1240 504 1308 οὔ·
527 1243 596 1308 ἐκεί
616 1244 745 1326 καὶτῆς
764 1238 986 1327 τομῇςάλλην
1006 1245 1117 1325 αίτίην

104 1338 235 1428 ἥκουσα
257 1338 383 1408 πολλὰν
402 1341 608 1425 πιστοτέρην.
643 1344 691 1407 16.
710 1337 849 1408 ἁνδάνει
871 1342 910 1408 δέ
924 1365 981 1426 μοι
1003 1335 1043 1406 τά
1061 1340 1117 1406 λέ-

104 1459 205 1525 γουσι
215 1447 277 1505 τοῦ
287 1443 363 1520 ίρου
374 1442 449 1520 πέρι
463 1452 569 1505 τοῖσιν
576 1436 733 1523 Ἕλλησιν
743 1436 783 1505 τά
793 1434 900 1506 πολλά
913 1433 1117 1522 ὁμολογέον-

104 1563 176 1623 τες,
190 1534 253 1623 τὴν
268 1535 330 1622 μέν
344 1534 544 1622 θεόνἫρην
561 1540 747 1621 δοκέοντες,
769 1534 806 1603 τό
823 1534 854 1603 δ’
871 1540 971 1621 ἔργον
986 1534 1115 1603 Διονύ-

105 1656 170 1702 σου
185 1643 246 1702 τοῦ
260 1638 408 1723 Σεμέλης
429 1642 568 1721 ποίημα·
597 1636 651 1702 καί
672 1636 737 1719 γάρ
754 1631 794 1721 δῇ
809 1635 979 1711 Διόνυσος
993 1635 1026 1711 ές
1040 1640 1114 1701 Συ-

96 1740 184 1818 ρίην
199 1730 333 1801 άπίκετο
349 1741 464 1819 κείνην
479 1730 561 1801 ὁδὸν
574 1730 636 1819 τὴν
652 1726 760 1819 ἦλθεν
774 1731 825 1801 ἐπ’
843 1738 1036 1819 Αίθιοπίην.
1059 1733 1115 1799 καὶ

106 1836 175 1899 έστι
190 1827 296 1898 πολλά
308 1833 346 1898 έν
359 1838 404 1921 τῇ
417 1836 478 1920 ίρῷ
488 1832 664 1900 Διονύσου
674 1834 816 1917 ποιητέω
826 1832 967 1917 σήματα,
982 1832 1019 1899 έν
1029 1843 1115 1897 τοῖσι

105 1929 161 1995 καὶ
177 1930 314 2014 ἐσθῆτες
325 1926 490 2016 βάρβαροι
504 1929 558 1997 καὶ
572 1936 664 1998 λίθοι
676 1927 771 1997 Ἰνδοὶ
785 1932 839 1998 καὶ
854 1928 1046 2013 ἐλεφάντων
1057 1928 1113 1994 κέ-
1132 1936 1184 1994 46³

14 2034 15 2037 ’
106 2051 184 2109 ρεα,
208 2021 247 2091 τά
269 2024 438 2105 Διόνυσος
461 2029 493 2107 ἐξ
508 2026 688 2095 Αἰθιόπων
709 2026 836 2113 ἤνεικε,
861 2029 915 2094 καὶ
936 2024 1057 2110 φαλλοὶ
1078 2024 1113 2091 δὲ

104 2123 239 2190 ἑστᾶσιν
257 2124 294 2190 έν
314 2138 398 2191 τοῖσι
414 2131 648 2206 προπυλαίοισι
672 2126 735 2192 δύο
756 2124 861 2207 κάρτα
880 2123 1035 2209 μεγάλοι,
1061 2122 1114 2187 ἐπὶ

103 2227 174 2288 τῶν
190 2222 377 2308 ἐπίγραμμα
391 2222 522 2289 τοιόνδε
538 2225 789 2309 ἐπιγέγραπται,
806 2220 950 2308 ,τούσδε
964 2216 1114 2306 φαλλοὺς

105 2318 276 2396 Διόνυσος
285 2316 371 2408 Ἥρη
385 2329 528 2410 μητρυιῇ
543 2318 729 2406 άνέθηκα.“

188 2414 275 2502 Ἐμυλ
286 2421 348 2503 μέν
361 2446 426 2486 ννν
439 2423 493 2489 καὶ
504 2420 582 2487 τάδε
598 2417 719 2501 άρκέει.
742 2422 824 2499 ἐρέω
839 2416 875 2485 δέ
890 2418 946 2485 καὶ
959 2413 1033 2484 ἄλλ’
1048 2413 1068 2483 ὅ
1082 2442 1113 2482 τι

104 2518 193 2584 ἐστίν
203 2518 239 2582 ἐν
249 2524 293 2605 τῷ
304 2525 374 2607 νηῷ
383 2519 558 2587 Διονύσου
568 2517 693 2605 ὄργιον.
710 2515 1114 2603 φαλλούςἝλληνεςΔιο-

106 2614 199 2703 νάσῳ
214 2617 417 2700 ἐγείρουσιν,
441 2621 576 2685 ἐπὶτῶν
590 2622 644 2687 καὶ
660 2620 791 2687 τοιόνδε
807 2647 838 2685 τι
854 2621 1034 2704 φέρουσιν,
1050 2615 1112 2684 άν-

105 2718 187 2795 δρας
196 2712 336 2798 μικροὺς
345 2718 381 2781 έκ
391 2716 495 2794 ξύλον
505 2721 757 2802 πεποιημένους,
768 2718 894 2803 μεγάλα
905 2720 1013 2785 αἰδοία
1022 2721 1111 2801 έχον-

105 2836 178 2890 τας·
201 2815 375 2879 καλέονται
387 2813 423 2882 δέ
433 2816 512 2881 τάδε
528 2817 768 2897 νευρόσπαστα.
791 2821 858 2883 ἔστι
871 2814 907 2882 δέ
921 2816 976 2883 καὶ
986 2815 1062 2882 τάδε
1074 2816 1111 2881 ἐν

103 2918 150 3001 τῇ
161 2915 234 3003 ίρῇ,
253 2914 289 2979 έν
300 2917 390 3001 δεξιῇ
403 2920 464 2980 τοῦ
475 2920 561 2999 νηοῦ
572 2916 716 3000 κάθηται
728 2916 866 3002 σμικρὸς
877 2911 963 3001 ἀνὴρ
974 2914 1111 3000 χάλκεος

104 3018 190 3098 ἔχων
206 3015 335 3078 αίέοίυν
349 3013 442 3097 μέγα.
476 3017 525 3080 17.
541 3013 660 3081 τοσάδε
682 3016 743 3099 μὲν
760 3012 845 3100 ἀμφὶ
858 3020 925 3081 τῶν
940 3015 1113 3082 οἰκιστέων
1130 3028 1181 3084 46⁴

104 3116 167 3179 τοῦ
181 3112 257 3191 ίροῦ
271 3112 549 3196 μυθολογέουσιν.
573 3110 636 3198 ἤδη
652 3115 688 3180 δέ
702 3116 783 3198 έρέω
797 3116 850 3181 καὶ
861 3118 923 3179 τοῦ
937 3119 1022 3197 νηοῦ
1034 3114 1109 3194 πέρι

103 3207 219 3287 θέσιός
231 3234 267 3275 τε
281 3206 367 3287 ὅκως
383 3211 512 3294 ἐγένετο
528 3213 581 3279 καὶ
596 3208 686 3289 ὅστις
699 3238 757 3297 μιν
769 3211 955 3296 ἐποιήσατο.
976 3213 1111 3295 λέγουσι

101 3304 166 3377 τὸν
179 3305 263 3393 νηὸν
277 3303 337 3375 τὸν
352 3314 418 3374 νῦν
432 3309 529 3375 ἐόντα
544 3307 587 3393 μὴ
600 3314 736 3395 ἔμμεναι
747 3309 807 3379 τὸν
818 3310 879 3395 τὴν
893 3307 999 3396 ἀρχὴν
1014 3334 1111 3394 γεγε-

101 3408 267 3491 νημένον,
283 3403 355 3473 ἀλλ’
370 3408 499 3474 ἐκεῖνον
508 3404 571 3494 μέν
584 3415 825 3495 κατενεχθῆναι
835 3408 945 3497 χρόνῳ
957 3405 1108 3493 ὕστερον,

100 3502 163 3574 τὸν
181 3507 216 3571 δέ
232 3510 297 3572 νῦν
312 3504 409 3573 έόντα
426 3512 651 3592 Στρατονίκης
673 3512 809 3593 ἔμμεναι
829 3514 970 3593 ποίημα,
990 3528 1109 3591 γυναι-
