2625 4092
216 263 277 328 430
557 237 885 340 [λουκικαον]

147 447 199 500 σος
218 453 283 512 νηι
275 433 390 514 καλῷ
412 430 597 510 διηγεῖσθαι
615 429 843 539 παρεσχῆσθαι
859 436 925 501 τοῖς
942 420 1147 508 ἀνθρώποις
1178 433 1217 493 ἐτι

216 521 253 590 δὲ
267 530 335 590 τών
353 525 414 610 μὲν
429 517 575 590 άλλώυ’
558 521 717 588 απάντιον
733 519 852 640 ἑκάστη
868 521 1045 601 προστάτις
1062 511 1150 588 οδσα
1164 521 1219 643 οήχ

216 624 309 705 ἑτέρα
325 617 526 707 ἀμφισβητεῖ
539 621 632 708 ἑτέρᾳ
648 607 766 699 περὶ
739 643 787 682 ων
804 616 911 702 άρχει,
936 614 1007 686 ἄλλ’
1023 616 1151 704 Ἀθηνᾶ
1165 625 1221 705 μὲν

218 731 285 796 τοῖς
298 715 490 800 ἀνθρώποις
504 713 672 803 ηγουμένη
693 742 732 782 τα
722 713 781 793 ές
795 718 957 802 πολέμους
972 714 1054 798 πρὸς
1068 715 1221 803 Ἄρτεμιν

218 845 258 885 ου
248 815 465 902 ’διαμάχεται
480 843 554 901 περι
543 815 692 902 θήρας,
714 811 758 892 ώς
776 811 806 882 δ’
823 812 931 892 αὕτως
944 811 1070 903 Ἀθηνᾷ
1087 811 1222 902 κάκείνη

218 927 408 1001 παραχωρεῖ
421 923 488 981 τών
503 920 707 998 πολεμικῶν,
732 919 799 979 τῶν
818 912 854 978 δὲ
869 911 986 998 γάμων
999 911 1087 996 Ἥρα
1101 910 1223 998 Ἀφρο-

217 1016 305 1100 δίτη,
328 1009 402 1078 οὐδ’
422 1009 504 1097 αὕτη
526 1008 608 1093 πρὸς
625 1008 728 1095 αὐτῆς
747 1011 967 1096 ἐνοχλουμένη
983 1013 1057 1093 περὶ
1075 1002 1125 1076 ών
1143 1012 1224 1096 ἐφο·

218 1111 319 1193 ρεάει.
349 1109 467 1196 ἑκάστη
484 1107 514 1174 δ’
531 1111 582 1176 ἐπὶ
602 1110 715 1177 κάλλει
731 1114 892 1174 τοσοῦτον
906 1123 1028 1192 φρονεῖ
1042 1109 1098 1175 καὶ
1115 1109 1225 1184 πάσας

218 1203 486 1293 ὑπερβάλλεσθαι
507 1212 613 1289 δοκεῖ,
637 1204 721 1274 ώστε
741 1207 795 1272 καὶ
809 1202 829 1291 ἡ
843 1205 933 1291 Ἔρις
948 1202 1050 1284 αὐτὰς
1067 1203 1226 1291 άλλήλαις

218 1307 443 1387 ἐκπολεμῶσαι
456 1309 643 1390 βουλομένη
659 1302 759 1372 οὐδὲν
775 1303 855 1372 άλλο
872 1301 1063 1390 προῦβαλεν
1078 1299 1226 1390 αὐταῑςή

218 1401 355 1485 κάλλος,
373 1397 478 1478 οὕτως
494 1404 627 1488 οἰομένη
641 1405 762 1492 ῥηιδίως
778 1399 859 1484 ὅπερ
874 1401 975 1490 ἤθελε
992 1404 1225 1489 καταστήσειν,

218 1495 330 1582 ὀρθῶς
350 1503 404 1568 καὶ
419 1505 589 1585 φρονίμοις
608 1509 707 1566 τοῦτο
727 1505 927 1586 λογιζομέυη.
950 1502 1107 1580 σκέψαιτο
1130 1497 1167 1568 δ’
1186 1498 1224 1567 ἄν

217 1622 266 1673 τις
279 1599 439 1665 ἐντεῦθεν
458 1595 519 1684 τήν
534 1605 593 1664 τοῦ
608 1598 751 1676 κάλλους
766 1602 975 1682 περιουσίαν·
1007 1594 1051 1676 ώς
1067 1597 1136 1684 γάρ
1152 1599 1225 1667 ἐλά·

217 1700 317 1779 βουτο
328 1701 389 1761 τοῦ
400 1695 509 1782 μήλου
520 1697 575 1762 καὶ
585 1693 646 1782 τήν
660 1697 847 1782 ἐπιγραφήν
858 1695 1072 1780 άνελέξαντο,
1088 1697 1227 1781 ἑκάστης

218 1789 318 1878 αὐτῆς
333 1789 566 1880 ὑπολαβοάσης
581 1791 664 1860 εἶναι
677 1792 713 1859 τὸ
726 1801 850 1880 μῆλον,
866 1798 1026 1882 μηδεμιᾶς
1040 1797 1078 1862 δὲ
1092 1795 1225 1880 τολμώ-
1285 1793 1286 1832 ³

218 1911 277 1976 σης
290 1887 351 1977 τήν
368 1898 483 1976 ψήφου
500 1889 581 1959 καθ’
599 1889 699 1978 αὑτῆς
717 1896 880 1977 ένεγκεῑν,
896 1890 938 1970 ώς
953 1889 1009 1976 ἄρ’
1027 1895 1225 1978 αίσχροτέρα
1285 1917 1286 1920 ’

217 1995 274 2073 τής
291 1990 401 2072 ἑτέρας
421 1998 470 2074 εἴη
488 1987 549 2074 τήν
564 1988 658 2075 ὅγιν,
684 1989 877 2076 άνέρχονται
893 1990 980 2075 παρά
995 1989 1056 2058 τὸν
1078 1999 1150 2058 τῶν
1165 1993 1227 2078 μὲν

219 2088 359 2170 πατέρα,
374 2093 431 2170 τῆς
446 2085 478 2151 δ’
489 2083 637 2171 άδελφόν
652 2113 687 2154 τε
704 2090 757 2156 καὶ
771 2089 929 2157 σύνοικον
942 2097 1008 2156 Δία
1025 2091 1222 2173 ἐπιτρέψου-

219 2205 274 2250 σαι
290 2182 351 2270 τήν
366 2189 461 2269 δίκην
478 2181 577 2272 αὐτῷ.
607 2191 690 2270 ἔχων
711 2185 746 2253 δέ
763 2188 817 2255 καὶ
834 2183 932 2266 αὐτὸς
945 2185 1016 2274 ήτις
1032 2189 1123 2253 ἐστὶν
1142 2186 1224 2254 άπο-

219 2282 393 2368 φήνασθαι
407 2287 562 2368 καλλίστη
579 2285 632 2348 καὶ
647 2291 779 2350 πολλῶν
798 2283 961 2368 άνδρείών
972 2283 1081 2352 ὄντων
1097 2287 1156 2354 καί
1170 2305 1224 2352 σο·
1287 2331 1288 2336 1

220 2388 295 2466 φών
315 2383 368 2448 καὶ
390 2388 565 2465 φρονίμων
580 2386 616 2447 έν
631 2407 666 2447 τε
682 2380 811 2450 Ἑλλάδι
831 2385 884 2450 καὶ
901 2390 940 2469 τῇ
954 2385 1133 2474 βαρβάρῳ,
1159 2379 1177 2450 ὁ
1194 2379 1223 2449 δ’

219 2479 382 2559 ἐπιτρέπει
396 2476 458 2564 τήν
475 2484 584 2559 κρίσιν
597 2481 720 2564 Πάριδι
736 2486 781 2568 τῷ
796 2481 952 2566 Πριάμου
967 2489 1083 2566 ψήφου
1099 2485 1224 2568 ἐναργή

219 2578 273 2643 καὶ
293 2573 448 2657 καθαράν
465 2576 661 2665 έξενεγκών,
684 2575 732 2644 ὅτι
751 2580 804 2645 καὶ
823 2580 1015 2664 φρονήσεως
1031 2579 1085 2647 καὶ
1103 2586 1225 2665 σοφίας

219 2675 273 2740 καὶ
288 2675 399 2759 ῥώμης
417 2671 567 2760 ὑπερέχει
588 2671 624 2741 τδ
646 2675 774 2753 κάλλος.
810 2681 857 2743 11.
873 2676 1038 2761 τοσαύτην
1062 2673 1094 2742 δ’
1112 2680 1226 2763 ἐπιμέ-

222 2782 314 2839 λειαν
330 2769 380 2839 άεὶ
399 2781 592 2858 πεποίηνται
608 2776 662 2841 καὶ
682 2772 833 2859 σπουδήν
855 2771 991 2842 άκοάειν
1008 2772 1091 2841 εἶναι
1115 2782 1226 2856 καλαί,
1287 2843 1288 2856 ,

223 2871 304 2938 ώστε
319 2874 372 2938 καί
385 2872 444 2939 τὸν
456 2870 578 2959 ἡρώων
589 2899 623 2939 τε
639 2873 827 2957 κοσμήτορα
839 2875 893 2940 καὶ
905 2880 997 2940 θεῶν
1008 2871 1153 2958 ποιητήν
1166 2873 1227 2940 οὐκ

222 2968 366 3037 ἄλλοθέν
381 2981 489 3038 ποθεν
503 2966 526 3055 ἢ
544 2968 633 3054 παρά
648 2976 709 3036 τοῦ
725 2971 867 3048 κάλλους
888 2977 1082 3036 πεπείκασιν
1099 2969 1225 3058 ὄνομά-

222 3077 296 3149 ζειν.
313 3069 410 3156 ήδιου
421 3066 463 3136 άυ
474 3063 538 3138 οὖν
547 3067 688 3138 άκοάσαι
698 3070 903 3146 λευκώλενος
914 3062 1061 3155 ήἭραή
1075 3075 1228 3154 ,πρέσβα

152 3184 203 3240 625
222 3165 287 3234 θεά
302 3167 455 3252 θυγάτηρ
471 3169 618 3254 μεγάλου
630 3168 805 3252 Κρόνονίί,
819 3165 942 3254 Ἀθηνᾶ
957 3163 989 3231 δ’
1006 3162 1068 3231 οὐκ
1085 3161 1130 3230 άυ
1145 3172 1227 3253 βον-

222 3270 340 3350 ληθείη
351 3270 558 3348 Τριτογένεια
567 3263 631 3347 πρδ
642 3271 701 3332 τοῦ
709 3271 1098 3345 Γλαυκώπιςκαλελσθαι,
1107 3260 1228 3348 Ἀιγρο-

223 3365 294 3445 δίτη
308 3385 343 3426 τε
364 3357 526 3444 τιμήοαιτ’
542 3357 585 3429 άυ
601 3369 662 3428 τοῦ
680 3359 802 3438 παντὸς
817 3369 989 3428 καλεῖσθαι
1002 3365 1122 3446 χρυσῆ.
1146 3357 1230 3440 άπερ
1287 3403 1288 3416 1

223 3451 344 3523 ἅπαντ’
359 3461 404 3532 είς
415 3456 535 3534 κάλλος
545 3464 653 3526 τείνει.
680 3464 726 3526 12.
743 3465 848 3526 καίτοι
862 3457 955 3524 ταῦτ’
968 3455 1008 3524 οὗ
1018 3459 1132 3538 μόνον
1144 3457 1228 3526 άπό-
1287 3463 1288 3544 ᾖ
