2625 4092
219 312 280 375 270
576 314 918 380 AOYKIANOT's

217 471 318 552 αότός
339 498 373 542 τε
395 475 412 542 ό
432 477 631 563 στρατιώτης
644 519 689 543 -.
702 479 925 568 Δεινόμαχος,
948 483 1055 570 οἶμαι,
1077 498 1212 557 καλειται

217 614 259 626 -
273 577 326 641 καὶ
341 573 359 640 ὁ
371 577 614 662 συστρατιώτης
627 576 748 644 αὐτοῦ·
770 575 854 644 ὥστε
869 577 931 646 οὐκ
941 580 1015 648 οἶδα
1029 589 1060 651 εί
1069 588 1212 671 βιώσεται

217 669 234 738 ὁ
259 671 455 760 ἀνθρωπος,
479 667 640 760 όΚοχλί·
676 671 756 759 αἷμά
778 701 813 742 τε
835 675 899 762 γὰρ
922 681 1025 766 έρρόη
1048 683 1134 750 πολὺ
1155 682 1211 750 ἀπό

148 783 199 838 323
217 779 285 838 τῶν
300 774 405 855 ῥινῶν
427 775 481 841 καὶ
502 771 538 840 τό
560 775 742 856 πρόσωπον
763 773 844 842 ὅλον
863 778 1027 866 έξφδηκεν
1042 778 1147 849 αὐτοῦ
1165 785 1212 850 καί

217 870 376 936 πελιδνόν
391 873 488 937 ἐστιν.

300 977 329 1037 2.
352 977 483 1038 KOXA.
510 969 631 1057 Ἑμοίνη
651 970 669 1038 ὁ
687 972 867 1059 ἅνθρωπος
886 969 908 1060 ἦ
925 978 1012 1061 μέθη
1036 1004 1084 1054 τις
1104 970 1212 1063 ἦνκαὶ

216 1075 373 1150 παροινιά
388 1065 425 1135 τό
445 1077 596 1154 πρᾶγμας
665 1125 668 1128 .

299 1172 428 1235 ΠΑΡΘ.
452 1174 639 1252 Ζηλοτνπία
651 1195 715 1245 τις,
733 1161 760 1234 ὦ
771 1175 888 1255 Κοχλί,
907 1174 960 1240 καί
972 1179 1055 1257 ἔρως
1067 1179 1211 1251 ἔκτοπος·

214 1262 234 1350 ἡ
252 1265 405 1350 Κροκάλη
420 1267 472 1346 δέ,
498 1264 602 1350 οἶμαι,
621 1267 684 1332 δόο
699 1266 844 1335 τόλαντα
859 1269 1035 1354 αἰτήσασα,
1054 1277 1083 1336 εί
1099 1270 1211 1357 βούλε-

214 1389 267 1428 ται
276 1365 379 1448 μόνος
391 1369 476 1447 έχειν
489 1361 604 1448 αὐτήν,
615 1367 685 1432 ἐπεὶ
697 1362 740 1450 μὴ
753 1368 866 1432 ἐδίδου
877 1365 895 1433 ό
907 1369 1123 1453 Δεινόμαχος,
1136 1373 1212 1436 ἐκεῖ·

213 1487 276 1528 νον
297 1463 358 1546 μέν
376 1458 568 1529 ἀπέκλεισεν
589 1459 713 1547 ἥκοντα
736 1465 972 1546 προσαράξασά
993 1493 1030 1550 γε
1052 1465 1141 1556 αὐτῷ
1162 1465 1214 1545 τός

213 1561 340 1643 θύρας,
359 1557 403 1637 ὡς
418 1562 561 1645 ἐλέγετο,
577 1559 636 1627 τὸν
650 1562 782 1647 Γόργον
797 1563 832 1628 δὲ
847 1568 968 1630 Οίυοέα
981 1561 1055 1631 τινὰ
1068 1561 1214 1649 γεωργὸν

215 1657 360 1741 εὔπορον
374 1661 409 1726 έκ
422 1665 548 1727 πολλοῦ
560 1661 687 1740 ἐρῶντα
698 1662 753 1727 καί
763 1661 907 1747 χρηστόν
919 1661 1104 1744 ἀνθρωαον
1118 1689 1213 1744 προς-

214 1755 443 1843 ιεμένηέπινε
465 1757 536 1843 μετ’
558 1757 665 1825 αὐτοῦ
687 1757 771 1844 κάμὲ
795 1761 983 1846 παρέλαβεν
1004 1758 1215 1845 αὐλήσουσαν

214 1854 295 1938 παρ’
313 1853 433 1933 αὐτοῖς.
463 1855 526 1942 ἤδη
544 1860 579 1924 δὲ
600 1864 854 1942 προχωροῦντος
876 1865 937 1924 του
952 1858 1058 1924 πότου
1078 1856 1144 1942 έγώ
1158 1858 1215 1942 μὲν

214 1951 399 2038 ὑπέκρεκόν
416 1981 446 2020 τι
464 1962 530 2019 τῶν
546 1959 698 2035 Λυδίων,
722 1952 739 2022 ὁ
760 1953 908 2040 γεωργός
925 1955 961 2022 δὲ
980 1955 1045 2040 ἤδη
1062 1953 1215 2022 ἀνίστατο

213 2048 449 2136 ὀρχησόμενος,
465 2048 485 2136 ἡ
503 2053 659 2139 Κροκόλη
672 2055 707 2120 δὲ
720 2055 863 2136 ἐκρότει,
881 2056 936 2121 καί
946 2053 1055 2120 πάντα
1066 2047 1109 2140 ἦν
1119 2051 1215 2140 ἡδέα·

213 2154 250 2218 έν
273 2149 419 2237 τοσοότφ
444 2149 479 2215 δὲ
502 2151 627 2228 κτύπος
647 2149 789 2236 ἠκούετο
810 2152 863 2220 καὶ
886 2149 948 2238 βοὴ
971 2155 1023 2219 καὶ
1045 2150 1217 2238 ἡαόλειος

212 2245 391 2333 ἠράσσετο,
410 2250 464 2315 καὶ
477 2246 558 2334 μετά
570 2247 692 2334 μικρόν
703 2252 935 2316 ἐπεισέπαισαν
947 2247 1030 2316 ὅσον
1042 2248 1128 2316 ὀκτώ
1140 2276 1217 2316 νεα·
1293 2332 1294 2347 ,

214 2353 321 2414 νίσκοι
335 2347 423 2431 μάλα
439 2350 591 2430 καρτεροὶ
606 2351 661 2415 καὶ
677 2345 695 2415 ὁ
712 2347 891 2434 Μεγαρεὺς
908 2352 944 2416 έν
960 2346 1080 2426 αὐτοῖς.
1112 2346 1217 2425 εάθδς
1293 2370 1294 2429 ι

213 2439 277 2511 οὖν
304 2442 522 2525 ἀνετέτραπτο
551 2447 659 2513 πάντα
687 2450 741 2514 καὶ
768 2445 785 2513 ὁ
809 2448 955 2532 Γόργος,
983 2445 1093 2530 ὥσπερ
1120 2454 1217 2535 ἔφην,

213 2548 341 2611 ἐπαίετο
355 2548 409 2612 καὶ
423 2547 569 2613 ἐπατεῖτο
586 2551 686 2632 χαμαὶ
706 2553 870 2632 κείμενος·
892 2544 913 2633 ἡ
929 2548 1085 2633 Κροκάλη
1102 2551 1138 2615 δὲ
1156 2547 1217 2614 οὐκ

111 2679 114 2684 ’
212 2641 276 2710 οἶδ’
289 2641 378 2720 ὅπως
390 2649 479 2729 ἔφθη
494 2643 736 2731 ὑπεκφυγοῦσα
750 2644 838 2732 παρά
854 2648 915 2732 τὴν
926 2653 1057 2733 γείτονα
1068 2648 1216 2714 Θεσπιά-

141 2758 194 2811 324
214 2746 270 2809 δα·
300 2743 354 2827 ἐμὲ
378 2741 413 2808 δὲ
435 2746 573 2826 ῥαπίσας
596 2741 613 2808 ὁ
637 2746 859 2832 Δεινόμαχος,
884 2745 1101 2831 Ἐκφθείρου,
1123 2753 1216 2831 φησί,
1293 2758 1294 2825 ζ

211 2843 410 2927 κατεαγότας
429 2868 485 2926 μοι
508 2840 585 2919 τούς
603 2841 728 2922 αὐλοὺς
744 2850 939 2926 προσρίψας.
968 2848 1022 2911 καὶ
1045 2851 1109 2911 νῦν
1131 2842 1216 2911 ἀπο-

211 2943 314 3024 τρέχω
329 2940 505 3024 φράσουσα
521 2948 623 3007 ταῦτα
641 2951 685 3030 τῷ
704 2942 863 3030 δεσπότῃ·
886 2941 1059 3028 ἀπέρχεται
1074 2943 1110 3009 δέ
1127 2939 1214 3010 καὶὸ

210 3037 357 3125 γεωργός
372 3037 538 3125 ὀψόμενός
554 3069 645 3120 τινας
663 3051 782 3128 φίλους
797 3050 865 3108 τῶν
879 3040 1039 3126 ἀστικῶν,
1057 3048 1092 3110 οἳ
1107 3067 1214 3124 παρα·

210 3137 356 3205 διόσουσι
371 3153 437 3217 τοῖς
451 3149 654 3223 πρυτανεῦσι
668 3140 728 3209 τόν
741 3146 909 3229 Μεγαρέα.

295 3241 323 3304 3.
347 3244 474 3305 ΚΟΧΛ.
502 3239 602 3306 Ταῦτ’
622 3245 710 3308 ἐστὶν
727 3239 914 3309 ἀπολαῦσαι
934 3249 1004 3306 τῶν
1024 3265 1212 3322 στρατιωτι-

209 3341 280 3402 κῶν
290 3334 419 3402 τούτων
431 3337 581 3423 έρεότιον,
597 3340 725 3427 πληγάς
736 3343 790 3408 καὶ
804 3345 913 3417 δίκας·
936 3339 976 3405 τό
992 3341 1028 3406 δέ
1041 3337 1125 3407 ἀλλα
1136 3338 1212 3424 ἡγε-

210 3435 310 3518 μόνες
331 3431 414 3501 εἶναι
440 3435 494 3502 καὶ
516 3443 674 3524 χιλίαρχοι
696 3441 864 3524 λέγοντες,
889 3435 931 3524 ἥν
951 3465 981 3505 τι
1004 3441 1122 3505 δοῦναι
1144 3441 1210 3522 δέη,

209 3539 427 3616 Περίμεινον,
448 3542 545 3619 φασί,
568 3533 628 3620 τὴν
642 3538 815 3620 σύνταξιν,
838 3534 964 3604 ὁπόταν
978 3539 1137 3620 απολάβω
1151 3536 1210 3621 τὴν
