2625 4092
297 302 419 362 ΠΕΡΙ
440 302 537 362 ΤΗΣ
553 300 741 361 ΣΤΡΙΗΣ
761 300 897 362 ΘΕΟΤ.
1039 298 1099 361 351

95 464 223 548 ίκεσίην
235 467 367 548 ἐδίζητο.
392 460 481 549 ἀλλμ
492 460 554 549 μέν
565 453 612 528 ἀν
625 459 685 529 τόν
696 467 801 544 ἔρωτα
813 458 997 548 ὁμολογέειν
1017 465 1101 546 ἐφυ-

95 558 244 642 λίσσετο,
260 557 343 646 αὕτη
357 560 392 627 δέ
402 562 595 645 ἐπιχειρέειν
606 561 742 627 αἰδέετο.
764 561 906 627 ἐπινοέει
919 553 967 628 ἀν
977 563 1100 634 τοιάδε,

95 668 175 747 οίνω
191 656 319 744 ἑωυτὴν
330 659 506 743 μεθύσασα
517 661 550 735 ές
560 658 683 743 λόγους
696 661 732 726 οί
743 660 871 727 ἐλθεῖν·
893 656 961 745 ἅμα
972 662 1009 727 δέ
1019 670 1100 749 οίνηι

94 756 215 823 ἐσιόντι
238 762 404 842 παρρησίη
425 782 459 823 τε
476 760 640 842 ἐσέρχεται
654 759 708 823 καί
728 753 749 842 ἡ
766 754 926 843 ἀποτυχίη
941 755 982 824 οά
996 759 1100 839 κάρτα

94 854 227 938 αίσχρη,
245 850 327 921 ἀλλά
342 860 410 921 τῶν
425 857 666 939 πρησσομένων
677 856 797 921 ἕκαστα
814 856 846 931 ές
861 851 1002 940 ἀγνοίην
1017 854 1100 922 ἀνα-

17 1016 18 1019 ,
93 952 217 1035 χωρέει.
252 948 296 1029 ὡς
316 954 353 1018 δέ
368 956 402 1019 οἱ
416 951 544 1033 ἐδόκεε,
565 952 619 1018 καὶ
639 954 745 1017 ἐποίεε
766 956 878 1018 ταῦτα.
911 953 965 1019 καὶ
980 953 1050 1020 ἐπεὶ
1065 956 1100 1019 ἐκ

17 1086 20 1117 τ
94 1053 234 1114 δείπνου
243 1051 413 1134 ἐγένοντο,
432 1048 616 1136 ἀπικομένη
627 1052 661 1127 ἐς
671 1048 711 1116 τά
723 1051 848 1135 οἰκήια,
866 1054 996 1118 έντοϊσι
1009 1058 1101 1137 Κομ-

17 1182 20 1219 ς
93 1145 198 1234 βάβος
216 1144 380 1232 αὐλίζετο,
406 1150 535 1217 λίσσετό
555 1151 659 1215 τεκαὶ
680 1148 816 1233 γούνων
830 1146 949 1215 ἀπτετο
971 1146 1099 1216 καὶτὸν

15 1283 19 1318 ς
93 1252 200 1328 έρωτα
214 1242 417 1332 ὡμολόγεεν·
440 1246 505 1316 ὁδέ
520 1248 580 1315 τόν
594 1273 629 1314 τε
641 1249 743 1333 λόγον
757 1245 909 1333 ἀπηνέως
922 1246 1098 1315 ἀπεδέκετο

92 1343 149 1409 καὶ
163 1338 200 1408 τό
215 1348 315 1426 ἔργον
329 1341 481 1412 ἀναίνετο
493 1351 551 1413 καί
563 1350 597 1412 οί
608 1344 670 1431 την
679 1347 790 1431 μέθην
800 1346 982 1414 ἐνεκάλεεν.
1004 1343 1099 1413 ἀπει-

16 1512 18 1520 ,
92 1440 218 1525 λούσης
238 1440 273 1508 δέ
295 1444 379 1528 μέγα
399 1470 429 1510 τι
455 1445 560 1512 κακόν
583 1441 712 1529 ἑωυτὴν
733 1444 956 1530 ἐργάσασθαι,
989 1449 1098 1520 δείσας

92 1538 203 1604 πάντα
215 1542 249 1605 οί
257 1541 360 1625 λόγον
372 1547 474 1626 ἔφηνε
487 1543 540 1609 καὶ
552 1548 663 1607 πᾶσαν
673 1539 735 1626 τὴν
746 1543 874 1608 ἑωυτοῦ
884 1543 1002 1628 πάθην
1013 1538 1099 1625 ἀπη-

92 1637 218 1723 γήσατο
239 1638 295 1705 καὶ
316 1634 352 1704 τό
371 1642 471 1724 ἔργον
492 1642 525 1717 ές
546 1641 690 1725 ἐμφανὲς
709 1635 852 1724 ἤνεικεν.
888 1642 1006 1706 ἰδοῦσα
1028 1633 1099 1722 δέἡ

15 1798 16 1803 ,
92 1740 304 1819 Στρατονίκη
313 1731 353 1801 τά
366 1734 484 1803 οὔκοτε
494 1740 620 1821 ἔλπετο,
634 1742 754 1821 μανίης
764 1734 825 1820 μὲν
839 1738 965 1821 ε’κείνης
978 1740 1098 1821 ἔσχετο,

15 1884 16 1889 1
93 1837 216 1913 ἔρωτος
226 1832 262 1899 δέ
274 1829 404 1918 οὐδαμά
415 1832 564 1920 ἐλήθετο,
580 1830 664 1900 ἀλλά
676 1833 784 1899 πάντα
796 1837 829 1900 οί
837 1839 1005 1900 συνεοῦσα
1016 1832 1099 1899 ταό-
1118 1848 1150 1903 47
1165 1864 1170 1869 ·
1266 1837 1269 1845 ’

15 1984 16 1987 .
92 1954 157 2013 την
167 1936 386 2016 παραμυθίην
398 1932 541 1997 ἐποιέετο
552 1935 671 2015 ἔρωτος
683 1929 873 2015 ἀπρήκτοιο.
890 1925 1006 1998 ἐστινὸ
1018 1934 1100 2010 ἔρως

14 2108 15 2113 ¹
94 2018 194 2104 οὗτος
206 2028 242 2093 ἐν
252 2034 291 2114 τῇ
305 2031 360 2115 ίρη
371 2028 447 2095 πόλι
460 2030 515 2096 καί
527 2034 574 2096 ἔτι
588 2036 654 2095 νῦν
667 2036 828 2114 γίγνεται·
845 2042 1001 2116 γυναῖκες
1012 2026 1098 2093 Γάλ-

15 2182 17 2191 ,
93 2134 166 2192 λων
179 2126 421 2210 ἐπιθυμέουσιν
434 2128 489 2193 καὶ
504 2128 633 2210 γυναιξί
648 2128 771 2195 Γάλλοι
787 2130 1030 2214 ἐπιμαίνονται,
1046 2129 1101 2208 ζη-

15 2306 16 2313 ,
93 2223 248 2289 λοτυπέει
263 2222 299 2289 δέ
314 2220 441 2308 οὐδείς,
456 2221 540 2291 ἀλλά
552 2232 646 2309 σφίσι
656 2221 692 2289 τό
708 2231 816 2309 χρῆμα
829 2225 935 2308 κάρτα
952 2220 1027 2305 ίρόν
1042 2248 1101 2288 νο-

16 2375 19 2385 .
94 2326 227 2407 μιῖεται.
256 2325 305 2386 23.
323 2320 411 2389 τὰδ’
427 2315 474 2389 ἀν
494 2326 531 2390 ἐν
548 2330 587 2410 τῇ
608 2327 663 2410 έρῇ
680 2323 757 2390 πόλι
774 2321 858 2408 ἀμφὶ
874 2320 937 2407 τὴν
952 2330 1101 2402 Στρατο-

14 2478 20 2518 ,
96 2425 196 2504 νίκην
212 2414 341 2505 οάδαμά
361 2419 421 2487 τόν
442 2428 583 2507 βασιλῆα
603 2424 761 2506 λέληθεν,
785 2420 869 2489 ἀλλά
890 2423 1006 2489 πολλοὶ
1024 2418 1105 2486 ἀπι-

14 2576 21 2594 f
95 2519 273 2603 κνεόμευοι
289 2521 493 2604 κατηγόρεον
510 2521 564 2587 καὶ
581 2518 620 2586 τά
636 2522 819 2606 γιγνόμενα
834 2518 1030 2605 ἀπηγέοντο.
1050 2518 1102 2583 ε’κὶ

15 2609 16 2614 ¹
95 2630 181 2685 τοῖσι
199 2620 403 2702 περιαλγέων
424 2622 456 2698 ἐξ
474 2618 605 2696 ἀτελέος
620 2628 681 2685 τοῦ
695 2625 799 2703 ἔργον
810 2618 993 2703 Κομβάβον
1008 2641 1102 2699 μετε-

15 2784 16 2794 ,
95 2716 225 2784 κάλεεν.
248 2715 342 2784 ἄλλοι
354 2720 389 2785 δὲ
404 2721 538 2803 λέγουσι
552 2714 654 2803 λόγον
669 2716 741 2786 οῧτι
756 2717 900 2802 ἀληθέα,
915 2719 976 2801 τὴν
990 2724 1101 2795 Στρα-

14 2806 18 2894 J
98 2822 249 2901 τονίκην,
266 2814 378 2901 ἐπειδὴ
392 2814 532 2903 ἀπέτυχε
542 2823 609 2883 τῶν
623 2820 747 2901 ἐδέετο,
763 2814 869 2901 αὐτὴν
880 2816 1056 2899 γράψασαν
1069 2816 1101 2889 ἐς

96 2916 157 2982 τόν
172 2913 279 2996 ἀνδρα
294 2922 354 2980 τοῦ
368 2916 552 3002 Κομβάβου
573 2917 786 3000 κατηγορέειν
802 2921 922 2999 πείρην
938 2917 973 2980 οί
988 2915 1101 2980 ἐπικα-

96 3016 258 3097 λέουσαν,
281 3016 334 3080 καὶ
356 3011 391 3080 τό
408 3013 563 3099 Ἕλληνες
578 3019 785 3099 Σθενεβοίης
806 3014 881 3095 πέρι
895 3015 1028 3097 λέγουσι
1047 3014 1100 3079 καὶ

98 3116 246 3196 Φαίδρης
261 3120 317 3196 τῆς
334 3120 524 3198 Κνωσσίης,
546 3113 640 3179 ταυτὶ
655 3112 710 3179 καὶ
721 3106 888 3193 Ἀσσόριοι
906 3114 938 3188 ἐς
952 3118 1101 3191 Στρατο-

14 3281 17 3294 ,
99 3218 197 3297 νίκην
220 3214 497 3296 μυθολογέουσιν.
531 3209 594 3297 έγοδ
619 3213 680 3296 μέν
708 3236 773 3277 νυν
796 3208 873 3276 οὔτε
894 3215 1102 3296 Σθενεβοίην

98 3320 259 3397 πείθομαι
273 3310 350 3379 οὔτε
365 3317 517 3398 Φαίδρην
530 3312 641 3379 τοιοίδε
656 3311 855 3392 ἐπιτελέσαι,
878 3314 908 3375 εί
921 3304 1100 3375 τδνἹππό-

15 3410 16 3413 “
97 3422 202 3481 λυτον
216 3408 378 3493 ἀτρεκέως
392 3410 513 3477 ἐπόθεε
525 3412 663 3493 Φαίδρη.
688 3403 772 3475 ἀλλά
783 3406 823 3473 τὰ
834 3407 896 3493 μέν
911 3408 1006 3493 ἐχέτω
1019 3403 1104 3482 ὅκως

14 3575 17 3592 ,
98 3513 154 3578 καὶ
169 3513 308 3596 ἐγένετο.
333 3514 381 3577 24.
401 3506 444 3586 ὡς
460 3504 528 3595 δέἡ
544 3505 679 3592 ἀγγελίη
694 3509 726 3583 ἐς
745 3503 806 3592 τὴν
821 3504 898 3590 ίρὴν
912 3506 1010 3572 πόλιν
1027 3508 1102 3570 ἀντί’
