2625 4092
222 333 285 396 442
576 330 885 395 AOYKIANOY

224 496 302 582 τήν,
329 491 373 572 ὡς
391 494 520 579 Ἰσθμοῑ
533 488 720 559 ἀπέθανεν·
754 492 815 558 εἰσὶ
830 489 894 576 γὰρ
915 492 1067 556 κίνδυνοι
1085 488 1142 556 καὶ
1165 488 1234 570 περὶ

224 595 284 672 τὰς
295 595 426 678 τέχνας,
441 587 485 677 ἢν
501 593 707 657 ἐπιτείνωσιν
724 593 758 656 οί
769 589 986 674 τεχνώζοντες.

310 697 422 760 ΜΕΝ.
445 692 512 758 Καὶ
526 697 560 757 τί
570 695 685 774 τοῦτο,
703 689 903 768 Μονοώνιε;
925 687 1055 773 σφόδρα
1071 683 1141 772 γάρ
1156 680 1237 770 ἀνή-

226 817 306 870 κοος
319 796 381 858 τοῦ
394 788 508 876 λόγον.
607 834 610 838 -

313 895 453 957 ΜΟΤΣ.
468 886 590 954 Ἄκουε
601 882 641 971 δη
654 888 759 971 λόγου
770 883 898 953 ἀτόπου
909 890 986 971 μέν,
998 887 1035 952 έν
1045 883 1238 971 ὀφθαλμοῖς

226 989 263 1056 δὲ
275 985 443 1073 Ἑλλήνων
457 989 704 1070 πεπραγμένου.
734 991 763 1052 9.
777 983 906 1070 Ἰσθμοῑ
918 981 982 1070 γὰρ
997 983 1109 1068 νόμον
1128 986 1239 1068 κειμέ·

227 1114 290 1154 νον
300 1086 382 1172 μήτε
393 1089 571 1175 κωμῳδίαν
586 1081 807 1171 ἀγωνίζεσθαι
818 1084 899 1170 μήτε
910 1087 1115 1170 τραγῳδίαν,
1131 1081 1239 1149 ἐδόκει

227 1187 364 1268 Νέρωνι
385 1178 579 1271 τραγῳδοδς
600 1188 708 1248 νικᾶν.
743 1182 798 1247 καὶ
815 1187 993 1266 παρῆλθον
1008 1185 1054 1258 είς
1069 1175 1134 1266 τὴν
1152 1175 1240 1264 ἀγω-

227 1289 306 1349 νίαν
320 1281 446 1366 ταύτην
457 1286 592 1358 πλείους
606 1282 684 1366 μέν,
702 1276 719 1346 ὁ
735 1276 766 1346 δ’
781 1275 982 1364 Ἠπειρώτης
993 1276 1113 1361 ὀίριστα
1125 1283 1239 1362 φωνῆς

227 1388 327 1468 έχων,
346 1377 534 1464 εὐδοκιμῶν
549 1377 582 1446 δ’
593 1377 646 1446 ἐπ’
662 1377 745 1468 αὐτῇ
755 1380 810 1446 καὶ
820 1379 1076 1465 θαυμαζόμενος
1088 1387 1239 1465 λαμπρο-

226 1485 305 1567 τέρα
320 1487 381 1547 τοῦ
396 1479 554 1557 εἰωθότος
570 1479 744 1546 ἐπλάττετο
761 1480 815 1546 καὶ
826 1484 887 1545 τοῦ
902 1478 1075 1562 στεφάνου
1089 1480 1176 1559 ἐρᾶν
1190 1503 1238 1542 και

227 1578 306 1668 μηδ’
326 1577 466 1666 ἀνήσειν
488 1578 653 1664 πρότερον
675 1575 696 1665 ἢ
718 1583 796 1646 δέκα
818 1579 964 1645 τάλαντα
985 1581 1110 1643 δοῦναί
1125 1579 1164 1644 os
1176 1577 1239 1642 Νέ-

157 1693 210 1748 642
230 1706 322 1763 ρωνα
337 1675 422 1761 ὑπὲρ
438 1685 495 1762 της
513 1684 616 1763 νίκης.
639 1675 657 1746 ὁ
674 1675 707 1745 δ’
721 1676 875 1765 ήγρίαινέ
882 1703 916 1743 τε
932 1677 987 1743 καὶ
1000 1681 1156 1761 μανικῶς
1169 1672 1239 1758 εἶχε·

229 1779 284 1846 καὶ
296 1773 361 1862 γὰρ
371 1774 411 1861 δὴ
423 1778 478 1845 καί
488 1773 632 1861 ἠκροᾶτο
643 1772 710 1842 ὑπό
723 1783 762 1864 τη
773 1783 880 1863 σκηνῇ
890 1769 942 1841 ἐπ’
954 1771 1045 1863 αὐτῷ
1055 1770 1097 1857 δὴ
1107 1771 1240 1859 τάγώνι.

229 1876 389 1964 βοώντων
401 1872 437 1941 δὲ
448 1871 694 1960 τῶνἙλλήνων
709 1875 761 1942 ἐπὶ
774 1879 820 1964 τῷ
834 1871 1033 1962 Ἠπειρώτῃ,
1050 1875 1178 1960 πέμπει
1188 1868 1241 1940 τόν

229 1974 421 2061 γραμματέα
443 1974 593 2040 κελεύων
619 1969 756 2058 ὑφεῖναι
783 1972 873 2064 αὐτῷ
901 1979 1033 2041 τοῦτον.
1074 1970 1186 2041 αὐτοῦ
1212 1973 1241 2040 δὲ

230 2069 470 2154 ὑπεραίροντος
489 2067 527 2136 τδ
550 2073 686 2157 φθέγμα
706 2072 762 2139 καὶ
783 2075 966 2157 δημοτικῶς
992 2073 1162 2152 ἐρίζοντος
1184 2077 1242 2148 είς-

230 2171 350 2253 πέμπει
370 2173 493 2252 Νέρων
515 2166 568 2234 ἐπ’
586 2165 798 2256 όκριβάντων
820 2165 900 2247 τούς
921 2171 1043 2237 ἑαυτοῦ
1058 2164 1243 2252 ὑποκριτὰς

231 2261 304 2334 οἷον
318 2267 549 2351 προσήκοντός
564 2295 594 2334 τι
609 2273 654 2356 τῷ
670 2267 855 2352 πράγματι·
883 2264 1016 2353 καὶγὰρ
1038 2262 1080 2352 δὴ
1096 2269 1157 2334 καὶ
1172 2269 1242 2334 δέλ-

231 2391 309 2442 τους
331 2368 568 2450 ἐλεφαντίνους
588 2369 643 2434 καὶ
664 2366 830 2450 διθόρους
848 2367 1114 2453 προβεβλημένοι
1143 2360 1241 2442 αότδς

232 2463 343 2548 ώσπερ
359 2467 535 2551 ἐγχειρίδια
547 2468 601 2534 καὶ
612 2463 673 2532 τόν
684 2463 891 2551 Ἠπειρώτην
902 2462 1154 2549 ἀναστήσαντες
1164 2462 1241 2548 πρὸς

231 2563 292 2632 τόν
306 2559 412 2650 ἀγχοῦ
424 2574 521 2631 κίονα
535 2567 698 2643 κατέαξαν
715 2561 822 2630 αὐτοῦ
838 2561 901 2650 την
915 2563 1073 2648 φάρυγγα
1088 2570 1242 2640 παίοντες

231 2661 351 2750 ὀρθαῖς
365 2677 436 2741 ταῖς
452 2666 586 2742 δέλτοις.

319 2766 368 2828 10.
385 2767 499 2829 ΜΕΝ.
523 2767 719 2852 Τραγωδίαν
731 2762 766 2828 δὲ
779 2764 889 2845 ἐνίκα,
907 2758 1108 2876 Μουσώνιε,
1122 2756 1243 2844 μιαρότ
1294 2757 1295 2784 ¹

233 2859 323 2929 οὕτω
337 2859 482 2937 πόθος’
465 2886 501 2926 εν
515 2858 705 2946 ὀφθαλμοῖς
719 2868 788 2928 τῶν
796 2858 995 2946 Ελλήνων’
979 2858 1227 2944 εργασώμενος·

317 2965 459 3026 Mon.
480 2956 605 3026 Παιδιά
620 2966 724 3026 ταῦτα
740 2964 856 3046 νεανίᾳ
868 2965 915 3024 τώ
925 2955 1242 3044 μητροκτονήσαντι

234 3085 262 3126 ει
256 3057 317 3125 ’δὲ
337 3056 561 3146 τραγωδίας
543 3055 730 3142 νποκριτὴν
752 3053 946 3124 ἀπέκτεινεν
970 3051 1119 3180 ε’κτεμώη
1142 3053 1245 3122 αυτοῦ

233 3155 270 3224 τό
289 3160 442 3276 φθέγμα,
459 3164 493 3225 τί
500 3183 562 3243 χρη
550 3153 781 3243 θαυμάζεινς
804 3156 859 3222 καὶ
873 3151 937 3240 γάρ
953 3150 993 3239 δη
1008 3154 1063 3220 καὶ
1077 3179 1115 3218 το
1104 3151 1245 3222 Πυθι-
1294 3195 1295 3260 η

234 3253 296 3323 κδν
313 3255 468 3341 στόμιον,
491 3253 572 3337 παρ’
585 3281 627 3322 ον
612 3246 710 3322 αί’
693 3256 796 3340 ομφαὶ
813 3251 993 3338 ἀνέπνεον,
1015 3247 1245 3338 ἀποφράττειν

235 3352 406 3438 ώρμησεν,
428 3349 474 3431 ώς
488 3354 571 3438 μηδὲ
590 3366 637 3443 τιβ
650 3351 834 3422 Ἀπόλλωνι
849 3377 946 3437 φωνη
970 3357 1036 3436 είη,
1058 3356 1246 3420 καίτοιτοῦ

233 3459 371 3518 Πυθίου
395 3453 634 3530 καταλέξαντος
660 3449 764 3519 αὐτὸν
789 3457 834 3530 εἰς
856 3447 935 3526 τούς
960 3447 1112 3532 Ὀρέστας
1132 3474 1173 3517 τε
1198 3450 1246 3517 κώ

164 3562 217 3616 643
232 3546 474 3633 Ἀλκμαίωνας,
495 3543 543 3626 οἷς
564 3546 601 3616 τό
623 3559 888 3636 μητροκτονησαι
902 3551 956 3616 καὶ
976 3547 1078 3632 λόγον
1094 3544 1178 3618 τινὰ
1195 3545 1248 3616 εὖ·
