2625 4092
378 301 498 359 ΠΕΡΙ
516 299 818 359 ΠΛΡΛΣΙΤΟΤ.
1060 297 1101 359 46

92 462 132 530 έυ
146 471 279 554 πολεμςο
290 470 380 547 λέγε,
396 463 450 528 καὶ
464 466 495 528 εί
504 458 590 537 ὅλως
601 462 730 545 λέγεται
745 462 928 546 παράσιτός
941 488 990 540 τις
1007 463 1103 545 γενέ-

93 570 177 628 σθαι
193 567 443 642 τωνπαλαιῶυς

178 665 278 728 ΠΛΡ.
305 661 366 726 Καὶ
386 659 471 744 μηύ,
493 649 692 743 αἷφιλότης,
713 654 824 736 οὐδεὶς
838 656 944 736 οὕτως
959 655 1104 744 ἀνήκοος

94 755 253 842 Ὀμήρου,
270 752 384 824 οὐδ’
363 783 407 824 αν
421 757 561 841 πάμπαν
575 755 709 841 ἰδιώτης
722 755 821 870 τέγη,
837 753 875 834 ὃς
889 755 953 825 οὐκ
969 759 1104 826 έπίστα-

93 880 150 922 ται
162 851 243 936 παρ’
256 852 345 944 αὐτῷ
357 852 437 932 τοὺς
448 851 605 936 ἀρίστους
617 861 686 920 τῶν
695 849 818 936 ἡρωων
828 851 1063 937 παρασέτους”
1042 879 1104 920 ον-
1122 861 1174 918 869

95 976 171 1027 τας·
195 949 214 1016 6
232 977 266 1017 τε
283 949 348 1036 γὰρ
359 954 498 1034 Νέστωρ
513 941 715 1035 έκεῖυος,
672 975 715 1016 ου
728 947 794 1016 ἀπὸ
807 958 864 1036 τῆς
876 950 1023 1036 γλώττης
1035 947 1105 1017 66-

95 1074 159 1133 περ
174 1052 247 1135 μέλι
265 1047 282 1118 6
302 1052 400 1168 λόγος
417 1047 569 1168 62:66666,
588 1047 694 1116 αὐτοῦ
707 1075 768 1116 του
755 1053 946 1136 βασιλέως
959 1047 1105 1130 παράσι-

94 1174 151 1226 τος
166 1139 225 1235 ἦν,
242 1146 346 1216 καῖ’
311 1147 389 1215 ου’τε
401 1144 463 1214 τδυ
477 1145 675 1233 Ἀχιλλέα,”
654 1169 758 1230 οσπερ
774 1148 882 1214 έδόκει
892 1173 928 1214 τε
941 1137 1029 1214 καλ
1006 1171 1051 1231 ηυ
1065 1141 1103 1212 τδ

94 1251 192 1331 σῶμα
205 1245 438 1331 γενναιότατος
451 1246 506 1312 καὶ
522 1245 746 1330 δικαιότατος,
765 1244 842 1312 οὔτε
855 1243 916 1311 τὸν
927 1243 1105 1329 Διομήδην

93 1339 173 1409 οὔτε
183 1343 244 1412 τὸν
252 1352 381 1412 Λῖαντα
391 1340 409 1410 6
422 1340 637 1429 Ἀγαμέμνων
646 1340 754 1422 οὕτως
766 1345 938 1410 ἐπαινεῖτε
949 1343 1003 1409 καὶ
1013 1350 1106 1408 θαυ-

93 1439 233 1526 μαζει”
205 1462 317 1526 ωσπερ
336 1440 397 1510 τὸν
411 1447 575 1526 Νέστορα.
604 1438 738 1509 0666
699 1468 764 1526 γαρ
785 1445 865 1510 δέκα
879 1446 1026 1519 Λῖαντας
1046 1439 1106 1508 εὕ-

92 1565 183 1624 χεται
201 1543 363 1626 γενέσθαι
383 1539 473 1630 αὑτῷ
492 1539 569 1608 οὔτε
585 1544 664 1608 δέκα
682 1538 860 1626 Ἀχιλλέας
889 1538 992 1607 παλαι
1008 1534 1104 1605 δαν

95 1638 277 1705 ἑαλωκέναι
296 1636 359 1725 τὴν
374 1610 514 1724 Τροέαυ,
536 1645 566 1707 εἰ
583 1640 758 1717 τοιούτους
780 1637 894 1716 ὁποῖος
908 1630 953 1724 ἦν
969 1662 1068 1714 ουτος
1082 1661 1101 1702 ο

93 1734 292 1821 παράσιτος,
307 1745 426 1822 καίπερ
436 1736 585 1823 γέρων”
558 1763 623 1823 ων,
641 1737 843 1822 στρατιώτας
855 1736 919 1822 εἶχε
935 1739 1023 1804 δέκα.
1047 1736 1104 1802 καὶ

93 1831 156 1901 τδυ
168 1831 379 1920 Ἰδομενέα
346 1862 405 1903 του
419 1861 480 1903 του
465 1834 608 1914 Διός”
590 1861 732 1922 εγγουου
746 1837 932 1958 παράσιτον
941 1832 1104 1921 ’Λγαμέμ-

94 1957 196 2010 νουος
212 1930 334 2018 ὁμοίως
348 1935 445 2019 λέγει

179 2038 230 2102 45.
252 2041 347 2102 ΤΡΧ.
367 2034 550 2121 Ταυταμέν
563 2033 675 2103 καῖ’
633 2033 935 2120 αυτόςέπίσταμαι·
957 2059 1052 2101 ουτω
1063 2059 1102 2119 γε
1120 2045 1172 2100 870

96 2125 163 2215 μὴν
178 2135 267 2196 δοκῶ
288 2158 344 2216 μοι
363 2133 580 2218 γιγνώσκειν,
605 2140 676 2212 πῶς
698 2131 739 2220 66
757 2131 803 2200 τω
823 2131 926 2216 ἄνδρε
938 2131 988 2220 ’τῷ
1007 2128 1104 2216 ’Λγα-

94 2232 235 2316 μέμυονι
248 2232 425 2314 παράσιτοι
440 2225 537 2318 ἦσαν.

178 2335 278 2398 ΠΛΡ.
299 2329 559 2418 Ἀναμνησθητι.
578 2323 766 2416 οἶγευναῖε,
782 2337 851 2398 τῶν
862 2333 953 2396 έπων
966 2332 1103 2396 ἐκείνων

93 2421 208 2512 οδνπερ
225 2428 326 2510 αὐτὸς
341 2429 360 2499 6
376 2429 589 2518 Ἀγαμέμνων
606 2429 691 2513 πρδς
707 2428 768 2497 τδυ
781 2427 946 2515 Ἰδομενέα
961 2431 1058 2512 λέγει.

183 2535 278 2598 ποτε.
300 2536 432 2612 Ποιωι;

179 2633 279 2696 ΠΛΡ.
528 2628 590 2696 σὸν
603 2628 639 2696 δέ
656 2636 772 2695 πλεῖον
786 2629 888 2702 δέπας
900 2627 963 2693 atel

222 2723 331 2812 ἕστηχ’
345 2725 456 2810 ὥσπερ
468 2730 539 2813 ἐμοὶ
550 2731 658 2796 πιέειν
668 2725 724 2794 ὅτε
734 2723 846 2812 θυμός
860 2722 995 2810 ἀνώγοι.
1034 2765 1037 2773 ·

91 2831 244 2893 ἐνταῦθα
258 2823 324 2908 γὰρ
335 2823 372 2893 τδ
385 2829 449 2894 αέεὶ
459 2835 575 2894 πλεῖον
585 2829 688 2904 δέπας
702 2835 834 2911 εῐρηκεν
849 2821 910 2910 οὐχ
925 2822 976 2892 ὅτι
991 2820 1027 2891 τδ
1040 2848 1105 2891 πο-

91 2923 209 3009 τήριον
221 2920 276 2989 δι’δι
288 2922 412 3002 παντὸς
423 2931 546 3011 πλῆρες
556 2926 699 3012 είστήκει
709 2932 755 3014 τῷ
768 2921 927 3009 Ἰδομενεῖ
935 2926 989 2990 καὶ
999 2947 1105 3010 μαχο-

91 3026 184 3110 μένω
199 3023 255 3090 καὶ
272 3023 493 3107 καθεύδοντι,
512 3020 586 3092 ἀλλ’
605 3023 656 3091 ὅτι
679 3020 769 3113 αὐτῷ
786 3021 832 3091 δι’
849 3022 934 3092 ὅλου
947 3031 1009 3090 τοῦ
1026 3030 1105 3111 βίου

92 3121 188 3212 μόνῳ
210 3124 425 3188 συνδειπνεῖν
446 3120 572 3208 ὑπῆρχε
595 3130 641 3212 τῷ
661 3129 793 3208 βασιλεῖ
810 3119 872 3208 οὐχ
897 3120 1010 3205 ὥσπερ
1034 3135 1104 3200 τοῖς

92 3228 222 3297 λοιποῖς
232 3220 446 3303 στρατιώταις
456 3219 539 3302 πρὸς
552 3219 676 3308 ἡμέρας
686 3220 780 3300 τινές
791 3225 1019 3308 καλουμένοις.
1042 3219 1104 3289 τδυ

92 3319 155 3404 μέν
177 3315 243 3404 γὰρ
261 3327 408 3402 Αἴαντα,
431 3322 501 3388 ἐπεὶ
522 3328 631 3398 καλῶς
652 3319 879 3406 ἐμονομάχησε
900 3328 945 3411 τῷ
960 3319 1103 3406 Ἕκτορι,

93 3423 164 3503 ,,εές
182 3416 411 3504 Ἀγαμέμνονα
427 3423 501 3487 δῖου
517 3417 641 3506 ἅγον“,
660 3427 759 3505 φησί,
781 3418 864 3488 κατὰ
885 3422 984 3506 τιμὴν
1002 3417 1104 3499 ἀξιω-

92 3518 198 3586 θέντα
213 3515 274 3597 ὄυέ
284 3525 346 3585 τοῦ
359 3516 449 3602 παρὰ
460 3525 506 3608 τῷ
517 3526 648 3604 βασιλεῖ
662 3523 815 3587 δείπνου·
839 3516 856 3584 6
873 3520 909 3585 δέ
921 3513 1105 3601 Ἰδομευεδς
1130 3544 1135 3555 ’
