2625 4092
230 258 931 353 ’Λπποεεκνονευνιιοιυιοιι
1025 287 1087 352 373

84 457 185 541 φασὶν
202 458 385 540 ἐκδοθῆναι
408 452 533 539 γράψαι
557 454 661 519 ἵππον
681 449 941 539 ἀλινδούμενον·
970 448 1030 519 τδυ
1052 452 1093 521 δέ

83 580 121 641 γε
133 554 260 640 γράψαι
270 554 427 639 τρέχοντα
437 553 491 618 καὶ
503 548 613 617 πολύν
624 547 801 632 κονιορτὸν
811 551 887 633 περὶ
896 547 957 620 τὸυ
967 551 1088 618 ἵππον·

83 649 127 730 ὡς
142 650 173 719 δ’
190 658 237 719 ἐτι
252 650 442 736 γράφοντος
453 650 625 735 ἐπιστῆναι
639 646 700 716 τὸν
711 649 868 734 ἐκδύντα,
885 652 1088 734 μέμφεσθαι,

82 749 127 837 μῆ
142 747 206 835 γάρ
224 755 322 819 τοῦτο
336 748 525 833 προστάξαι.
549 744 609 813 τὸν
620 738 686 814 ούν
694 746 865 815 Παύσωνα
875 753 937 814 τοῦ
951 754 1090 821 πίνακος

84 847 123 915 τά
145 852 292 935 μετέωρα
314 846 403 914 κάτω
425 844 673 931 περιαγαγόντα
692 853 739 935 τῷ
757 845 850 913 παιδὶ
871 842 934 931 την
954 840 1090 929 γραφὴν

84 951 240 1026 ἐπιδείξαι
266 938 437 1029 κελεῦσαι,
470 947 523 1011 καὶ
550 942 611 1011 τὸν
638 948 744 1011 ἵππον
770 948 913 1029 ἔμπαλιν
935 948 1091 1029 κείμενον

83 1044 233 1131 ὀφθῆναι
245 1042 500 1128 ἀλινδούμενον.
520 1041 620 1121 Ἡδύς
635 1042 680 1127 εἷ,
695 1048 798 1129 έφην,
816 1041 1031 1128 Θερσαγόρα,
1048 1035 1091 1108 ἀν

83 1151 162 1231 μίαν
174 1152 228 1230 οἴη
237 1168 278 1228 με
291 1140 442 1228 στροφῆν
454 1150 708 1227 μεμηχανῆσθαι
722 1141 894 1230 τοσούτων
905 1143 999 1225 ἐτοῖν,
1013 1135 1088 1208 ἀλλ’

83 1238 156 1327 ούχλ
174 1241 281 1318 πάσας
300 1238 449 1324 στροφάς
469 1241 523 1307 καὶ
541 1238 753 1326 περιαγωγάς
772 1239 1013 1308 ἐναλλάττοντα
1036 1241 1091 1305 κοιλ

83 1342 300 1423 μετατιθέντα
321 1340 465 1405 δεδιέναι
488 1338 534 1424 μή
557 1366 588 1405 τι
616 1346 780 1407 τελευτῶν
805 1339 949 1423 πάθοιμι
969 1335 1006 1407 τὸ
1029 1344 1090 1403 τοῦ
1108 1354 1159 1409 509

82 1440 254 1521 Πρωτέως.
280 1444 400 1513 Ποῖον,
417 1442 498 1522 ἔφη,
514 1436 640 1516 πάθος;
672 1434 718 1503 Τὸ
734 1436 935 1523 γενόμενον,
951 1431 972 1505 ὅ
987 1456 1092 1519 φασιν

83 1532 188 1603 αύτόν
208 1536 368 1621 γενέσθαι
384 1532 537 1620 δρασμὸν
556 1536 786 1621 ἐξευρίσκοντα
801 1540 859 1618 τῆς
874 1530 1091 1618 ἀνθρωπίνης

83 1631 206 1715 ὅψεως,
225 1634 294 1699 ἐπεὶ
305 1633 531 1701 καταναλύκει
544 1630 651 1709 πάσας
662 1633 750 1709 ίδέας
761 1638 894 1717 θηρίων
907 1631 963 1699 καὶ
974 1637 1091 1714 φυτῶν

82 1733 136 1796 καὶ
151 1737 337 1815 στοιχείων,
354 1724 455 1809 αὖθις
467 1723 511 1797 αὖ
526 1736 624 1818 πενίᾳ
637 1736 769 1816 μορφῆς
783 1728 980 1796 ἐπεισάκτου
990 1736 1091 1812 Πρω-

81 1830 138 1894 τέα
152 1830 321 1913 γενέσθαι.
346 1834 397 1896 25.
413 1825 467 1897 Σύ
483 1831 560 1914 μέν,
578 1826 685 1904 εἶπεν,
700 1825 785 1911 ὑπὲρ
799 1824 860 1894 τάν
873 1828 1012 1910 Πρωτέα
1026 1852 1091 1911 μη-

81 1931 167 2014 χανᾷ
187 1923 250 2012 τὴν
266 1925 349 2013 ἐμὴν
367 1926 531 2011 ἀκρόασιν
552 1924 821 2008 ἀποδιδράσκειν.
858 1922 946 2010 Ούκ,
968 1916 1090 2008 ἀγαθέ,

82 2030 186 2109 έφην,
209 2031 323 2089 τοῦτο·
351 2029 482 2109 παρέξω
503 2030 588 2110 γοῦν
609 2022 755 2110 ἐμαυτὸν
771 2021 962 2106 ἀκροᾶσθαι
976 2023 1093 2106 παρεὶς

84 2119 143 2208 τῆν
153 2122 383 2209 ἐπηρτημένην
398 2127 570 2209 φροντίδα.
587 2120 659 2207 τάχ’
671 2121 715 2188 ἀν
729 2149 759 2189 τι
769 2123 846 2205 περὶ
856 2126 918 2188 τοῦ
932 2127 995 2188 σού
1007 2119 1092 2205 κυή-

82 2246 184 2305 ματος
195 2218 357 2304 ἄφροντις
367 2222 547 2305 γενόμενος
558 2222 613 2288 καλ
626 2227 684 2307 τῆς
695 2224 773 2307 ἐμῆς
785 2218 904 2298 άδίνος
914 2240 1092 2305 συμφρον-

83 2327 197 2397 τίσαις.

162 2414 221 2494 Ὡς
232 2408 298 2482 οὖν
309 2415 416 2483 ἐδόκει
428 2424 530 2483 ταῦτα
545 2415 647 2506 αὐτῷ,
664 2422 864 2497 καθίσαντες
878 2421 931 2486 ἐπὶ
941 2424 998 2504 τῆς
1008 2426 1094 2505 πλη-

81 2524 157 2585 σίον
176 2518 337 2601 κρηπῖδος
352 2513 415 2599 ἐγά
431 2514 493 2602 μὲν
506 2512 705 2600 ἠκροώμην,
731 2512 748 2581 ὁ
765 2515 796 2583 δ’
815 2514 988 2601 ἀνελέγετο
1006 2516 1093 2603 μάλα

21 2610 23 2695 J
82 2630 219 2704 γενναία
236 2615 411 2701 ποιήματα.
444 2612 565 2700 μεταξύ
592 2612 622 2679 δ’
642 2611 754 2695 ὥσπερ
773 2619 897 2693 ἔνθους
913 2616 1093 2700 γενόμενος

81 2714 263 2792 ἐπιπτύξας
271 2712 308 2782 τὸ
318 2726 554 2802 γραμματείου,
567 2717 713 2796 Κομίζου
722 2710 783 2782 τὸν
792 2710 1005 2798 ἀκροατικόυ,
1017 2720 1092 2800 ἐφη,

21 2894 22 2897 ρ
82 2811 210 2901 μισθὸν
232 2814 387 2896 καθάπερ
405 2812 589 2899 Ἀθήνησιν
605 2810 878 2898 ἐκκλησιαστικὸν
902 2810 924 2898 ἢ
947 2816 1094 2880 δικαστι-

21 2914 24 3005 J
82 2913 155 2981 κόν.
178 2910 250 2981 ἀλλ’
272 2910 360 2991 ὅπως
377 2922 448 3000 είση
465 2938 521 2997 μοι
535 2912 642 2997 χάριν.
665 2908 777 2992 Χάριν
791 2914 868 2994 μέν,
886 2917 988 2997 ἔφην,
1004 2921 1093 2981 είσο-

21 3006 23 3027 ²
81 3040 142 3097 μαι
156 3013 212 3080 καὶ
227 3013 307 3095 πρὶν
321 3010 341 3079 ὅ
357 3013 459 3078 τεκαὶ
476 3013 582 3095 λέγεις
598 3010 729 3076 εἰδέναι.
753 3014 804 3077 26.
823 3015 855 3077 τί
867 3013 906 3077 δέ
921 3013 1010 3078 ἐστιν
1026 3006 1046 3076 ὅ
1063 3037 1094 3077 τι

22 3194 23 3199 ¹
82 3114 138 3179 καὶ
154 3114 277 3195 λέγεις;
299 3113 555 3191 Μακεδονικοῖς,
574 3106 676 3185 εἶπεν,
694 3107 841 3193 ἐντυχών
851 3115 909 3194 τῆς
922 3114 1095 3193 βασιλικῆς

21 3206 23 3231 '
82 3215 189 3287 οἰκίας
209 3206 424 3295 ὑπομνήμασι
448 3210 502 3277 καὶ
524 3208 598 3277 τότε
620 3204 822 3293 ὑπερησθεὶς
840 3205 877 3275 τὸ
899 3212 1031 3294 βιβλίον
1050 3202 1092 3273 ού
1110 3222 1164 3275 51⁰

83 3305 167 3375 κατά
188 3309 358 3393 πάρεργον
374 3307 577 3393 ἐκτησάμην·
606 3309 661 3373 καὶ
681 3312 747 3372 νῦν
766 3302 990 3392 ὑπεμνήσθην
1010 3308 1094 3391 ἔχων

21 3396 26 3451 2‘
83 3410 208 3474 οἴκαδε.
230 3409 411 3493 γέγραπται
428 3406 463 3473 δὲ
479 3404 563 3473 ἀλλα
576 3432 612 3473 τε
626 3412 694 3473 τῶν
704 3402 907 3492 Ἀντιπάτρῳ
923 3406 1095 3489 πραχθέν·

22 3589 26 3599 A*
84 3530 153 3571 των
169 3508 219 3573 ἐπὶ
237 3511 295 3590 τῆς
310 3510 415 3583 οἰκίας
430 3508 484 3573 καὶ
500 3506 575 3589 περὶ
589 3507 853 3590 Δημοσθένους,
876 3501 899 3569 δι’
913 3528 969 3585 μοι
986 3507 1093 3581 δοκεῖς
