2625 4092
412 301 612 360 ΠΛΟΙΟΝ
629 305 658 356 Η
675 302 839 361 EYXAI.
1063 301 1126 362 219

115 468 215 548 μείζω
234 469 296 529 τοῦ
312 466 501 548 Αἰγυπτίου
519 467 639 527 πλοίου
662 458 725 545 ἤδη
747 465 814 545 ἔχε,
836 463 891 529 καὶ
913 460 948 528 τό
969 466 1126 547 μέγιστον

116 557 197 626 οὐδὲ
211 563 394 626 καταδῦναι
407 558 593 642 δυνάμενα,
615 558 671 623 καὶ
681 558 764 641 τάχα
778 578 831 624 σοι
846 560 1003 637 πεντάκις
1018 563 1051 638 ἐξ
1063 566 1127 627 Αἰ-

114 659 248 745 γύπτου
268 655 342 726 κατ’
359 664 431 735 ἔτος
451 659 592 722 ἕκαστον
606 663 892 741 σιταγωγείτωσαν
912 663 1125 743 σιταγωγίαν,

116 765 148 826 εί
159 762 226 843 καί,
245 749 485 840 ολναυκλήρων
495 753 618 839 ἀριστε,
636 758 734 840 δὴλος
745 754 776 824 ελ
784 753 953 842 ἀφόρητος
963 754 1043 843 ἡμῖν
1051 757 1125 824 τότε

114 855 357 940 γενησόμενος·
377 851 414 932 ὃς
430 851 495 937 γάρ
511 858 559 919 ἔτι
580 850 655 930 ἕνδς
676 859 796 920 πλοίου
811 855 947 922 τουτουὶ
964 854 1126 940 δεσπότης

117 950 166 1020 ἀν
187 954 376 1038 παρήκουες
391 954 569 1041 βοώντων,
593 958 624 1019 εἰ
643 955 739 1020 πέντε
760 953 897 1039 κτήσαιο
917 952 1001 1037 πρὸς
1017 955 1125 1042 τούτῳ

114 1052 299 1137 τριάρμενα
312 1051 421 1119 πάντα
437 1051 492 1118 καὶ
507 1048 703 1134 ἀνόλεθρα,
720 1048 798 1118 οὐδὲ
814 1051 888 1132 ὄφει
905 1049 1029 1137 δηλαδή
1046 1049 1125 1129 τούς

115 1158 244 1237 φίλους.
273 1149 316 1217 σύ
337 1149 399 1235 μὲν
419 1142 484 1216 ούν
502 1146 655 1228 εὐπλόει,
679 1142 706 1216 ιό
727 1154 890 1236 βέλτιστε,
917 1148 1011 1236 ἡμεῖς
1028 1151 1064 1216 δὲ
1087 1152 1124 1216 ἐν
1143 1159 1194 1214 258

115 1257 269 1332 Πειραιεῖ
275 1248 515 1333 καθεδούμεθα
526 1244 606 1326 τούς
616 1250 648 1326 ἐξ
659 1245 864 1334 Αίγύπτουή
878 1246 1013 1327 Ἰταλίας
1023 1274 1125 1315 κατα-

113 1350 276 1425 πλέοντας
296 1345 549 1429 ἀνακρίνοντες,
581 1354 616 1413 εί
640 1371 708 1413 που
738 1345 775 1415 τὸ
802 1352 885 1434 μέγα
908 1346 1125 1432 Ἀδειμάντου

113 1455 234 1514 πλοῖον
245 1444 307 1532 τήν
317 1439 397 1512 Ἶσίν
411 1471 460 1522 τις
475 1443 571 1512 εἶδεν.

200 1549 251 1613 15.
267 1551 428 1612 ΑΔΕΙΜ.
444 1540 556 1632 Ὁρᾷςς
578 1541 633 1611 διά
645 1553 745 1612 τοῦτο
757 1545 891 1614 όόκνονν
902 1553 1008 1616 εἰπεῖν
1018 1545 1041 1615 δι’
1051 1549 1125 1615 ἐνε-

114 1643 238 1726 νόουν,
255 1638 350 1719 εἰδώς
360 1639 411 1708 ότι
426 1642 464 1707 ἐν
474 1644 594 1726 γε’λωτι
607 1644 663 1710 καὶ
678 1642 848 1728 σκώμματι
862 1645 1046 1731 ποιήσεσθέ
1058 1669 1125 1729 μου

113 1739 177 1827 τήν
192 1737 303 1826 εὐχήν.
328 1738 412 1806 ὥστε
427 1737 561 1818 ἐπιστάς
576 1741 714 1827 μικρόν,
737 1737 804 1808 ἔστ’
821 1737 865 1808 ἀν
881 1739 976 1828 ὑμεῖς
992 1767 1125 1828 προχω-

115 1841 254 1924 ρήσητε,
275 1835 551 1924 ἀποπλευσοῦμαι
566 1838 669 1906 πάλιν
685 1841 738 1908 ἐπὶ
757 1847 815 1925 τῆς
829 1842 928 1920 νεώς·
956 1840 1044 1909 πολύ
1058 1839 1123 1926 γάρ

115 1937 256 2023 ἄμεινον
276 1950 343 2014 τοῖς
360 1937 498 2016 ναύταις
519 1945 721 2020 προσλαλεῖν
740 1934 761 2024 ἡ
782 1936 844 2024 ὑφ’
868 1937 964 2024 ὑμῶν
984 1966 1125 2026 καταγε·

114 2048 250 2108 λᾶσθαι.

199 2144 299 2205 ΛΤΚ.
322 2141 506 2225 Μηδαμῶς,
521 2139 590 2206 ἐπεὶ
604 2137 886 2226 συνεμβησόμεθά
898 2158 951 2204 σοι
963 2139 1017 2204 καὶ
1030 2134 1124 2204 αὐτοὶ

113 2234 329 2312 ὑποστάντες.

205 2339 366 2401 ΑΔΕΙΜ.
397 2329 494 2403 Ἀλλά
524 2333 702 2421 ὑφαιρήσω
731 2333 792 2421 τὴν
813 2333 1015 2420 ἀποβάθραν
1040 2357 1125 2416 προ·

114 2430 286 2500 εισελθύν.

201 2537 301 2598 ΛΤΚ.
332 2528 470 2597 Οὐκοῦν
489 2528 582 2617 ἡμεῖς
607 2556 645 2617 γε
669 2530 926 2614 προσνηξόμεθα
946 2525 1043 2613 ύμῖν·
1078 2525 1122 2612 μὴ

114 2627 180 2716 γάρ
196 2639 271 2696 ολου
286 2630 339 2696 σοὶ
355 2627 417 2712 μὲν
432 2626 517 2696 εἶναι
532 2630 651 2717 ῥᾴδιον
668 2634 849 2714 τηλικαῦτα
863 2635 961 2693 πλοῖα
979 2633 1123 2692 κτᾶσθαι

115 2732 197 2819 μήτε
210 2733 381 2820 πριαμένφ
391 2729 471 2815 μήτε
482 2731 786 2818 ναυπηγησαμένῳ,
802 2723 895 2812 ἡμεῖς
909 2726 945 2792 δὲ
957 2724 1018 2792 οὐκ
1030 2724 1124 2810 αλτή-

115 2851 219 2913 σομεν
229 2825 319 2910 παρά
331 2834 399 2894 τῶν
410 2834 504 2894 θεῶν
515 2830 568 2894 ἐπὶ
581 2824 725 2904 πολλούς
740 2821 894 2901 σταδίους
905 2821 1046 2910 ἀκμῆτες
1061 2823 1124 2889 δύ-

117 2937 241 2994 νασθαι
261 2941 350 3006 νεῖν;
372 2930 479 2992 καίτοι
495 2927 613 3015 πρςόην
633 2928 688 2993 καὶ
704 2928 736 3003 ἐς
751 2933 895 3009 Αίγιναν
915 2923 967 2990 ἐπὶ
983 2919 1045 3008 τήν
1066 2930 1124 3008 τῆς

111 3025 259 3102 Ἐνοδίας
279 3021 415 3110 τελετήν
430 3022 530 3091 ολσθα
550 3026 587 3090 ἐν
607 3021 711 3110 ἡλίκφ
733 3025 897 3112 σκαφιδίῳ
918 3020 1039 3099 πάντες
1054 3019 1123 3107 ἅμα

115 3127 150 3191 οί
159 3128 251 3207 φίλοι
263 3120 430 3204 τεττάρων
442 3124 578 3200 ἕκαστος
587 3120 718 3208 ὀβολῶν
729 3120 980 3205 διεπλεύσαμεν,
995 3123 1051 3187 καὶ
1063 3117 1124 3187 ού-

116 3220 174 3287 δὲν
188 3220 418 3304 ἐδυσχέραινες
432 3217 517 3305 ἡμᾶς
532 3222 776 3304 συμπλέοντας,
792 3225 856 3284 νῦν
869 3221 904 3285 δὲ
916 3216 1122 3305 ἀγανακτεῖς,

115 3321 146 3383 εί
159 3315 443 3402 συνεμβησόμεθά
454 3336 518 3401 σοι,
534 3318 589 3382 καὶ
600 3314 662 3400 τήν
673 3314 876 3401 ἀποβάθραν
890 3313 1123 3398 προεισελθών

115 3411 284 3499 ἀφαιρεῖς;
307 3411 495 3503 ὑπερμαζᾷς
506 3416 587 3500 γάρ,
603 3408 845 3499 ύἈδείμαντε,
861 3417 914 3482 καὶ
927 3418 959 3494 ἐς
969 3413 1029 3482 τόν
1043 3414 1121 3481 κόλ-
1139 3431 1191 3486 259

115 3534 182 3578 πον
196 3508 238 3580 ού
255 3512 385 3598 πτύεις,
401 3510 480 3582 οὐδὲ
494 3511 594 3580 οἶσθα
609 3511 700 3589 ὅστις
716 3506 764 3578 ἀν
781 3520 989 3598 ναυκληρεῖς.
1018 3511 1123 3590 οὕτως
