2625 4092
216 299 280 364 294
572 301 878 362 AOYKIANOY

217 463 369 549 νήκασιυ.
393 465 443 531 17.
459 458 536 542 ὅψει
547 467 665 528 τοίνυν
680 458 762 546 μετά
779 460 901 546 μικρὸν
918 457 971 529 οἷα
986 468 1094 530 ἔσται·
1119 466 1154 528 οί
1165 462 1226 548 γὰρ

217 564 330 628 ἐκτῶν
339 564 565 646 ἐργαστηρίων
577 557 722 636 ἅπαντες
732 556 1007 645 ἀναπηδήσαντες
1016 559 1165 646 ἐρήμους
1173 559 1228 636 τάς

217 666 331 748 τέχνας
352 658 511 730 ἐάσουσιν
549 658 632 726 ὅταν
653 656 759 740 ὁρῶσι
780 666 868 745 σφᾶς
889 662 952 745 μὲν
969 667 1161 737 πονοῦντας
1177 663 1229 726 καλ

217 761 407 845 κάμνοντας
423 763 531 826 ἕωθεν
551 763 583 836 ἐς
604 759 748 839 ἑσπέραν
772 758 1016 842 ἐπικεκυφότας
1033 773 1106 835 τοῖς
1123 764 1230 843 ἔργοις

217 861 313 946 μόγις
327 857 516 938 ἀποζῶντας
528 859 564 923 ἐκ
576 862 634 942 τῆς
648 855 803 942 τοιαύτης
816 863 1034 940 μισθαρνίας,
1050 853 1182 942 ἀργούς
1196 859 1230 925 δὲ

218 959 273 1026 καὶ
295 957 418 1044 γόητας
438 953 645 1040 ἀνθρώπους
668 952 849 1022 ἀνάτασιν
868 952 1036 1041 ἀφθόνοις
1059 961 1229 1040 βιοῦντας,

219 1061 393 1134 αἰτοῦντας
407 1055 469 1140 μὲν
483 1062 707 1138 τυραννικοῖς,
732 1053 965 1140 λαμβάνοντας
981 1053 1017 1121 δὲ
1034 1059 1230 1136 προχείρως,

154 1177 157 1224 ἐ
219 1153 490 1240 ἀγανακτοῦντας
505 1154 556 1237 δέ,
580 1159 610 1220 εί
622 1149 666 1238 μὴ
685 1152 837 1239 λάβοιεν,
864 1151 927 1219 οῦκ
943 1155 1168 1228 ἐπαινοῦντας
1185 1152 1230 1233 δέ,

219 1249 292 1320 οὐδ’
310 1259 340 1321 εί
358 1253 504 1334 λάβοιεν.
538 1257 641 1318 ταῦτα
660 1249 678 1316 ὅ
695 1251 747 1317 ἐπὶ
762 1248 902 1334 Κρόνου
922 1256 995 1337 βίος
1009 1254 1106 1316 δοκεῖ
1117 1249 1231 1324 αύτοῑς

218 1352 273 1418 καλ
288 1347 431 1438 ἀτεχνῶς
452 1346 488 1416 τό
509 1352 583 1434 με’λι
599 1345 681 1416 αάτό
703 1351 736 1427 ἐς
753 1346 794 1415 τά
816 1347 963 1433 στόματα
983 1351 1096 1431 ἐσρεῖν
1111 1350 1150 1414 ἐκ
1171 1353 1231 1413 τοῦ

219 1445 377 1530 ούρανοῦ.
395 1453 444 1516 18.
457 1450 509 1514 καλ
522 1439 623 1533 ἦττον
634 1443 679 1514 ἀν
690 1444 805 1515 δεινὸν
815 1445 852 1514 τὸ
865 1454 1001 1533 πρᾶγμα
1011 1439 1066 1532 ἦν,
1077 1451 1109 1514 εί
1118 1452 1231 1514 τοιοῦ-

217 1573 269 1613 τοι
294 1544 387 1624 ὄντες
408 1545 515 1632 μηδὲν
535 1547 568 1624 ἐς
594 1542 682 1631 ἡμᾶς
702 1543 783 1612 ἀλλο
806 1545 993 1631 ἐξύβριζον·
1027 1549 1061 1612 οί
1084 1543 1122 1610 δὲ
1143 1543 1233 1628 μάλα

219 1645 334 1730 σεμνοὶ
355 1645 411 1711 καλ
428 1645 627 1727 σκυθρωποὶ
644 1640 685 1710 τά
706 1647 768 1723 ἔξω
782 1645 837 1710 καλ
852 1641 893 1710 τά
911 1645 1052 1729 δημόσια
1066 1642 1234 1727 φαινόμε-

219 1768 273 1810 νοι
289 1737 333 1828 ἢν
346 1740 465 1820 παιδὸς
482 1739 608 1828 ὡραίου
622 1737 644 1828 ἦ
660 1740 822 1827 γυναικὸς
837 1742 1006 1828 λάβωνται
1023 1747 1126 1824 καλῆς
1141 1734 1164 1824 ἢ
1180 1741 1234 1805 ἐλ-

219 1848 357 1924 πίσωσι,
380 1848 511 1907 σιωπᾶν
532 1839 626 1922 ἀξιον
644 1836 698 1910 οἷοι
713 1848 879 1908 ποιοῦσιν.
902 1846 987 1908 ἔνιοι
1003 1839 1040 1906 δὲ
1054 1842 1111 1906 καὶ
1127 1843 1232 1920 ξένων

219 1947 288 2006 τῶν
298 1942 470 2024 σφετέρων
480 1953 643 2025 γυναῖκας
654 1937 824 2026 ἀπάγουσι
834 1939 1066 2026 μοιχεύσοντες
1076 1935 1164 2005 κατὰ
1174 1936 1235 2005 τόν

216 2035 310 2106 Ἰλιέα
326 2041 456 2105 ἐκείνου
471 2045 668 2123 νεανίσκου,
691 2037 736 2117 ὡς
751 2047 972 2125 φιλοσοφοῖεν
986 2035 1026 2122 δὴ
1049 2038 1106 2103 καὶ
1121 2032 1234 2101 αῦταί·

220 2135 288 2204 είτα
307 2135 423 2214 κοινάς
439 2134 542 2214 αὐτάς
555 2135 661 2204 ἀπασι
677 2151 747 2214 τοῖς
767 2140 907 2216 ξυνοῦσι
922 2137 1128 2220 προθέμενοι
1137 2134 1236 2200 11λά-

219 2236 326 2314 τωνός
345 2262 377 2302 τι
396 2234 503 2321 δόγμα
520 2245 647 2304 οίονται
663 2250 772 2302 ποιεῖν
786 2234 849 2304 οῦκ
867 2236 988 2314 εἰδότες
1003 2228 1127 2310 ὅπωςὸ
1146 2228 1236 2314 ἱερὸς

220 2341 344 2415 ἐκεῖνος
358 2333 453 2422 ἠξίου
475 2333 590 2413 κοινάς
610 2331 767 2421 ἡγεῖσθαι
787 2333 846 2414 τὰς
860 2348 1031 2422 γυναῖκας.
1064 2336 1116 2399 19.
1134 2327 1159 2397 δι’
1174 2333 1236 2416 μὲν

219 2435 285 2523 γάρ
306 2439 343 2504 ἐν
358 2449 426 2513 τοῖς
445 2440 642 2519 συμποσίοις
658 2436 763 2514 δρῶσι
779 2436 833 2501 καὶ
850 2432 873 2500 ἀ
895 2433 1144 2519 μεθύσκονται,
1171 2458 1236 2516 μα-

220 2534 304 2620 κρόν
321 2531 364 2602 ἀν
380 2544 431 2621 εἴη
444 2536 562 2619 λέγειν.
586 2532 641 2599 καὶ
658 2539 762 2600 ταῦτα
779 2540 930 2617 ποιοῦσι,
945 2539 1016 2610 πῶς
1030 2540 1111 2612 οίεις
1130 2557 1236 2613 κατη-

150 2651 202 2708 375
221 2643 402 2724 γοροῦντες
426 2631 521 2702 αὐτοὶ
542 2634 649 2718 με’θης
675 2633 730 2699 καὶ
753 2639 899 2719 μοιχείας
920 2634 975 2699 καὶ
999 2637 1158 2718 λαγνείας
1182 2632 1236 2697 καλ

222 2743 461 2823 φιλαργυρίας·
492 2731 593 2802 οῦδὲν
612 2739 699 2818 γοῦν
719 2731 826 2810 οὕτως
847 2730 960 2819 εὕροις
980 2729 1025 2798 ἀν
1040 2733 1123 2800 ἀλλο
1144 2730 1237 2820 ἀλλφ

221 2840 374 2903 ἐναντίον
386 2831 429 2912 ὡς
441 2831 520 2912 τοῦς
534 2832 656 2916 λόγους
671 2830 784 2899 αὐτῶν
800 2834 854 2900 καὶ
869 2830 910 2900 τά
925 2837 1022 2917 ἔργα·
1043 2826 1119 2898 οἷον
1132 2838 1238 2897 κολα-

221 2942 315 3003 κείαν
334 2948 444 3020 μισεῖν
464 2954 547 3020 φασι
568 2938 744 3010 κολακείας
765 2933 863 3000 ἕνεκα
886 2928 946 2998 τόν
965 2935 1196 3016 Γναθωνίδην
1217 2925 1237 3014 ἢ

221 3032 282 3101 τὸν
290 3040 488 3115 Στρουθίαν
498 3031 750 3124 ὑπερβαλέσθαι
760 3031 952 3117 δυνάμενοι,
964 3030 1151 3118 ἀληθεύειν
1158 3027 1240 3108 τοῦς

222 3133 344 3211 ἀλλους
366 3136 607 3217 προτρέποντες
621 3129 685 3198 οῦκ
700 3126 744 3197 ἀν
759 3129 837 3198 οῦδὲ
853 3140 987 3217 κινῆσαι
1009 3131 1070 3216 την
1084 3137 1240 3216 γλοῖτταν

222 3231 266 3320 μὴ
275 3231 355 3320 μετά
365 3241 426 3300 τοῦ
434 3236 489 3300 καλ
498 3234 691 3313 ψεύσασθαι
701 3233 871 3299 δύναιντο.
881 3227 986 3316 ἡδονὴ
996 3237 1101 3296 πᾶσιν
1109 3226 1240 3315 ἐχθρόν

222 3339 267 3421 τῷ
279 3333 369 3420 λόγφ
381 3334 435 3399 καὶ
453 3331 471 3399 ὁ
485 3331 678 3414 Ἐπίκουρος
694 3335 867 3417 πολέμιος,
883 3334 969 3418 ἔργῳ
988 3329 1023 3396 δὲ
1040 3325 1240 3413 διὰταύτην

223 3429 353 3498 ἅπαντα
376 3430 565 3511 πράττουσι.
598 3430 635 3500 τὸ
652 3429 684 3500 δ’
711 3428 872 3516 ὀξύχολον
892 3431 948 3497 καὶ
968 3435 1163 3514 μικραίτιον
1184 3430 1239 3494 καὶ

223 3526 307 3612 πρὸς
317 3525 422 3612 ὀργὴν
432 3528 549 3616 ῥᾴδιον
558 3527 643 3614 ὑπὲρ
655 3527 695 3597 τά
705 3529 892 3616 βρεφύλλια
900 3529 941 3596 τά
951 3529 1091 3615 νεογνά·
1106 3532 1239 3615 γέλωτα
