2625 4092
460 266 710 356 ατννονε.
1018 275 1083 358 '457

77 459 117 519 τό
135 449 248 519 δεινόν
263 450 381 539 ἄλγος,
396 459 458 520 τοῦ
474 452 608 531 πόθους
624 450 686 539 τὴν
701 458 890 542 συμφοράν.

79 554 308 619 amm.
323 549 422 638 Ὁρᾷς
437 577 493 636 με,
511 549 632 638 Σωτὴρ
645 556 700 620 καὶ
715 555 817 620 πάλιν
830 557 1012 641 Σωτήριχε,

79 649 259 734 σάλπιγγος
273 645 375 734 αὐτῆς
387 643 485 733 ὄνομ’
503 654 588 732 ἔχων
601 650 783 737 Σωτήριχε,

80 744 188 824 δεινός
204 746 308 825 πόνος
322 771 361 831 με
378 753 438 813 τοῦ
453 745 555 824 ποδός
570 745 685 814 δάκνει
700 755 819 832 κακῶς,
1113 759 1155 821 80

81 841 193 910 δειλόν
206 845 241 910 δὲ
256 851 346 930 βημα
360 840 442 928 κούχ
456 841 588 918 ἁπλοῦν
603 853 689 911 τιθῶ
702 850 787 916 ποδί.
1182 847 1185 852 ’

78 947 256 1010 [Arm.
279 943 413 1021 Πόθεν;
435 949 470 1008 τί
477 943 617 1021 παθῶνς
639 943 809 1027 μήννσον,
825 939 942 1033 ἢποίῳ
954 944 1083 1033 τρόπμ;

78 1037 200 1125 μαδῶν
217 1037 381 1124 ἀλήθειαν
398 1038 463 1124 γὰρ
480 1037 592 1121 ἰατρός
608 1038 766 1124 ἀσφαλῶς

79 1150 229 1219 κρεῖττον
239 1135 408 1220 πρόσεισι,
425 1137 604 1221 σφάλλεται
621 1139 657 1205 δὲ
674 1135 717 1224 μὴ
733 1139 865 1223 μαθών.

78 1240 304 1303 ammom
317 1235 457 1319 Δρόμον
468 1232 526 1300 τιν’
536 1231 650 1302 ἀσκῶν
660 1237 714 1302 καὶ
725 1237 843 1321 τέχνην
855 1233 1083 1321 γυμναστικὴν
1110 1248 1150 1310 85

77 1339 196 1410 δεινῶς
211 1333 358 1418 ἐπλήγην
374 1328 440 1398 ὑπὸ
457 1339 565 1415 φίλων
581 1329 759 1419 ὁμηλίκων.

74 1439 98 1500 Ι
98 1438 256 1500 ΑΤΡΟΣ.
278 1438 356 1509 Πῶς
370 1425 435 1498 οὖν
451 1429 555 1518 ἀηδὴς
570 1429 612 1500 οὗ
628 1434 766 1516 πάρεστι
783 1432 953 1519 φλεγμονὴ

73 1529 182 1594 τόπου
198 1525 268 1594 κατ’
285 1527 390 1596 αὐτοῦ
404 1527 487 1597 κούκ
505 1536 588 1616 ἔχεις
601 1529 665 1598 τιν’
682 1533 865 1619 ἐμβροχήν;

73 1632 305 1697 samm.
330 1625 381 1694 Οὐ
398 1625 462 1712 γὰρ
479 1632 583 1712 στέγω
599 1627 639 1696 τὰ
654 1628 758 1716 δεσμὰ
777 1637 842 1697 τῶν
858 1633 1001 1715 ίριδίιον,

73 1723 263 1809 εὐμορφίαν
276 1722 441 1810 ἄχρηστον
456 1732 503 1805 είς
518 1725 664 1806 πολλοὺς
677 1729 791 1814 καλήν.
1050 1767 1051 1772 ’
1107 1741 1149 1802 90

74 1829 252 1892 ΙΑΤΡΟΣ.
279 1831 321 1892 Τί
339 1817 402 1891 οὖν
416 1830 509 1892 δοκεῖ
521 1847 589 1904 σοις
610 1829 806 1913 κατακνησον
822 1848 885 1894 σου
900 1825 959 1894 τόν
975 1829 1079 1907 πόδας

74 1915 121 1986 οἷν
134 1918 198 2006 γὰρ
212 1922 381 2009 παράσχῃς
394 1930 454 2008 μοί
463 1944 516 2008 σε,
533 1923 732 2010 γιγνώσκειν
749 1948 785 1991 σε
801 1925 873 2010 χρή,

75 2016 121 2095 ὡς
135 2032 205 2114 ταῖς
219 2034 349 2104 τομαῖον
363 2029 518 2088 πλεῖστον
532 2017 612 2108 αἷμό
626 2042 689 2089 σου
705 2029 800 2090 κενῶ.

72 2122 304 2184 amomis.
325 2125 474 2204 Ποίησον
490 2129 523 2186 εί
532 2147 563 2186 τι
578 2117 697 2187 καινόν
713 2123 857 2207 ἐξευρεῖν
871 2125 964 2206 ἔχεις,

71 2210 119 2280 ἵν’
136 2209 224 2279 εὐθὺ
240 2213 352 2282 δεινόν
366 2219 402 2282 ἐκ
417 2221 531 2283 ποδῶν
546 2218 675 2305 παόσης
692 2217 807 2284 πόνον.
1106 2229 1146 2291 95

76 2317 253 2381 ῙΑΤΡΟΣ.
273 2310 375 2397 Ἰδού,
389 2314 631 2400 σιδηρόχαλκον
646 2319 792 2401 ἐπιφέροι
808 2317 925 2401 τομήν,
1096 2327 1147 2394 ς’χο

72 2408 199 2490 ὀξεῖαν,
217 2412 413 2497 μίμόδιψον,
429 2409 706 2500 ἡμιστρόγγνλον.

71 2509 452 2593 αλννονΣ.”ιιι,ιι.
1055 2569 1058 2575 2

76 2615 291 2676 ΤΡΟΦΕΥΣ.
315 2618 448 2695 Σῶτερ,
463 2619 497 2679 τί
508 2627 628 2693 ποιεῐςχ
649 2608 699 2700 μὴΙ
710 2613 820 2698 τύχοις
837 2619 1004 2698 σωτηρίας.

70 2715 195 2796 τολμᾷς
212 2709 479 2794 σιδηρόσπαρτον
494 2713 663 2797 ἐπιβαλεῖν
677 2710 801 2789 πόνον;
1084 2717 1144 2779 100

70 2805 176 2891 μηδὲν
190 2807 348 2886 κατειδῶς
361 2812 561 2894 προσφέρεις
577 2807 682 2877 κακόν
697 2819 782 2876 ποσί.

72 2909 207 2983 ψευδεῖς
222 2903 287 2989 γὰρ
303 2913 417 2985 ἔκλυες
433 2899 482 2973 ῶν
494 2905 638 2994 ιἰκηκοας
651 2907 771 2992 λόγων.

71 3003 193 3088 οὐγὰρ
209 3002 406 3091 πόλαισινῆ
421 3006 611 3091 δρόμοισιν,
631 3003 675 3083 ῶς
692 3011 789 3090 λέγει,

71 3101 185 3170 ἀσκῶν
201 3104 336 3190 ἐπλήγη.
358 3112 457 3172 τοῦτο
472 3111 557 3189 γοῦν
575 3103 680 3171 ἄκουέ
694 3129 768 3188 μου.

71 3193 179 3287 ἦλθεν
192 3203 254 3287 μὲν
270 3196 334 3268 οὖν
348 3200 385 3268 τό
402 3210 537 3285 πρῶτον
551 3200 647 3288 ὑγιης
662 3207 698 3270 ἐν
715 3204 841 3288 δόμοις,
1085 3209 1141 3270 105

71 3298 191 3385 φαγῶν
208 3301 244 3369 δὲ
259 3298 365 3369 πολλοὶ
383 3303 437 3368 καὶ
451 3298 538 3368 πιδνν
553 3300 570 3369 ὁ
586 3301 749 3388 δυστυχὴς

70 3405 186 3484 κλίνης
202 3397 331 3483 ὕπερθε
346 3398 537 3466 καταπεσών
555 3399 659 3469 ὑπνοῖ
670 3404 787 3482 μόνος·

69 3500 182 3564 ἔπειτα
196 3494 317 3576 νυκτός
332 3501 507 3578 διυτινίσας
522 3503 728 3584 ἐκραύγασεν
