2625 4092
243 272 932 333 ΔΗΜΟΣΘΕΝΟΥΣΕΓΚΩΜΙΟΝ.
1028 269 1089 332 367

237 433 299 501 ούκ
316 426 360 519 ἦν
374 429 418 499 άν
435 430 633 517 ἀμφίλεκτος
649 429 845 513 ἀνθρώποις
859 437 937 515 ἔρις,

80 537 224 615 πατρίδα
245 536 306 617 μὲν
322 530 412 619 αὐτῷ
426 529 590 597 διδόντων
604 528 675 597 Ἴον
688 524 710 614 ἢ
725 536 914 613 Κολοφῶνα
933 524 955 614 ἦ
969 528 1092 614 Κύμην

79 627 104 714 ἢ
117 636 201 697 Χίον
216 626 238 716 ἢ
253 631 417 716 Σμύρναν
432 625 453 714 ἢ
465 629 577 716 Θήβας
591 625 649 705 τάς
661 633 845 712 Αἰγυπτίας
859 624 881 713 ἢ
896 635 1016 714 μυρίας
1030 625 1091 694 άλ-

82 738 159 809 λας,
181 732 305 812 πατέρα
323 732 358 796 δέ
377 735 515 796 Μαίονα
537 727 597 795 τόν
611 723 728 797 Λυδδν
743 722 765 813 ἢ
783 724 934 811 ποταμδν
955 727 1011 793 καὶ
1027 751 1091 811 μη-

86 831 161 911 τέρα
180 828 399 913 Μελανῶπην
421 823 566 913 φασὶνῆ
591 827 732 911 νύμφην
751 832 819 891 τῶν
839 824 1010 908 Δρυάδων
1029 821 1091 889 άν-

81 932 261 1007 θρωπίνου
276 928 396 1011 γένους
411 923 550 1014 άπορίηι,
567 926 693 1012 χρόνον
707 925 742 991 δέ
757 921 818 989 τὸν
831 916 1013 1008 ἡρωτκὸνῆ
1029 919 1090 987 τὸν

78 1020 237 1093 Ἰωνικόν.
260 1024 316 1092 καὶ
329 1021 408 1109 μηδ’
425 1021 515 1101 ὅπως
526 1020 609 1105 πρὸς
624 1020 686 1089 τόν
694 1019 850 1089 Ἡσίοδον
866 1019 950 1105 εἶχεν
964 1016 1091 1104 ἡλικίας

82 1130 199 1206 σαφῶς
214 1124 352 1206 εἰδέναι,
375 1120 462 1188 ὅπου
478 1146 515 1205 γε
531 1122 584 1187 καὶ
598 1118 747 1205 τούνομα
762 1115 827 1202 πρὸ
840 1126 901 1185 τοῦ
918 1126 1090 1203 γνωρίμου

83 1215 120 1285 τί)
137 1226 350 1304 Μελησιγενῆ
371 1226 607 1303 προκρίνουσι·
634 1219 739 1303 τύχην
756 1216 791 1283 δὲ
813 1212 963 1302 πενίαςῆ
980 1216 1092 1293 πάθος

83 1315 252 1403 ὀμμάτων.
283 1315 366 1385 άλλά
390 1314 458 1403 μην
481 1313 676 1405 βέλτιονάν
698 1326 748 1401 είη
770 1319 948 1384 καὶταῦτα
970 1318 1030 1382 ἐάν
1053 1318 1090 1383 ἐν

82 1414 208 1499 άσαφελ
218 1421 363 1501 κείμενα.
384 1418 459 1498 περὶ
474 1412 593 1482 στενὸν
604 1415 645 1501 δή
656 1442 713 1500 μοι
726 1420 845 1502 κομιδῇ
860 1413 896 1480 τὸ
912 1413 1087 1499 ἐγκῶμιον,
1108 1430 1159 1484 498

82 1520 217 1599 ποίησιν
228 1511 400 1597 άπρακτον
410 1516 580 1581 ἐπαινέσαι
595 1517 649 1581 καί
664 1520 788 1598 σοφίαν
804 1516 840 1579 ἐκ
856 1519 924 1579 τῶν
939 1516 1027 1579 ἐπῶν
1043 1516 1091 1578 εί-

83 1614 267 1697 καζομένην
285 1615 467 1698 συλλέγειν.
498 1619 547 1681 10.
565 1610 601 1681 τό
626 1615 662 1681 δέ
676 1614 754 1697 σόν,
777 1619 856 1698 ἐφη,
878 1610 960 1678 κατά
982 1609 1091 1696 χειρὸς

83 1710 265 1795 ἐπίδρομόν
280 1736 314 1777 τε
329 1713 383 1777 καί
398 1720 489 1778 λεῖον
506 1708 562 1795 ἐφ’
581 1708 776 1796 ὡρισμένοις
790 1736 825 1777 τε
839 1712 894 1777 καὶ
910 1717 1090 1796 γνωρίμοις

83 1806 191 1893 μόνον
210 1803 404 1892 ὀνομάτων,
428 1804 501 1875 οἷον
517 1806 604 1888 ὄψον
624 1811 757 1893 ἕτοιμον
777 1805 980 1894 ἡδυσμάτων
999 1806 1089 1889 παρά

84 1912 147 1972 σοῦ
162 1904 330 1991 δεόμενον.
359 1913 393 1974 τί
407 1902 471 1991 γάρ
487 1904 527 1972 ού
541 1908 625 1991 μέγα
644 1913 690 1993 τῷ
703 1910 916 1992 Δημοσθένει
931 1907 985 1973 καὶ
1005 1914 1090 1991 λαμ-

83 2000 206 2087 πρὸνὴ
224 2002 304 2089 τύχη
317 2011 483 2089 προσῆψες
505 2010 538 2070 τί
551 2001 582 2069 δ’
601 2000 642 2071 ού
658 2004 847 2090 γνώριμον,
870 2002 932 2071 ούκ
950 2002 1089 2088 Ἀθῆναι

83 2105 146 2188 μέν
159 2101 249 2191 αύτῷ
267 2106 382 2185 πατρὶς
397 2109 434 2170 αί
445 2105 579 2185 λιπαραὶ
600 2105 654 2171 καὶ
671 2100 816 2189 ἀοίδιμοι
837 2106 891 2171 καὶ
905 2110 962 2188 τῆς
976 2101 1090 2170 Ἑλλά-

84 2206 141 2277 δος
155 2205 308 2286 ἐρεισμα;
328 2206 433 2269 καίτοι
451 2201 635 2289 λαβόμενος
650 2197 695 2269 άν
709 2199 773 2287 ἐγῶ
785 2209 853 2269 τῶν
867 2202 1021 2287 Ἀθηνῶν
1038 2205 1089 2269 ἐπὶ

82 2308 140 2386 τῆς
158 2308 329 2385 ποιητικῆς
345 2303 493 2379 ἐξουσίας
515 2302 692 2386 ἐπεισηγον
710 2299 754 2367 άν
775 2308 898 2385 ἐρωτας
921 2308 1014 2369 θεῶν
1036 2305 1089 2367 καὶ

83 2406 207 2481 κρίσεις
227 2401 281 2464 καί
302 2399 508 2485 κατοικήσεις
528 2402 583 2467 καὶ
606 2398 733 2480 δωρεάς
754 2404 808 2468 καί
829 2398 892 2487 τὴν
910 2400 1087 2468 Ἐλευσῖνα.

82 2498 197 2581 νόμων
209 2497 244 2564 δὲ
259 2499 314 2564 καὶ
328 2502 550 2583 δικαστηρίων
561 2500 616 2566 καὶ
627 2499 849 2585 πανηγύρεων
860 2502 915 2567 καὶ
926 2508 1091 2580 Πειραιῶς

83 2600 138 2665 καί
155 2595 319 2664 ἀποικιῶν
336 2600 390 2664 καὶ
411 2604 580 2679 τροπαίων
600 2604 790 2665 θαλαττίων
806 2601 910 2664 τεκαὶ
927 2604 1089 2680 χερσαίων

83 2698 329 2783 ἐπεισηγμένων
345 2694 419 2764 οὐδ’
437 2692 480 2762 άν
496 2691 542 2773 εἷς
563 2693 615 2763 ἐπ’
630 2704 704 2781 ίσης
719 2694 816 2774 άξίως
834 2697 1010 2779 ἐφικέσθαι
1028 2694 1091 2761 δύ·

82 2822 175 2863 ναιτο
190 2804 235 2886 τῷ
251 2797 354 2883 λόγῳ,
373 2798 476 2881 φησὶν
490 2792 508 2863 ὁ
524 2799 758 2882 Δημοσθένης.
779 2792 931 2880 ἀφθονία
945 2797 1006 2879 μὲν
1024 2786 1088 2860 οὖν
1106 2812 1158 2868 499

82 2887 125 2980 ἦν
139 2893 183 2961 άν
198 2921 254 2979 μοι
265 2892 399 2981 περιττὴ
411 2895 554 2979 πάντως,
570 2892 607 2961 τό
620 2891 653 2961 δ’
671 2894 836 2979 ἐγκώμιον
852 2890 915 2960 οὐκ
925 2888 969 2959 άν
980 2891 1090 2975 άπαρ·

81 3001 144 3061 τῶν
159 2994 372 3080 ἐνομιζύμην,
397 2997 433 3060 ἐν
455 2994 549 3083 νόμφ
563 3007 631 3072 τοῖς
650 2996 797 3070 ἐπαίνοις
820 2991 915 3061 ὄνέκ
935 2999 1002 3059 τῶν
1023 3016 1090 3058 πα·

81 3096 205 3175 τρίδων
224 3096 415 3177 ἐπικοσμεῖν
438 3091 517 3173 τούς
537 3094 809 3178 ἐπαινουμένους.
843 3089 1027 3177 Ἰσοκράτης
1053 3090 1089 3159 δέ

82 3192 344 3276 παριμπόρευμα
365 3198 422 3278 τῆς
437 3190 569 3279 Ἑλένης
590 3196 705 3277 φέρων
727 3196 866 3277 ἐνέθηκε
889 3189 949 3258 τὸν
969 3198 1087 3276 Θησέα.

81 3288 118 3357 τό
137 3292 199 3376 μὲν
216 3287 257 3375 δὴ
272 3286 447 3375 ποιητικὸν
470 3296 581 3373 φῦλον
595 3291 792 3374 ἐλεύθερον·
814 3292 866 3357 σοὶ
887 3289 919 3357 δ’
935 3300 1014 3369 ἴσως
1031 3288 1088 3357 εύ-

81 3388 199 3475 λάβεια
225 3386 262 3456 τὸ
290 3398 347 3475 τῆς
371 3396 548 3475 παροιμίας
572 3398 711 3475 σκῶμμα
737 3392 787 3458 ἐπὶ
814 3396 854 3478 τῇ
882 3387 1087 3478 ἀσυμμετρία

81 3491 319 3572 ἐπαγαγέσθαι,
337 3485 383 3573 μή
395 3508 446 3555 σοι
464 3494 574 3573 μεῖζον
589 3491 783 3574 προσκέοιτο
794 3486 1027 3574 τούπίγραμμα
1042 3494 1086 3576 τῷ
