<?xml version="1.0" encoding="UTF-8"?>
<!DOCTYPE html PUBLIC "-//W3C//DTD XHTML 1.0 Transitional//EN"
    "http://www.w3.org/TR/xhtml1/DTD/xhtml1-transitional.dtd">
<html xmlns="http://www.w3.org/1999/xhtml" xml:lang="en" lang="en">
 <head>
  <title>
</title>
<meta http-equiv="Content-Type" content="text/html;charset=utf-8" />
  <meta name='ocr-system' content='tesseract 3.04.00' />
  <meta name='ocr-capabilities' content='ocr_page ocr_carea ocr_par ocr_line ocrx_word'/>
</head>
<body>
  <div class='ocr_page' id='page_1' title='image "./lucianisamosate04jacogoog/lucianisamosate04jacogoog_0058.png"; bbox 0 0 2625 4092; ppageno 0'>
   <div class='ocr_carea' id='block_1_1' title="bbox 237 225 886 288">
    <p class='ocr_par' dir='ltr' id='par_1_1' title="bbox 237 225 886 288">
     <span class='ocr_line' id='line_1_1' title="bbox 237 225 886 288; baseline 0.005 -3"><span class='ocrx_word' id='word_1_1' title='bbox 237 225 274 286; x_wconf 78' lang='lat'><strong><em>16</em></strong></span> <span class='ocrx_word' id='word_1_2' title='bbox 585 228 886 288; x_wconf 69' lang='lat' dir='ltr'><em>AOYKMNM</em></span> 
     </span>
    </p>
   </div>
   <div class='ocr_carea' id='block_1_2' title="bbox 165 384 1302 3427">
    <p class='ocr_par' dir='ltr' id='par_1_2' title="bbox 165 384 1302 3427">
     <span class='ocr_line' id='line_1_2' title="bbox 234 384 1241 477; baseline 0.003 -23"><span class='ocrx_word' id='word_1_3' title='bbox 234 396 433 471; x_wconf 86' lang='grc' dir='ltr'><strong><em>πλεκτανας,</em></strong></span> <span class='ocrx_word' id='word_1_4' title='bbox 459 385 660 469; x_wconf 73' lang='grc' dir='ltr'><strong><em>ἀνθρώπινα</em></strong></span> <span class='ocrx_word' id='word_1_5' title='bbox 677 388 731 455; x_wconf 84' lang='grc' dir='ltr'><strong><em>καὶ</em></strong></span> <span class='ocrx_word' id='word_1_6' title='bbox 753 384 795 453; x_wconf 88' lang='grc' dir='ltr'><strong><em>ού</em></strong></span> <span class='ocrx_word' id='word_1_7' title='bbox 816 390 972 477; x_wconf 72' lang='grc' dir='ltr'><strong><em>βλακώδη</em></strong></span> <span class='ocrx_word' id='word_1_8' title='bbox 993 392 1166 477; x_wconf 76' lang='grc' dir='ltr'><strong><em>φρονήσας</em></strong></span> <span class='ocrx_word' id='word_1_9' title='bbox 1186 394 1241 457; x_wconf 80' lang='grc' dir='ltr'><strong><em>καὶ</em></strong></span> 
     </span>
     <span class='ocr_line' id='line_1_3' title="bbox 233 485 1242 575; baseline 0 -20"><span class='ocrx_word' id='word_1_10' title='bbox 233 486 294 555; x_wconf 87' lang='grc' dir='ltr'><strong><em>τόν</em></strong></span> <span class='ocrx_word' id='word_1_11' title='bbox 309 485 369 573; x_wconf 79' lang='grc' dir='ltr'><strong><em>μέν</em></strong></span> <span class='ocrx_word' id='word_1_12' title='bbox 383 488 506 571; x_wconf 81' lang='grc' dir='ltr'><strong><em>πόνον,</em></strong></span> <span class='ocrx_word' id='word_1_13' title='bbox 523 485 606 567; x_wconf 83' lang='grc' dir='ltr'><strong><em>ὅπερ</em></strong></span> <span class='ocrx_word' id='word_1_14' title='bbox 623 489 706 570; x_wconf 86' lang='grc' dir='ltr'><strong><em>ἐστί,</em></strong></span> <span class='ocrx_word' id='word_1_15' title='bbox 720 487 887 572; x_wconf 88' lang='grc' dir='ltr'><strong><em>πονηρόν,</em></strong></span> <span class='ocrx_word' id='word_1_16' title='bbox 905 485 1020 573; x_wconf 77' lang='grc' dir='ltr'><strong><em>ἡδεῖαν</em></strong></span> <span class='ocrx_word' id='word_1_17' title='bbox 1035 488 1071 556; x_wconf 73' lang='grc' dir='ltr'><strong><em>δέ</em></strong></span> <span class='ocrx_word' id='word_1_18' title='bbox 1087 485 1148 575; x_wconf 87' lang='grc' dir='ltr'><strong><em>τήν</em></strong></span> <span class='ocrx_word' id='word_1_19' title='bbox 1160 487 1242 575; x_wconf 83' lang='grc' dir='ltr'><strong><em>ἡδο-</em></strong></span> 
     </span>
     <span class='ocr_line' id='line_1_4' title="bbox 165 581 1299 673; baseline -0.005 -15"><span class='ocrx_word' id='word_1_20' title='bbox 165 605 218 659; x_wconf 85' lang='grc'><strong><em>818</em></strong></span> <span class='ocrx_word' id='word_1_21' title='bbox 235 587 299 673; x_wconf 90' lang='grc' dir='ltr'><strong><em>νῆν</em></strong></span> <span class='ocrx_word' id='word_1_22' title='bbox 314 591 457 670; x_wconf 79' lang='grc' dir='ltr'><strong><em>οἰηθείς,</em></strong></span> <span class='ocrx_word' id='word_1_23' title='bbox 474 583 662 652; x_wconf 76' lang='grc' dir='ltr'><strong><em>ἀποκλείειν</em></strong></span> <span class='ocrx_word' id='word_1_24' title='bbox 673 587 772 670; x_wconf 90' lang='grc' dir='ltr'><strong><em>ἐχρῆν</em></strong></span> <span class='ocrx_word' id='word_1_25' title='bbox 783 581 887 651; x_wconf 88' lang='grc' dir='ltr'><strong><em>αύτόν</em></strong></span> <span class='ocrx_word' id='word_1_26' title='bbox 902 585 1012 672; x_wconf 73' lang='grc' dir='ltr'><strong><em>ὥσπερ</em></strong></span> <span class='ocrx_word' id='word_1_27' title='bbox 1024 591 1061 654; x_wconf 90' lang='grc' dir='ltr'><strong><em>ἐκ</em></strong></span> <span class='ocrx_word' id='word_1_28' title='bbox 1076 595 1243 673; x_wconf 82' lang='grc' dir='ltr'><strong><em>ναυαγίου</em></strong></span> <span class='ocrx_word' id='word_1_29' title='bbox 1298 640 1299 647; x_wconf 32' lang='grc' dir='ltr'><strong><em>ι</em></strong></span> 
     </span>
     <span class='ocr_line' id='line_1_5' title="bbox 234 683 1243 771; baseline -0.002 -18"><span class='ocrx_word' id='word_1_30' title='bbox 234 688 343 771; x_wconf 78' lang='grc' dir='ltr'><strong><em>λιμένι</em></strong></span> <span class='ocrx_word' id='word_1_31' title='bbox 354 688 560 768; x_wconf 81' lang='grc' dir='ltr'><strong><em>προσνέοντα</em></strong></span> <span class='ocrx_word' id='word_1_32' title='bbox 572 683 626 750; x_wconf 83' lang='grc' dir='ltr'><strong><em>καὶ</em></strong></span> <span class='ocrx_word' id='word_1_33' title='bbox 638 684 784 769; x_wconf 80' lang='grc' dir='ltr'><strong><em>γαλήνης</em></strong></span> <span class='ocrx_word' id='word_1_34' title='bbox 795 686 1026 770; x_wconf 90' lang='grc' dir='ltr'><strong><em>ἐπιθυμοῦντα</em></strong></span> <span class='ocrx_word' id='word_1_35' title='bbox 1038 692 1243 754; x_wconf 85' lang='grc' dir='ltr'><strong><em>συνωθοῦν-</em></strong></span> 
     </span>
     <span class='ocr_line' id='line_1_6' title="bbox 234 779 1243 866; baseline -0.002 -18"><span class='ocrx_word' id='word_1_36' title='bbox 234 808 292 861; x_wconf 86' lang='grc' dir='ltr'><strong><em>τας</em></strong></span> <span class='ocrx_word' id='word_1_37' title='bbox 312 785 364 849; x_wconf 84' lang='grc' dir='ltr'><strong><em>έπὶ</em></strong></span> <span class='ocrx_word' id='word_1_38' title='bbox 386 779 537 866; x_wconf 89' lang='grc' dir='ltr'><strong><em>κεφαλήν</em></strong></span> <span class='ocrx_word' id='word_1_39' title='bbox 558 782 591 859; x_wconf 86' lang='grc' dir='ltr'><strong><em>ές</em></strong></span> <span class='ocrx_word' id='word_1_40' title='bbox 607 779 667 846; x_wconf 87' lang='grc' dir='ltr'><strong><em>τόν</em></strong></span> <span class='ocrx_word' id='word_1_41' title='bbox 687 782 794 847; x_wconf 90' lang='grc' dir='ltr'><strong><em>πόνον</em></strong></span> <span class='ocrx_word' id='word_1_42' title='bbox 812 782 868 849; x_wconf 84' lang='grc' dir='ltr'><strong><em>καὶ</em></strong></span> <span class='ocrx_word' id='word_1_43' title='bbox 884 787 1021 852; x_wconf 76' lang='grc' dir='ltr'><strong><em>ἔκδοτον</em></strong></span> <span class='ocrx_word' id='word_1_44' title='bbox 1037 779 1097 850; x_wconf 86' lang='grc' dir='ltr'><strong><em>τόν</em></strong></span> <span class='ocrx_word' id='word_1_45' title='bbox 1118 782 1243 850; x_wconf 86' lang='grc' dir='ltr'><strong><em>ἀθλιον</em></strong></span> 
     </span>
     <span class='ocr_line' id='line_1_7' title="bbox 234 875 1300 967; baseline -0.003 -20"><span class='ocrx_word' id='word_1_46' title='bbox 234 883 389 965; x_wconf 88' lang='grc' dir='ltr'><strong><em>παρέχειν</em></strong></span> <span class='ocrx_word' id='word_1_47' title='bbox 403 893 473 957; x_wconf 80' lang='grc' dir='ltr'><strong><em>ταῖς</em></strong></span> <span class='ocrx_word' id='word_1_48' title='bbox 488 875 658 963; x_wconf 88' lang='grc' dir='ltr'><strong><em>ἀπορίαις,</em></strong></span> <span class='ocrx_word' id='word_1_49' title='bbox 674 880 727 946; x_wconf 80' lang='grc' dir='ltr'><strong><em>καὶ</em></strong></span> <span class='ocrx_word' id='word_1_50' title='bbox 742 885 845 945; x_wconf 88' lang='grc' dir='ltr'><strong><em>ταῦτα</em></strong></span> <span class='ocrx_word' id='word_1_51' title='bbox 864 877 975 962; x_wconf 73' lang='grc' dir='ltr'><strong><em>ὥσπερ</em></strong></span> <span class='ocrx_word' id='word_1_52' title='bbox 990 883 1101 967; x_wconf 84' lang='grc' dir='ltr'><strong><em>ίκέτην</em></strong></span> <span class='ocrx_word' id='word_1_53' title='bbox 1117 883 1170 949; x_wconf 78' lang='grc' dir='ltr'><strong><em>ἐπὶ</em></strong></span> <span class='ocrx_word' id='word_1_54' title='bbox 1180 885 1242 946; x_wconf 88' lang='grc' dir='ltr'><strong><em>τόν</em></strong></span> <span class='ocrx_word' id='word_1_55' title='bbox 1299 908 1300 919; x_wconf 56' lang='grc'>’</span> 
     </span>
     <span class='ocr_line' id='line_1_8' title="bbox 235 973 1243 1065; baseline -0.003 -19"><span class='ocrx_word' id='word_1_56' title='bbox 235 987 297 1046; x_wconf 85' lang='grc' dir='ltr'><strong><em>τοῦ</em></strong></span> <span class='ocrx_word' id='word_1_57' title='bbox 309 980 403 1046; x_wconf 86' lang='grc' dir='ltr'><strong><em>ἐλέου</em></strong></span> <span class='ocrx_word' id='word_1_58' title='bbox 417 975 533 1064; x_wconf 84' lang='grc' dir='ltr'><strong><em>βωμόν</em></strong></span> <span class='ocrx_word' id='word_1_59' title='bbox 548 977 600 1044; x_wconf 77' lang='grc' dir='ltr'><strong><em>ε’πλ</em></strong></span> <span class='ocrx_word' id='word_1_60' title='bbox 614 973 676 1061; x_wconf 83' lang='grc' dir='ltr'><strong><em>τήν</em></strong></span> <span class='ocrx_word' id='word_1_61' title='bbox 690 973 818 1062; x_wconf 80' lang='grc' dir='ltr'><strong><em>ἡδονήν</em></strong></span> <span class='ocrx_word' id='word_1_62' title='bbox 834 979 1087 1065; x_wconf 79' lang='grc' dir='ltr'><strong><em>καταφυγόντα,</em></strong></span> <span class='ocrx_word' id='word_1_63' title='bbox 1109 981 1166 1046; x_wconf 81' lang='grc' dir='ltr'><strong><em>ἵνα</em></strong></span> <span class='ocrx_word' id='word_1_64' title='bbox 1179 977 1243 1064; x_wconf 87' lang='grc' dir='ltr'><strong><em>τῆν</em></strong></span> 
     </span>
     <span class='ocr_line' id='line_1_9' title="bbox 236 1071 1239 1161; baseline -0.003 -17"><span class='ocrx_word' id='word_1_65' title='bbox 236 1078 496 1161; x_wconf 79' lang='grc' dir='ltr'><strong><em>πολυθρύλητον</em></strong></span> <span class='ocrx_word' id='word_1_66' title='bbox 508 1074 633 1161; x_wconf 84' lang='grc' dir='ltr'><strong><em>δηλαδή</em></strong></span> <span class='ocrx_word' id='word_1_67' title='bbox 646 1071 769 1158; x_wconf 83' lang='grc' dir='ltr'><strong><em>ἀρετήν</em></strong></span> <span class='ocrx_word' id='word_1_68' title='bbox 780 1074 833 1141; x_wconf 74' lang='grc' dir='ltr'><strong><em>ἐπὶ</em></strong></span> <span class='ocrx_word' id='word_1_69' title='bbox 846 1072 883 1141; x_wconf 86' lang='grc' dir='ltr'><strong><em>τό</em></strong></span> <span class='ocrx_word' id='word_1_70' title='bbox 897 1072 1019 1157; x_wconf 82' lang='grc' dir='ltr'><strong><em>ὄρθιον</em></strong></span> <span class='ocrx_word' id='word_1_71' title='bbox 1032 1081 1146 1160; x_wconf 75' lang='grc' dir='ltr'><strong><em>ίδραίτι</em></strong></span> <span class='ocrx_word' id='word_1_72' title='bbox 1158 1085 1239 1142; x_wconf 91' lang='grc' dir='ltr'><strong><em>πολ-</em></strong></span> 
     </span>
     <span class='ocr_line' id='line_1_10' title="bbox 234 1165 1300 1264; baseline -0.003 -21"><span class='ocrx_word' id='word_1_73' title='bbox 234 1182 281 1264; x_wconf 80' lang='grc' dir='ltr'><strong><em>λῷ</em></strong></span> <span class='ocrx_word' id='word_1_74' title='bbox 299 1171 455 1241; x_wconf 73' lang='grc' dir='ltr'><strong><em>ἀνελθών</em></strong></span> <span class='ocrx_word' id='word_1_75' title='bbox 472 1178 527 1261; x_wconf 81' lang='grc' dir='ltr'><strong><em>ίδχ</em></strong></span> <span class='ocrx_word' id='word_1_76' title='bbox 542 1165 626 1262; x_wconf 79' lang='grc' dir='ltr'><strong><em>κᾷτα</em></strong></span> <span class='ocrx_word' id='word_1_77' title='bbox 640 1169 686 1238; x_wconf 85' lang='grc' dir='ltr'><strong><em>δι’</em></strong></span> <span class='ocrx_word' id='word_1_78' title='bbox 703 1169 786 1240; x_wconf 85' lang='grc' dir='ltr'><strong><em>ὅλου</em></strong></span> <span class='ocrx_word' id='word_1_79' title='bbox 800 1173 948 1259; x_wconf 79' lang='grc' dir='ltr'><strong><em>πονήσας</em></strong></span> <span class='ocrx_word' id='word_1_80' title='bbox 961 1183 1023 1241; x_wconf 90' lang='grc' dir='ltr'><strong><em>τοῦ</em></strong></span> <span class='ocrx_word' id='word_1_81' title='bbox 1036 1181 1114 1261; x_wconf 84' lang='grc' dir='ltr'><strong><em>βίον</em></strong></span> <span class='ocrx_word' id='word_1_82' title='bbox 1129 1173 1239 1242; x_wconf 71' lang='grc' dir='ltr'><strong><em>εύδαι·</em></strong></span> <span class='ocrx_word' id='word_1_83' title='bbox 1299 1186 1300 1221; x_wconf 67' lang='lat'><strong>³</strong></span> 
     </span>
     <span class='ocr_line' id='line_1_11' title="bbox 165 1266 1242 1360; baseline -0.003 -19"><span class='ocrx_word' id='word_1_84' title='bbox 165 1287 216 1341; x_wconf 82' lang='lat'><strong><em>819</em></strong></span> <span class='ocrx_word' id='word_1_85' title='bbox 235 1273 367 1360; x_wconf 77' lang='grc' dir='ltr'><strong><em>μογήσῃ</em></strong></span> <span class='ocrx_word' id='word_1_86' title='bbox 382 1270 463 1358; x_wconf 87' lang='grc' dir='ltr'><strong><em>μετά</em></strong></span> <span class='ocrx_word' id='word_1_87' title='bbox 479 1270 539 1338; x_wconf 86' lang='grc' dir='ltr'><strong><em>τόν</em></strong></span> <span class='ocrx_word' id='word_1_88' title='bbox 555 1277 648 1358; x_wconf 72' lang='grc' dir='ltr'><strong><em>βίους</em></strong></span> <span class='ocrx_word' id='word_1_89' title='bbox 670 1277 776 1338; x_wconf 89' lang='grc' dir='ltr'><strong><em>καίτοι</em></strong></span> <span class='ocrx_word' id='word_1_90' title='bbox 791 1275 839 1348; x_wconf 91' lang='grc' dir='ltr'><strong><em>τίς</em></strong></span> <span class='ocrx_word' id='word_1_91' title='bbox 852 1266 896 1336; x_wconf 84' lang='grc' dir='ltr'><strong><em>ἀν</em></strong></span> <span class='ocrx_word' id='word_1_92' title='bbox 911 1269 1022 1357; x_wconf 83' lang='grc' dir='ltr'><strong><em>κριτής</em></strong></span> <span class='ocrx_word' id='word_1_93' title='bbox 1039 1273 1242 1357; x_wconf 90' lang='grc' dir='ltr'><strong><em>δικαιότερος</em></strong></span> 
     </span>
     <span class='ocr_line' id='line_1_12' title="bbox 236 1365 1244 1454; baseline -0.001 -17"><span class='ocrx_word' id='word_1_94' title='bbox 236 1370 363 1450; x_wconf 86' lang='grc' dir='ltr'><strong><em>δόξειεν</em></strong></span> <span class='ocrx_word' id='word_1_95' title='bbox 380 1366 485 1437; x_wconf 89' lang='grc' dir='ltr'><strong><em>αύτοῦ</em></strong></span> <span class='ocrx_word' id='word_1_96' title='bbox 501 1372 648 1453; x_wconf 88' lang='grc' dir='ltr'><strong><em>ἐκείνου,</em></strong></span> <span class='ocrx_word' id='word_1_97' title='bbox 672 1365 762 1446; x_wconf 83' lang='grc' dir='ltr'><strong><em>δςτά</em></strong></span> <span class='ocrx_word' id='word_1_98' title='bbox 776 1365 866 1449; x_wconf 90' lang='grc' dir='ltr'><strong><em>παρά</em></strong></span> <span class='ocrx_word' id='word_1_99' title='bbox 882 1374 939 1454; x_wconf 86' lang='grc' dir='ltr'><strong><em>τῆς</em></strong></span> <span class='ocrx_word' id='word_1_100' title='bbox 952 1375 1062 1446; x_wconf 84' lang='grc' dir='ltr'><strong><em>Στοᾶς</em></strong></span> <span class='ocrx_word' id='word_1_101' title='bbox 1080 1370 1192 1453; x_wconf 80' lang='grc' dir='ltr'><strong><em>είδιός,</em></strong></span> <span class='ocrx_word' id='word_1_102' title='bbox 1214 1376 1244 1437; x_wconf 82' lang='grc' dir='ltr'><strong><em>εί</em></strong></span> 
     </span>
     <span class='ocr_line' id='line_1_13' title="bbox 235 1463 1243 1553; baseline 0.001 -20"><span class='ocrx_word' id='word_1_103' title='bbox 235 1473 293 1534; x_wconf 87' lang='grc' dir='ltr'><strong><em>καί</em></strong></span> <span class='ocrx_word' id='word_1_104' title='bbox 304 1493 352 1544; x_wconf 90' lang='grc' dir='ltr'><strong><em>τις</em></strong></span> <span class='ocrx_word' id='word_1_105' title='bbox 367 1465 481 1548; x_wconf 82' lang='grc' dir='ltr'><strong><em>ἀλλος,</em></strong></span> <span class='ocrx_word' id='word_1_106' title='bbox 506 1468 559 1534; x_wconf 80' lang='grc' dir='ltr'><strong><em>καὶ</em></strong></span> <span class='ocrx_word' id='word_1_107' title='bbox 575 1465 682 1550; x_wconf 91' lang='grc' dir='ltr'><strong><em>μόνον</em></strong></span> <span class='ocrx_word' id='word_1_108' title='bbox 702 1469 781 1542; x_wconf 86' lang='grc' dir='ltr'><strong><em>τέως</em></strong></span> <span class='ocrx_word' id='word_1_109' title='bbox 796 1464 832 1532; x_wconf 84' lang='grc' dir='ltr'><strong><em>τὸ</em></strong></span> <span class='ocrx_word' id='word_1_110' title='bbox 853 1464 958 1532; x_wconf 87' lang='grc' dir='ltr'><strong><em>καλὸν</em></strong></span> <span class='ocrx_word' id='word_1_111' title='bbox 973 1463 1107 1550; x_wconf 86' lang='grc' dir='ltr'><strong><em>ἀγαθόν</em></strong></span> <span class='ocrx_word' id='word_1_112' title='bbox 1130 1466 1243 1553; x_wconf 88' lang='grc' dir='ltr'><strong><em>οίόμε-</em></strong></span> 
     </span>
     <span class='ocr_line' id='line_1_14' title="bbox 235 1557 1243 1650; baseline -0.001 -20"><span class='ocrx_word' id='word_1_113' title='bbox 235 1590 294 1642; x_wconf 89' lang='grc' dir='ltr'><strong><em>νος</em></strong></span> <span class='ocrx_word' id='word_1_114' title='bbox 309 1562 411 1648; x_wconf 81' lang='grc' dir='ltr'><strong><em>εἶναι,</em></strong></span> <span class='ocrx_word' id='word_1_115' title='bbox 426 1561 630 1649; x_wconf 76' lang='grc' dir='ltr'><strong><em>μεταμαθὼν</em></strong></span> <span class='ocrx_word' id='word_1_116' title='bbox 645 1560 690 1640; x_wconf 79' lang='grc' dir='ltr'><strong><em>ὡς</em></strong></span> <span class='ocrx_word' id='word_1_117' title='bbox 707 1561 813 1630; x_wconf 87' lang='grc' dir='ltr'><strong><em>κακόν</em></strong></span> <span class='ocrx_word' id='word_1_118' title='bbox 830 1559 848 1630; x_wconf 86' lang='grc' dir='ltr'>ὁ</span> <span class='ocrx_word' id='word_1_119' title='bbox 863 1563 967 1641; x_wconf 89' lang='grc' dir='ltr'><strong><em>πόνος</em></strong></span> <span class='ocrx_word' id='word_1_120' title='bbox 981 1557 1041 1649; x_wconf 89' lang='grc' dir='ltr'><strong><em>ήν,</em></strong></span> <span class='ocrx_word' id='word_1_121' title='bbox 1055 1559 1092 1630; x_wconf 86' lang='grc' dir='ltr'><strong><em>τό</em></strong></span> <span class='ocrx_word' id='word_1_122' title='bbox 1109 1567 1243 1650; x_wconf 84' lang='grc' dir='ltr'><strong><em>βέλτιον</em></strong></span> 
     </span>
     <span class='ocr_line' id='line_1_15' title="bbox 235 1659 1243 1747; baseline 0 -18"><span class='ocrx_word' id='word_1_123' title='bbox 235 1667 266 1742; x_wconf 86' lang='grc' dir='ltr'><strong><em>ἐξ</em></strong></span> <span class='ocrx_word' id='word_1_124' title='bbox 278 1661 403 1747; x_wconf 81' lang='grc' dir='ltr'><strong><em>ἀμφοῖν</em></strong></span> <span class='ocrx_word' id='word_1_125' title='bbox 415 1664 623 1747; x_wconf 76' lang='grc' dir='ltr'><strong><em>δοκιμασθὲν</em></strong></span> <span class='ocrx_word' id='word_1_126' title='bbox 635 1664 755 1741; x_wconf 80' lang='grc' dir='ltr'><strong><em>είλετο;</em></strong></span> <span class='ocrx_word' id='word_1_127' title='bbox 777 1661 864 1744; x_wconf 85' lang='grc' dir='ltr'><strong><em>έιόρα</em></strong></span> <span class='ocrx_word' id='word_1_128' title='bbox 877 1660 962 1747; x_wconf 80' lang='grc' dir='ltr'><strong><em>γάρ,</em></strong></span> <span class='ocrx_word' id='word_1_129' title='bbox 978 1659 1083 1747; x_wconf 78' lang='grc' dir='ltr'><strong><em>οἶμαι,</em></strong></span> <span class='ocrx_word' id='word_1_130' title='bbox 1100 1664 1243 1742; x_wconf 82' lang='grc' dir='ltr'><strong><em>τούτους</em></strong></span> 
     </span>
     <span class='ocr_line' id='line_1_16' title="bbox 235 1755 1242 1843; baseline -0.001 -15"><span class='ocrx_word' id='word_1_131' title='bbox 235 1764 311 1842; x_wconf 75' lang='grc' dir='ltr'><strong><em>περὶ</em></strong></span> <span class='ocrx_word' id='word_1_132' title='bbox 330 1769 392 1828; x_wconf 90' lang='grc' dir='ltr'><strong><em>τοῦ</em></strong></span> <span class='ocrx_word' id='word_1_133' title='bbox 404 1773 587 1843; x_wconf 82' lang='grc' dir='ltr'><strong><em>Ικαρτερεῖν</em></strong></span> <span class='ocrx_word' id='word_1_134' title='bbox 610 1760 664 1825; x_wconf 78' lang='grc' dir='ltr'><strong><em>καί</em></strong></span> <span class='ocrx_word' id='word_1_135' title='bbox 684 1755 861 1843; x_wconf 87' lang='grc' dir='ltr'><strong><em>ἀνέχεσθαι</em></strong></span> <span class='ocrx_word' id='word_1_136' title='bbox 886 1756 965 1836; x_wconf 84' lang='grc' dir='ltr'><strong><em>τούς</em></strong></span> <span class='ocrx_word' id='word_1_137' title='bbox 986 1759 1113 1839; x_wconf 88' lang='grc' dir='ltr'><strong><em>πόνους</em></strong></span> <span class='ocrx_word' id='word_1_138' title='bbox 1132 1760 1242 1829; x_wconf 82' lang='grc' dir='ltr'><strong><em>πολλὰ</em></strong></span> 
     </span>
     <span class='ocr_line' id='line_1_17' title="bbox 166 1854 1243 1946; baseline 0.001 -21"><span class='ocrx_word' id='word_1_139' title='bbox 166 1879 217 1932; x_wconf 75' lang='lat'><strong><em>320</em></strong></span> <span class='ocrx_word' id='word_1_140' title='bbox 236 1859 432 1938; x_wconf 87' lang='grc' dir='ltr'><strong><em>διεξιόντας,</em></strong></span> <span class='ocrx_word' id='word_1_141' title='bbox 450 1862 517 1946; x_wconf 81' lang='grc' dir='ltr'><strong><em>ίδίᾳ</em></strong></span> <span class='ocrx_word' id='word_1_142' title='bbox 529 1856 564 1926; x_wconf 71' lang='grc' dir='ltr'><strong><em>δὲ</em></strong></span> <span class='ocrx_word' id='word_1_143' title='bbox 579 1857 640 1942; x_wconf 88' lang='grc' dir='ltr'><strong><em>τῆν</em></strong></span> <span class='ocrx_word' id='word_1_144' title='bbox 649 1854 794 1942; x_wconf 82' lang='grc' dir='ltr'><strong><em>Ἡδονήν</em></strong></span> <span class='ocrx_word' id='word_1_145' title='bbox 804 1857 1065 1944; x_wconf 84' lang='grc' dir='ltr'><strong><em>θεραπεύοντας,</em></strong></span> <span class='ocrx_word' id='word_1_146' title='bbox 1081 1860 1136 1928; x_wconf 82' lang='grc' dir='ltr'><strong><em>καὶ</em></strong></span> <span class='ocrx_word' id='word_1_147' title='bbox 1147 1863 1243 1946; x_wconf 87' lang='grc' dir='ltr'><strong><em>μέχρι</em></strong></span> 
     </span>
     <span class='ocr_line' id='line_1_18' title="bbox 236 1954 1244 2043; baseline 0.002 -20"><span class='ocrx_word' id='word_1_148' title='bbox 236 1961 298 2042; x_wconf 80' lang='grc' dir='ltr'><strong><em>μὲν</em></strong></span> <span class='ocrx_word' id='word_1_149' title='bbox 313 1963 374 2023; x_wconf 86' lang='grc' dir='ltr'><strong><em>τοῦ</em></strong></span> <span class='ocrx_word' id='word_1_150' title='bbox 395 1957 500 2041; x_wconf 89' lang='grc' dir='ltr'><strong><em>λόγου</em></strong></span> <span class='ocrx_word' id='word_1_151' title='bbox 515 1957 807 2041; x_wconf 83' lang='grc' dir='ltr'><strong><em>νεανιευομένους,</em></strong></span> <span class='ocrx_word' id='word_1_152' title='bbox 831 1965 917 2023; x_wconf 88' lang='grc' dir='ltr'><strong><em>οίκοι</em></strong></span> <span class='ocrx_word' id='word_1_153' title='bbox 937 1954 973 2023; x_wconf 74' lang='grc' dir='ltr'><strong><em>δέ</em></strong></span> <span class='ocrx_word' id='word_1_154' title='bbox 990 1956 1072 2024; x_wconf 89' lang='grc' dir='ltr'><strong><em>κατά</em></strong></span> <span class='ocrx_word' id='word_1_155' title='bbox 1088 1955 1167 2035; x_wconf 87' lang='grc' dir='ltr'><strong><em>τούς</em></strong></span> <span class='ocrx_word' id='word_1_156' title='bbox 1183 1967 1244 2043; x_wconf 91' lang='grc' dir='ltr'><strong><em>τῆς</em></strong></span> 
     </span>
     <span class='ocr_line' id='line_1_19' title="bbox 229 2053 1242 2140; baseline -0.001 -18"><span class='ocrx_word' id='word_1_157' title='bbox 229 2053 371 2140; x_wconf 81' lang='grc' dir='ltr'><strong><em>Ἡδονῆς</em></strong></span> <span class='ocrx_word' id='word_1_158' title='bbox 381 2053 507 2140; x_wconf 92' lang='grc' dir='ltr'><strong><em>νόμους</em></strong></span> <span class='ocrx_word' id='word_1_159' title='bbox 519 2063 686 2140; x_wconf 82' lang='grc' dir='ltr'><strong><em>βιοῦντας,</em></strong></span> <span class='ocrx_word' id='word_1_160' title='bbox 703 2057 964 2140; x_wconf 81' lang='grc' dir='ltr'><strong><em>αἰσχυνομένους</em></strong></span> <span class='ocrx_word' id='word_1_161' title='bbox 974 2056 1035 2139; x_wconf 75' lang='grc' dir='ltr'><strong><em>μέν</em></strong></span> <span class='ocrx_word' id='word_1_162' title='bbox 1048 2061 1078 2123; x_wconf 86' lang='grc' dir='ltr'><strong><em>εί</em></strong></span> <span class='ocrx_word' id='word_1_163' title='bbox 1087 2063 1242 2140; x_wconf 89' lang='grc' dir='ltr'><strong><em>φανοῦν-</em></strong></span> 
     </span>
     <span class='ocr_line' id='line_1_20' title="bbox 235 2150 1244 2240; baseline 0.001 -21"><span class='ocrx_word' id='word_1_164' title='bbox 235 2180 288 2220; x_wconf 89' lang='grc' dir='ltr'><strong><em>ται</em></strong></span> <span class='ocrx_word' id='word_1_165' title='bbox 303 2159 466 2236; x_wconf 81' lang='grc' dir='ltr'><strong><em>χαλῶντες</em></strong></span> <span class='ocrx_word' id='word_1_166' title='bbox 481 2159 542 2218; x_wconf 88' lang='grc' dir='ltr'><strong><em>τοῦ</em></strong></span> <span class='ocrx_word' id='word_1_167' title='bbox 559 2152 662 2218; x_wconf 87' lang='grc' dir='ltr'><strong><em>τόνου</em></strong></span> <span class='ocrx_word' id='word_1_168' title='bbox 678 2153 733 2219; x_wconf 80' lang='grc' dir='ltr'><strong><em>καὶ</em></strong></span> <span class='ocrx_word' id='word_1_169' title='bbox 748 2153 965 2235; x_wconf 88' lang='grc' dir='ltr'><strong><em>προδιδόντες</em></strong></span> <span class='ocrx_word' id='word_1_170' title='bbox 979 2150 1016 2220; x_wconf 89' lang='grc' dir='ltr'><strong><em>τό</em></strong></span> <span class='ocrx_word' id='word_1_171' title='bbox 1033 2153 1155 2240; x_wconf 91' lang='grc' dir='ltr'><strong><em>δόγμα,</em></strong></span> <span class='ocrx_word' id='word_1_172' title='bbox 1178 2181 1244 2221; x_wconf 88' lang='grc' dir='ltr'><strong><em>πε-</em></strong></span> 
     </span>
     <span class='ocr_line' id='line_1_21' title="bbox 235 2247 1243 2338; baseline 0.004 -21"><span class='ocrx_word' id='word_1_173' title='bbox 235 2251 404 2328; x_wconf 88' lang='grc' dir='ltr'><strong><em>πονθότας</em></strong></span> <span class='ocrx_word' id='word_1_174' title='bbox 419 2249 455 2317; x_wconf 78' lang='grc' dir='ltr'><strong><em>δὲ</em></strong></span> <span class='ocrx_word' id='word_1_175' title='bbox 470 2247 610 2328; x_wconf 87' lang='grc' dir='ltr'><strong><em>ἀθλίους</em></strong></span> <span class='ocrx_word' id='word_1_176' title='bbox 624 2250 663 2316; x_wconf 86' lang='grc' dir='ltr'><strong><em>τὸ</em></strong></span> <span class='ocrx_word' id='word_1_177' title='bbox 680 2277 741 2317; x_wconf 94' lang='grc' dir='ltr'><strong><em>τον</em></strong></span> <span class='ocrx_word' id='word_1_178' title='bbox 728 2250 942 2336; x_wconf 82' lang='grc' dir='ltr'><strong><em>Ταντάλου,</em></strong></span> <span class='ocrx_word' id='word_1_179' title='bbox 959 2280 1013 2319; x_wconf 91' lang='grc' dir='ltr'><strong><em>και</em></strong></span> <span class='ocrx_word' id='word_1_180' title='bbox 1002 2249 1147 2321; x_wconf 78' lang='grc' dir='ltr'><strong><em>ἐνθα”</em></strong></span> <span class='ocrx_word' id='word_1_181' title='bbox 1125 2280 1169 2320; x_wconf 93' lang='grc' dir='ltr'><strong><em>αν</em></strong></span> <span class='ocrx_word' id='word_1_182' title='bbox 1180 2257 1243 2338; x_wconf 89' lang='grc' dir='ltr'><strong><em>λη’-</em></strong></span> 
     </span>
     <span class='ocr_line' id='line_1_22' title="bbox 235 2346 1244 2437; baseline 0.003 -21"><span class='ocrx_word' id='word_1_183' title='bbox 235 2372 307 2417; x_wconf 87' lang='grc' dir='ltr'><strong><em>σειν</em></strong></span> <span class='ocrx_word' id='word_1_184' title='bbox 317 2375 373 2416; x_wconf 88' lang='grc' dir='ltr'><strong><em>και</em></strong></span> <span class='ocrx_word' id='word_1_185' title='bbox 362 2346 543 2434; x_wconf 83' lang='grc' dir='ltr'><strong><em>ασφαλως</em></strong></span> <span class='ocrx_word' id='word_1_186' title='bbox 555 2371 807 2436; x_wconf 89' lang='grc' dir='ltr'><strong><em>παρανομησειν</em></strong></span> <span class='ocrx_word' id='word_1_187' title='bbox 816 2352 972 2417; x_wconf 86' lang='grc' dir='ltr'><strong><em>ἐλπισωσι</em></strong></span> <span class='ocrx_word' id='word_1_188' title='bbox 981 2351 1159 2435; x_wconf 90' lang='grc' dir='ltr'><strong><em>χανδον</em></strong></span> <span class='ocrx_word' id='word_1_189' title='bbox 1142 2378 1244 2437; x_wconf 89' lang='grc' dir='ltr'><strong><em>εμπι</em></strong></span> 
     </span>
     <span class='ocr_line' id='line_1_23' title="bbox 233 2442 1246 2536; baseline 0.003 -21"><span class='ocrx_word' id='word_1_190' title='bbox 233 2451 422 2535; x_wconf 87' lang='grc' dir='ltr'><strong><em>πλαμένονς</em></strong></span> <span class='ocrx_word' id='word_1_191' title='bbox 438 2475 499 2515; x_wconf 92' lang='grc' dir='ltr'><strong><em>τον</em></strong></span> <span class='ocrx_word' id='word_1_192' title='bbox 486 2446 618 2534; x_wconf 79' lang='grc' dir='ltr'><strong><em>ἡδέος.</em></strong></span> <span class='ocrx_word' id='word_1_193' title='bbox 642 2455 672 2517; x_wconf 87' lang='grc' dir='ltr'><strong><em>εί</em></strong></span> <span class='ocrx_word' id='word_1_194' title='bbox 685 2456 771 2534; x_wconf 87' lang='grc' dir='ltr'><strong><em>γοῦν</em></strong></span> <span class='ocrx_word' id='word_1_195' title='bbox 786 2475 835 2526; x_wconf 90' lang='grc' dir='ltr'><strong><em>τις</em></strong></span> <span class='ocrx_word' id='word_1_196' title='bbox 848 2445 961 2526; x_wconf 87' lang='grc' dir='ltr'><strong><em>αύτοῐς</em></strong></span> <span class='ocrx_word' id='word_1_197' title='bbox 974 2448 1035 2516; x_wconf 89' lang='grc' dir='ltr'><strong><em>τόν</em></strong></span> <span class='ocrx_word' id='word_1_198' title='bbox 1048 2477 1109 2518; x_wconf 86' lang='grc' dir='ltr'><strong><em>του</em></strong></span> <span class='ocrx_word' id='word_1_199' title='bbox 1096 2442 1246 2536; x_wconf 84' lang='grc' dir='ltr'><strong><em>Γύγου</em></strong></span> 
     </span>
     <span class='ocr_line' id='line_1_24' title="bbox 234 2544 1302 2636; baseline -0.002 -20"><span class='ocrx_word' id='word_1_200' title='bbox 234 2549 413 2616; x_wconf 90' lang='grc' dir='ltr'><strong><em>δακτύλιον</em></strong></span> <span class='ocrx_word' id='word_1_201' title='bbox 427 2553 568 2632; x_wconf 81' lang='grc' dir='ltr'><strong><em>ἔδωκεν,</em></strong></span> <span class='ocrx_word' id='word_1_202' title='bbox 586 2546 629 2626; x_wconf 79' lang='grc' dir='ltr'><strong><em>ὡς</em></strong></span> <span class='ocrx_word' id='word_1_203' title='bbox 643 2550 886 2633; x_wconf 86' lang='grc' dir='ltr'><strong><em>περιθεμένους</em></strong></span> <span class='ocrx_word' id='word_1_204' title='bbox 904 2544 948 2632; x_wconf 86' lang='grc' dir='ltr'><strong><em>μή</em></strong></span> <span class='ocrx_word' id='word_1_205' title='bbox 962 2545 1123 2631; x_wconf 83' lang='grc' dir='ltr'><strong><em>ὁρᾶσθαι,</em></strong></span> <span class='ocrx_word' id='word_1_206' title='bbox 1141 2544 1163 2635; x_wconf 85' lang='grc' dir='ltr'><strong><em>ή</em></strong></span> <span class='ocrx_word' id='word_1_207' title='bbox 1177 2548 1243 2636; x_wconf 88' lang='grc' dir='ltr'><strong><em>τῆν</em></strong></span> <span class='ocrx_word' id='word_1_208' title='bbox 1301 2560 1302 2577; x_wconf 69' lang='grc'>’</span> 
     </span>
     <span class='ocr_line' id='line_1_25' title="bbox 233 2642 1244 2734; baseline -0.001 -18"><span class='ocrx_word' id='word_1_209' title='bbox 233 2657 294 2716; x_wconf 92' lang='grc' dir='ltr'><strong><em>τοῦ</em></strong></span> <span class='ocrx_word' id='word_1_210' title='bbox 303 2648 411 2726; x_wconf 79' lang='grc' dir='ltr'><strong><em>’Ἇῑδος</em></strong></span> <span class='ocrx_word' id='word_1_211' title='bbox 425 2657 549 2734; x_wconf 82' lang='grc' dir='ltr'><strong><em>κυνῆν,</em></strong></span> <span class='ocrx_word' id='word_1_212' title='bbox 572 2642 610 2716; x_wconf 88' lang='grc' dir='ltr'><strong><em>εύ</em></strong></span> <span class='ocrx_word' id='word_1_213' title='bbox 628 2645 691 2716; x_wconf 80' lang='grc' dir='ltr'><strong><em>οἷδ’</em></strong></span> <span class='ocrx_word' id='word_1_214' title='bbox 708 2645 759 2714; x_wconf 85' lang='grc' dir='ltr'><strong><em>ότι</em></strong></span> <span class='ocrx_word' id='word_1_215' title='bbox 773 2643 884 2730; x_wconf 88' lang='grc' dir='ltr'><strong><em>μακρά</em></strong></span> <span class='ocrx_word' id='word_1_216' title='bbox 900 2652 1028 2730; x_wconf 83' lang='grc' dir='ltr'><strong><em>χαίρειν</em></strong></span> <span class='ocrx_word' id='word_1_217' title='bbox 1041 2663 1109 2724; x_wconf 83' lang='grc' dir='ltr'><strong><em>τοῖς</em></strong></span> <span class='ocrx_word' id='word_1_218' title='bbox 1124 2647 1244 2724; x_wconf 91' lang='grc' dir='ltr'><strong><em>πόνοις</em></strong></span> 
     </span>
     <span class='ocr_line' id='line_1_26' title="bbox 234 2741 1242 2834; baseline -0.002 -20"><span class='ocrx_word' id='word_1_219' title='bbox 234 2745 421 2834; x_wconf 80' lang='grc' dir='ltr'><strong><em>φράσαντες</em></strong></span> <span class='ocrx_word' id='word_1_220' title='bbox 438 2749 489 2814; x_wconf 82' lang='grc' dir='ltr'><strong><em>ἐπὶ</em></strong></span> <span class='ocrx_word' id='word_1_221' title='bbox 511 2745 572 2832; x_wconf 85' lang='grc' dir='ltr'><strong><em>τῆν</em></strong></span> <span class='ocrx_word' id='word_1_222' title='bbox 590 2744 734 2831; x_wconf 87' lang='grc' dir='ltr'><strong><em>Ἡδονήν</em></strong></span> <span class='ocrx_word' id='word_1_223' title='bbox 755 2743 909 2813; x_wconf 76' lang='grc' dir='ltr'><strong><em>ὠθοῦντο</em></strong></span> <span class='ocrx_word' id='word_1_224' title='bbox 930 2741 973 2810; x_wconf 84' lang='grc' dir='ltr'><strong><em>ἀν</em></strong></span> <span class='ocrx_word' id='word_1_225' title='bbox 989 2750 1042 2813; x_wconf 85' lang='grc' dir='ltr'><strong><em>καὶ</em></strong></span> <span class='ocrx_word' id='word_1_226' title='bbox 1060 2749 1242 2832; x_wconf 82' lang='grc' dir='ltr'><strong><em>ἐμιμοῦντο</em></strong></span> 
     </span>
     <span class='ocr_line' id='line_1_27' title="bbox 233 2842 1243 2930; baseline -0.002 -17"><span class='ocrx_word' id='word_1_227' title='bbox 233 2846 376 2923; x_wconf 80' lang='grc' dir='ltr'><strong><em>ἅπαντες</em></strong></span> <span class='ocrx_word' id='word_1_228' title='bbox 390 2843 451 2911; x_wconf 87' lang='grc' dir='ltr'><strong><em>τόν</em></strong></span> <span class='ocrx_word' id='word_1_229' title='bbox 462 2846 664 2927; x_wconf 91' lang='grc' dir='ltr'><strong><em>Διονύσιον,</em></strong></span> <span class='ocrx_word' id='word_1_230' title='bbox 680 2843 717 2922; x_wconf 81' lang='grc' dir='ltr'><strong><em>ὃς</em></strong></span> <span class='ocrx_word' id='word_1_231' title='bbox 732 2847 824 2930; x_wconf 89' lang='grc' dir='ltr'><strong><em>μέχρι</em></strong></span> <span class='ocrx_word' id='word_1_232' title='bbox 840 2842 902 2928; x_wconf 71' lang='grc' dir='ltr'><strong><em>μὲν</em></strong></span> <span class='ocrx_word' id='word_1_233' title='bbox 916 2850 973 2929; x_wconf 90' lang='grc' dir='ltr'><strong><em>τῆς</em></strong></span> <span class='ocrx_word' id='word_1_234' title='bbox 987 2844 1091 2910; x_wconf 91' lang='grc' dir='ltr'><strong><em>νόσου</em></strong></span> <span class='ocrx_word' id='word_1_235' title='bbox 1104 2843 1243 2930; x_wconf 78' lang='grc' dir='ltr'><strong><em>ἤλπιζεν</em></strong></span> 
     </span>
     <span class='ocr_line' id='line_1_28' title="bbox 234 2941 1242 3029; baseline 0.001 -19"><span class='ocrx_word' id='word_1_236' title='bbox 234 2943 417 3029; x_wconf 78' lang='grc' dir='ltr'><strong><em>ὠφελήσειν</em></strong></span> <span class='ocrx_word' id='word_1_237' title='bbox 428 2971 459 3010; x_wconf 86' lang='grc' dir='ltr'><strong><em>τι</em></strong></span> <span class='ocrx_word' id='word_1_238' title='bbox 472 2941 576 3010; x_wconf 76' lang='grc' dir='ltr'><strong><em>αὐτὸν</em></strong></span> <span class='ocrx_word' id='word_1_239' title='bbox 584 2942 663 3022; x_wconf 83' lang='grc' dir='ltr'><strong><em>τοῦς</em></strong></span> <span class='ocrx_word' id='word_1_240' title='bbox 673 2944 748 3024; x_wconf 82' lang='grc' dir='ltr'><strong><em>περὶ</em></strong></span> <span class='ocrx_word' id='word_1_241' title='bbox 758 2951 816 3028; x_wconf 91' lang='grc' dir='ltr'><strong><em>τῆς</em></strong></span> <span class='ocrx_word' id='word_1_242' title='bbox 827 2948 1000 3026; x_wconf 90' lang='grc' dir='ltr'><strong><em>καρτερίας</em></strong></span> <span class='ocrx_word' id='word_1_243' title='bbox 1011 2942 1147 3028; x_wconf 87' lang='grc' dir='ltr'><strong><em>λόγους·</em></strong></span> <span class='ocrx_word' id='word_1_244' title='bbox 1169 2946 1242 3012; x_wconf 83' lang='grc' dir='ltr'><strong><em>ἐπεὶ</em></strong></span> 
     </span>
     <span class='ocr_line' id='line_1_29' title="bbox 235 3039 1242 3126; baseline 0 -18"><span class='ocrx_word' id='word_1_245' title='bbox 235 3041 270 3108; x_wconf 75' lang='grc' dir='ltr'><strong><em>δὲ</em></strong></span> <span class='ocrx_word' id='word_1_246' title='bbox 292 3040 415 3126; x_wconf 87' lang='grc' dir='ltr'><strong><em>ήλγησε</em></strong></span> <span class='ocrx_word' id='word_1_247' title='bbox 436 3044 491 3108; x_wconf 80' lang='grc' dir='ltr'><strong><em>καὶ</em></strong></span> <span class='ocrx_word' id='word_1_248' title='bbox 505 3041 642 3126; x_wconf 80' lang='grc' dir='ltr'><strong><em>ἐνόσησε</em></strong></span> <span class='ocrx_word' id='word_1_249' title='bbox 658 3043 713 3110; x_wconf 85' lang='grc' dir='ltr'><strong><em>καὶ</em></strong></span> <span class='ocrx_word' id='word_1_250' title='bbox 729 3039 747 3108; x_wconf 87' lang='grc' dir='ltr'>ὁ</span> <span class='ocrx_word' id='word_1_251' title='bbox 765 3042 868 3119; x_wconf 91' lang='grc' dir='ltr'><strong><em>πόνος</em></strong></span> <span class='ocrx_word' id='word_1_252' title='bbox 890 3040 1113 3126; x_wconf 88' lang='grc' dir='ltr'><strong><em>ἀληθέστερος</em></strong></span> <span class='ocrx_word' id='word_1_253' title='bbox 1133 3040 1242 3108; x_wconf 80' lang='grc' dir='ltr'><strong><em>αὐτοῦ</em></strong></span> 
     </span>
     <span class='ocr_line' id='line_1_30' title="bbox 234 3135 1241 3228; baseline -0.001 -20"><span class='ocrx_word' id='word_1_254' title='bbox 234 3146 409 3222; x_wconf 90' lang='grc' dir='ltr'><strong><em>καθίκετο,</em></strong></span> <span class='ocrx_word' id='word_1_255' title='bbox 431 3136 514 3207; x_wconf 76' lang='grc' dir='ltr'><strong><em>ίδάν</em></strong></span> <span class='ocrx_word' id='word_1_256' title='bbox 535 3135 572 3206; x_wconf 86' lang='grc' dir='ltr'><strong><em>τό</em></strong></span> <span class='ocrx_word' id='word_1_257' title='bbox 589 3146 684 3225; x_wconf 82' lang='grc' dir='ltr'><strong><em>σῶμα</em></strong></span> <span class='ocrx_word' id='word_1_258' title='bbox 698 3139 736 3213; x_wconf 82' lang='grc' dir='ltr'><strong><em>τό</em></strong></span> <span class='ocrx_word' id='word_1_259' title='bbox 752 3142 873 3208; x_wconf 82' lang='grc' dir='ltr'><strong><em>ἑαυτοῦ</em></strong></span> <span class='ocrx_word' id='word_1_260' title='bbox 893 3138 1182 3226; x_wconf 88' lang='grc' dir='ltr'><strong><em>ἀντιφιλοσοφοῦν</em></strong></span> <span class='ocrx_word' id='word_1_261' title='bbox 1200 3162 1241 3228; x_wconf 76' lang='grc' dir='ltr'><strong><em>τη</em></strong></span> 
     </span>
     <span class='ocr_line' id='line_1_31' title="bbox 236 3235 1241 3329; baseline -0.003 -20"><span class='ocrx_word' id='word_1_262' title='bbox 236 3246 325 3328; x_wconf 78' lang='grc' dir='ltr'><strong><em>Στοᾷ</em></strong></span> <span class='ocrx_word' id='word_1_263' title='bbox 346 3241 400 3306; x_wconf 77' lang='grc' dir='ltr'><strong><em>καὶ</em></strong></span> <span class='ocrx_word' id='word_1_264' title='bbox 421 3235 579 3306; x_wconf 88' lang='grc' dir='ltr'><strong><em>τάναντία</em></strong></span> <span class='ocrx_word' id='word_1_265' title='bbox 596 3243 791 3324; x_wconf 80' lang='grc' dir='ltr'><strong><em>δογματίζον</em></strong></span> <span class='ocrx_word' id='word_1_266' title='bbox 813 3238 902 3329; x_wconf 77' lang='grc' dir='ltr'><strong><em>αύτῷ</em></strong></span> <span class='ocrx_word' id='word_1_267' title='bbox 918 3247 1046 3324; x_wconf 80' lang='grc' dir='ltr'><strong><em>μᾶλλον</em></strong></span> <span class='ocrx_word' id='word_1_268' title='bbox 1065 3235 1087 3324; x_wconf 83' lang='grc' dir='ltr'><strong><em>ῆ</em></strong></span> <span class='ocrx_word' id='word_1_269' title='bbox 1107 3241 1241 3317; x_wconf 90' lang='grc' dir='ltr'><strong><em>τούτοις</em></strong></span> 
     </span>
     <span class='ocr_line' id='line_1_32' title="bbox 234 3333 1241 3427; baseline -0.001 -21"><span class='ocrx_word' id='word_1_270' title='bbox 234 3345 404 3408; x_wconf 81' lang='grc' dir='ltr'><strong><em>ἐπίστευσε</em></strong></span> <span class='ocrx_word' id='word_1_271' title='bbox 421 3341 475 3405; x_wconf 79' lang='grc' dir='ltr'><strong><em>καὶ</em></strong></span> <span class='ocrx_word' id='word_1_272' title='bbox 496 3343 581 3427; x_wconf 74' lang='grc' dir='ltr'><strong><em>ἐγνω</em></strong></span> <span class='ocrx_word' id='word_1_273' title='bbox 603 3337 783 3422; x_wconf 75' lang='grc' dir='ltr'><strong><em>ἅνθρωπος</em></strong></span> <span class='ocrx_word' id='word_1_274' title='bbox 800 3333 848 3405; x_wconf 77' lang='grc' dir='ltr'><strong><em>ω”ν</em></strong></span> <span class='ocrx_word' id='word_1_275' title='bbox 868 3339 924 3404; x_wconf 82' lang='grc' dir='ltr'><strong><em>καὶ</em></strong></span> <span class='ocrx_word' id='word_1_276' title='bbox 938 3334 1126 3420; x_wconf 69' lang='grc' dir='ltr'><strong><em>ἀνθρώπου</em></strong></span> <span class='ocrx_word' id='word_1_277' title='bbox 1143 3345 1241 3423; x_wconf 79' lang='grc' dir='ltr'><strong><em>σῶμα</em></strong></span> 
     </span>
    </p>
   </div>
   <div class='ocr_carea' id='block_1_3' title="bbox 0 0 1318 4092">
    <p class='ocr_par' dir='ltr' id='par_1_3' title="bbox 0 0 1318 4092">
     <span class='ocr_line' id='line_1_33' title="bbox 0 0 1318 4092; baseline 0 0"><span class='ocrx_word' id='word_1_278' title='bbox 0 0 1318 4092; x_wconf 95' lang='lat' dir='ltr'><strong><em> </em></strong></span> 
     </span>
    </p>
   </div>
  </div>
 </body>
</html>
