2625 4092
211 296 900 357 ΔΗΜΟΣΘΕΝΟΤΣΕΓΚΩΜΙΟΝ.
994 296 1058 361 379

52 467 124 525 κλεῑ
139 456 175 525 δὲ
191 452 227 523 τδ
244 455 417 542 φρόνημα,
434 456 591 540 ἐκτήσατο
606 463 694 541 γοῦν
708 451 822 534 αὐτοῖς
836 453 973 524 ἀκούειν
987 457 1057 525 Εὔ-

50 564 165 643 βοιαν,
189 555 349 640 Μέγαρα,
367 554 407 622 τά
423 555 500 639 περὶ
516 552 578 621 τδν
592 552 855 640 Ἑλλήσποντον,
874 552 938 640 τήν
950 562 1058 637 Βοιω-

50 661 134 721 τίαν.
157 652 211 720 καὶ
222 659 330 731 καλιις
342 678 390 737 γε,
408 656 483 737 ἔφη,
499 657 655 719 ποιοῦσιν
666 648 838 737 Ἀθηναῖοι
846 652 984 737 Χάρητα
997 651 1058 737 μὲν

50 753 105 818 καί
121 759 311 836 Διοπείθην
335 752 389 818 καὶ
403 749 578 831 Πρόξενον
597 753 651 818 καὶ
672 750 844 828 τοιούτους
862 748 956 827 τινάς
973 747 1058 835 ἀπο-

51 849 242 926 δεικνύντες
256 852 467 931 στρατηγεῖν,
482 850 712 932 Δημοσθένην
726 847 762 914 δέ
774 856 853 915 είσοι
865 850 1057 932 κατέχοντες

50 950 104 1015 ἐπὶ
124 953 185 1014 τοῦ
205 946 360 1033 βήματος.
391 942 436 1021 ὥς
460 950 491 1013 εί
513 951 632 1011 τοῦτον
655 942 714 1010 τδν
737 942 922 1027 ἀνθρωπον
943 942 1057 1011 ὅπλων

49 1047 228 1134 ἀπέφηναν
238 1050 292 1115 καί
302 1054 390 1113 νεῶν
401 1046 455 1113 καὶ
465 1048 699 1127 στρατοπέδων
708 1048 764 1113 καὶ
774 1052 902 1129 καιρῶν
912 1045 967 1111 καί
976 1069 1057 1129 χρη·

49 1146 166 1232 μάτων
181 1145 318 1231 κύριον,
339 1142 430 1213 ὀκνῶ
446 1140 490 1230 μή
508 1146 654 1230 περὶτῆς
669 1149 883 1221 Μακεδονίας
900 1142 945 1210 ἀν
960 1147 1057 1212 ’κατέ-

50 1248 152 1330 στησέ
165 1272 221 1329 μοι
235 1242 296 1311 τδν
310 1244 430 1330 λόγον,
445 1243 481 1322 ὃς
492 1245 547 1313 καὶ
562 1252 628 1312 νῦν
639 1242 704 1312 ἀπδ
719 1245 944 1330 ψηφισμάτων
954 1241 1057 1310 ἀντα·

49 1344 271 1428 γωνιζύμενος
285 1340 364 1429 ἡμῖν
376 1350 546 1429 πανταχοῦ
560 1345 827 1430 συμπεριτρέχει,
845 1342 1058 1427 καταλαμβάὦ

49 1440 262 1526 νει,,πόρους
272 1438 434 1526 εὑρίσκει,
451 1441 596 1525 δύναμιν
610 1446 778 1527 συλλέγει,
793 1439 964 1526 ἐπιμήκεις
978 1439 1056 1508 στά-
1075 1450 1127 1505 619

49 1547 131 1615 λους
146 1534 350 1623 ἀποπέμπει,
369 1539 542 1607 σνντάττει
560 1542 736 1625 δυνάμεις,
753 1538 1033 1627 ἀντιμεθίσταται.

134 1640 184 1705 38.
211 1642 356 1703 Τοιαῦτα
374 1638 427 1704 καὶ
446 1636 518 1704 τότε
534 1640 587 1705 καὶ
603 1639 764 1716 πολλάκις
781 1638 864 1724 πρός
880 1663 921 1723 με
935 1643 1058 1705 Φίλιπ-

47 1759 112 1812 πος
128 1734 202 1815 περὶ
222 1730 364 1816 τάνδρὸς
383 1740 512 1819 ἔλεγεν,
533 1738 571 1803 ἓν
585 1743 653 1802 τῶν
673 1732 763 1817 παρά
781 1744 838 1823 τῆς
854 1736 955 1821 τύχης
975 1760 1057 1820 χρη-

47 1838 139 1898 στοάν
153 1834 328 1917 τιθέμενος
345 1833 381 1900 τὸ
398 1828 442 1917 μή
461 1848 655 1919 στρατηγεῖν
672 1832 733 1902 τδν
747 1837 992 1920 Δημοσθένην,
1013 1822 1057 1899 ού

47 1956 86 2013 γε
105 1927 252 2006 καὶτοὺς
268 1928 389 2014 λόγους
406 1929 516 2013 ὥσπερ
532 1928 682 2019 κριούςή
698 1933 903 2010 καταπέλτας
913 1930 1057 2017 Ἀθήνη-

47 2037 116 2093 θεν
131 2022 347 2111 ὁρμωμένους
368 2031 525 2095 διασείειν
541 2026 647 2096 αὐτοῦ
663 2032 719 2098 καὶ
732 2030 906 2113 ταράττειν
920 2027 958 2095 τά
974 2037 1058 2116 βου-

47 2120 211 2207 λεύμοιτα·
233 2124 309 2205 περὶ
322 2123 385 2209 μὲν
399 2122 463 2210 γάρ
475 2132 687 2208 Χαιρωνείας·
696 2127 775 2194 οὐδὲ
785 2123 867 2212 μετά
883 2124 945 2213 τήν
959 2132 1057 2210 νίκην

47 2220 190 2287 ἐπαύετο
205 2220 289 2303 πρὸς
303 2218 389 2307 ἡμᾶς
403 2225 511 2309 λέγων
527 2230 572 2303 είς
586 2224 669 2294 ὅσον
683 2225 866 2311 ἅνθρωπος
880 2223 965 2312 ήμᾶς
982 2249 1058 2292 κιν-

48 2321 157 2387 δύνου
173 2323 361 2405 κατέστησε.
378 2319 507 2408 καὶγὰρ
521 2321 638 2405 είπαρ’
653 2328 768 2392 ἐλπίδα
779 2328 834 2394 καὶ
845 2331 944 2411 κακία
955 2343 1058 2407 στραψ

47 2424 159 2504 τηγοῐν
175 2421 229 2486 καὶ
245 2428 455 2503 στρατιωτῶν
470 2418 583 2509 ἀταξίᾳ
596 2424 649 2489 καὶ
661 2432 699 2510 τή
713 2421 888 2510 παραδόξῳ
902 2424 989 2508 ῥοπή
1000 2428 1057 2505 τής

48 2520 151 2602 τύχης
164 2525 204 2605 τῇ
219 2520 326 2586 πολλὰ
340 2520 500 2598 πολλάκις
519 2517 599 2606 ἡμῖν
614 2523 880 2607 σννειργασμένη
896 2519 1058 2604 κεκρατή-

47 2640 174 2701 καμεν,
191 2612 264 2684 ἀλλ’
280 2620 332 2685 έπλ
350 2626 427 2704 μιᾶς
437 2644 476 2704 γε
490 2619 613 2705 ταύτης
623 2616 745 2704 ἡμέρας
758 2615 819 2686 τόν
833 2620 978 2702 περὶτῆς
995 2614 1057 2700 ἀρ-

47 2726 108 2802 χῆς
122 2717 178 2783 καὶ
195 2724 251 2801 τής
266 2726 372 2805 ψυχῆς
393 2723 554 2788 κίνδυνον
575 2720 733 2800 ἐπέστησέ
750 2744 822 2801 μοι,
846 2713 904 2793 τάς
922 2713 1058 2797 ἀρίστας

48 2817 163 2893 πόλεις
178 2823 224 2894 είς
243 2818 281 2884 ἓν
301 2814 503 2903 συναγαγών
517 2819 571 2884 καί
586 2824 699 2882 πᾶσαν
711 2811 980 2901 τήνἘλληνικήν
996 2814 1058 2880 δύ»

49 2938 153 2999 ναμιν
165 2910 343 3000 ἀθροίσας,
357 2912 557 3001 Ἀθηναίους
569 2914 636 3001 άμα
648 2918 702 2982 καὶ
711 2922 880 3002 Θηβαίους
891 2912 1058 2991 Βοιωτούς

48 3038 84 3079 τε
101 3009 180 3091 τούς
190 3010 312 3091 ἀλλους
324 3016 377 3081 καὶ
388 3020 595 3096 Κορινθίους
606 3012 755 3101 Εὐβοέας
765 3040 800 3082 τε
814 3015 870 3082 καὶ
883 3015 1058 3100 Μεγαρέας

48 3114 103 3178 καὶ
115 3107 155 3177 τά
164 3112 321 3196 κράτιστα
330 3122 388 3199 τῆς
397 3110 553 3193 Ἑλλάδος
564 3111 832 3190 διακινδυνεύειν
843 3112 1058 3198 συναναγκά-

49 3231 110 3287 σας
125 3210 179 3277 καὶ
194 3208 272 3295 μηδ’
289 3222 367 3280 είσω
381 3238 423 3298 με
439 3220 495 3297 τῆς
512 3210 655 3298 Ἀττικής
670 3215 847 3297 ἐπιτρέψας
864 3221 1057 3296 παρελθεῖν.

49 3314 101 3377 39.
118 3316 266 3378 τοιοῦτοί
276 3337 362 3389 τινες
372 3304 459 3397 ἦσαν
473 3310 563 3399 αὐτῷ
575 3326 722 3396 συνεχεῖς
731 3312 806 3397 περὶ
815 3313 1058 3396 Δημοσθένους

50 3411 85 3474 οί
98 3406 208 3493 λύγοι·
231 3410 286 3475 καί
302 3407 385 3491 πρός
405 3435 442 3494 γε
460 3406 537 3487 τούς
557 3413 714 3495 λέγοντας
732 3407 775 3491 ὡς
786 3413 895 3497 μέγαν
912 3414 980 3495 ἔχοι
995 3406 1057 3482 σδν
1075 3426 1127 3478 ⁶20

48 3506 237 3592 Ἀθηναίων
255 3512 362 3595 δῆμον
376 3506 642 3595 ἀνταγωνιστήν,
658 3506 746 3594 Ἐμοὶ
757 3509 981 3596 Δημοσθένης
994 3507 1058 3593 μό-
