2625 4092
301 319 387 378 ΛΙΣ
405 318 471 374 ΚΑ
481 317 897 379 ΤΗΓΟΡΟΤΜΕΝΟΣ.
1083 319 1103 379 3

93 472 208 558 ἀνέρες
223 479 465 560 ἱπποκορυσταὶ
478 475 615 545 εὕδουσι
630 475 826 563 παννύχιοι,
842 475 903 545 τόν
914 486 981 546 Δία
998 478 1034 546 δέ
1047 480 1103 565 ἐμὲ

93 571 155 640 ούκ
170 580 235 660 ἔχει
245 574 394 662 νήδυμος
408 573 523 652 ύπνος.
546 571 592 661 ήυ
602 575 667 660 γάρ
678 603 709 642 τι
720 578 775 641 καὶ
788 572 909 660 μικρὸν
923 576 1102 643 ἐπινυστά-

92 676 217 757 ξωμεν,
241 669 371 760 ἀληθής
383 669 489 752 εὐθύς
503 670 521 740 ὁ
542 670 750 758 Ἐπίκουρος,
772 671 1002 760 ἀπρονοήτους
1016 673 1102 760 ἡμᾶς

92 771 292 857 ἀποφαίνων
306 780 373 839 τῶν
389 774 441 840 ἐπὶ
455 779 516 859 γῆς
530 774 752 858 πραγμάτων,
769 769 853 839 καὶὸ
868 776 1026 849 κίνδυνος
1041 769 1103 838 οὐκ

93 869 400 956 εὐκαταφρόνητος,
428 875 458 938 εί
476 877 580 937 ταῦτα
605 875 638 938 οι*
663 867 841 952 ἀνθρωποι
867 870 1104 936 πιστεύσουσιν

92 965 194 1057 αύτῷ,
210 966 283 1035 ἀλλ’
299 965 530 1052 ἀστεφάνωτοι
546 967 609 1052 μὲν
623 965 704 1052 ἡμῖν
714 971 748 1034 οἱ
759 969 835 1033 ναοὶ
849 971 990 1050 ἔσονται,
1008 964 1104 1032 ἀκνί-

91 1088 192 1133 σωτοι
208 1067 243 1134 δέ
258 1070 295 1133 αί
307 1063 435 1153 ἀγυιαί,
452 1065 615 1134 ἀσπουδοι
630 1067 666 1133 δέ
681 1070 715 1132 οί
729 1073 906 1150 κρατῆρες,
929 1067 1049 1150 ψυχροὶ
1067 1065 1103 1130 δὲ

91 1168 126 1232 οί
137 1171 262 1250 βωμοί,
284 1167 339 1232 καὶ
361 1161 446 1243 ὅλως
461 1162 572 1231 ἀθντα
592 1167 647 1231 καὶ
663 1161 882 1247 ἀκαλλιέρητα
900 1163 1031 1246 [πάντα]
1048 1163 1103 1228 καὶ

90 1261 108 1329 ὁ
125 1261 220 1349 λιμός
239 1264 352 1342 πολύς.
381 1270 563 1348 τοιγαροῦν
578 1261 689 1344 ὥσπερ
712 1267 745 1329 οί
756 1267 959 1347 κυβερνήται
973 1256 1103 1344 ὑψηλός

89 1361 193 1446 μόνος
208 1363 260 1428 ἐπὶ
276 1368 333 1446 τῆς
348 1361 502 1446 πρύμνης
514 1364 634 1446 ἕστηκα
648 1357 686 1428 τό
703 1361 869 1446 πηδάλιον
883 1364 968 1444 ἔχων
979 1360 1016 1424 ἐν
1028 1373 1102 1425 ταῖν

89 1475 218 1545 χεροῖν,
245 1461 299 1526 καὶ
320 1464 354 1527 οέ
373 1459 434 1546 μέν
456 1459 551 1527 ἀλλοι
574 1458 727 1544 ἐπιβάται
753 1457 939 1542 μεθύοντες
959 1461 989 1523 εί
1007 1457 1101 1541 τύχοι

90 1558 373 1643 ἐγκαθεύδουσιν,
391 1555 455 1643 ἐγώ
471 1559 506 1624 δὲ
519 1556 690 1642 ἀγρυπνος
702 1559 756 1623 καὶ
768 1554 882 1634 ἀσιτος
894 1551 979 1637 ὑπὲρ
990 1550 1101 1619 ἀπάν-

90 1682 157 1723 των
177 1662 363 1743 μερμηρίζω
384 1654 467 1724 κατά
490 1660 597 1743 φρένα
620 1658 676 1724 καὶ
698 1654 782 1723 κατά
804 1652 919 1740 θυμόν
940 1654 1034 1744 μόυφ
1053 1660 1101 1741 τῷ

89 1754 250 1839 δεσπότης
273 1752 358 1822 εἶναι
380 1760 493 1822 δοκεῖν
512 1756 734 1840 τετιμημένος.
772 1759 801 1819 3.
826 1751 909 1818 ὥστε
928 1749 1033 1835 ήδέως
1057 1745 1101 1814 ἀν

89 1858 226 1938 ἐροίμην
243 1849 323 1931 τούς
340 1853 566 1937 φιλοσόφους,
583 1858 618 1919 οἳ
631 1851 757 1936 μόνους
771 1848 850 1928 τούς
866 1847 970 1928 θεούς
985 1847 1099 1916 εύδαι-
1118 1857 1169 1913 796

87 1956 298 2037 μονίζουσιν,
314 1946 414 2017 ὁπότε
431 1953 485 2018 καὶ
502 1948 672 2034 σχολάζειν
686 1947 771 2034 ήμάς
784 1956 831 2039 τῷ
846 1950 980 2032 νέκταρι
996 1947 1050 2014 καὶ
1061 1952 1100 2033 τῇ

88 2046 255 2138 ἀμβροσίᾳ
275 2054 446 2133 νομίζουσι
462 2056 564 2135 μυρία
580 2046 643 2114 ὅσα
658 2053 791 2132 ἔχοντας
810 2046 1003 2132 πράγματα·
1025 2045 1101 2112 ίδού

88 2148 130 2232 γέ
141 2173 192 2214 τοι
209 2143 267 2213 ὑπ’
289 2144 443 2232 ἀσχολίας
460 2147 623 2224 τοσαύτας
637 2147 762 2223 ἑώλους
779 2148 872 2223 δίκας
887 2144 1101 2228 φυλάττομεν

88 2242 310 2328 ἀποκειμένας
326 2242 385 2311 ὑπ’
403 2245 547 2329 εὐρῶτος
561 2244 624 2330 ήδη
642 2245 696 2310 καὶ
711 2241 879 2327 ἀραχνίων
894 2242 1100 2327 διεφθαρμέ-

88 2372 165 2429 νας,
187 2346 241 2411 καὶ
258 2345 400 2430 μάλιστα
416 2342 536 2412 ὁπόσαι
552 2340 611 2420 τάς
627 2341 805 2427 ἐπιστήμας
820 2343 874 2408 καὶ
889 2343 1004 2426 τέχνας
1017 2337 1101 2422 πρὸς

87 2439 294 2524 ἀνθρώπους
309 2440 404 2521 τινάς
420 2445 641 2527 ξυνέστησαν,
663 2441 756 2507 πάνυ
770 2438 912 2518 παλαιάς
932 2443 1021 2518 ἐνίας
1037 2437 1101 2505 αύ-

88 2550 166 2608 τῶυ.
201 2546 234 2609 οί
256 2541 290 2608 δὲ
316 2539 519 2626 κεκράγασιν
540 2537 775 2625 ἁπανταχόθεν
798 2541 853 2607 καὶ
873 2537 1100 2624 ἀγανακτοῦσι

88 2643 144 2708 καὶ
160 2637 221 2725 τήν
240 2645 336 2724 δίκην
356 2643 553 2726 ἐπιβοῶνται
574 2636 658 2723 κάμὲ
673 2645 730 2722 τῆς
744 2643 950 2759 βραδυτῆτος
965 2645 1100 2705 αἰτιῶν-

88 2767 159 2824 ται,
185 2735 388 2824 ἀγνοοῦντες
408 2736 452 2814 ιός
468 2736 530 2804 ούκ
546 2735 705 2824 ὀλιγωρία
720 2735 778 2814 τάς
793 2744 916 2820 κρίσεις
932 2734 1100 2822 ὑπερημέ-

88 2863 171 2921 ρους
196 2840 318 2955 ξυνέβη
340 2839 515 2922 γενέσθαι,
548 2833 622 2905 ἀλλ’
647 2832 713 2903 ὑπό
738 2843 796 2920 τῆς
817 2825 1100 2952 εὐδαιμονίας,
1077 2860 1098 2921 η

88 2930 268 3016 ξυνεῖναι“
253 2941 336 3020 ημᾶς
354 2933 650 3021 ὑπολαμβάνουσι·
672 2942 770 3000 τοῦτο
785 2930 850 3018 γάρ
864 2960 926 3017 την
941 2929 1099 3017 ἀσχολίαν

87 3040 237 3102 καλοῦσι.

172 3137 203 3199 4.
220 3139 390 3200 ΕΡΜΗΣ.
415 3137 479 3200 Καὶ
495 3132 609 3218 αὐτός,
629 3125 655 3198 ὦ
672 3140 755 3216 Ζεῦ,
774 3129 879 3198 πολλά
895 3139 1030 3197 τοιαῦτα
1046 3132 1098 3198 ἐπὶ

87 3251 145 3318 τῆς
154 3239 214 3318 γῆς
223 3229 370 3312 ἀκούσας
379 3233 668 3318 δυσχεραινόντων
677 3233 787 3315 λέγειν
796 3229 878 3312 πρὸς
887 3233 923 3297 σὲ
933 3229 994 3296 ούκ
1006 3231 1097 3298 ἐτόλ-

88 3359 171 3418 μων.
196 3335 263 3400 ἐπεὶ
280 3331 315 3399 δὲ
333 3331 376 3399 σύ
394 3336 467 3413 περὶ
481 3333 612 3398 τούτων
626 3328 705 3406 τούς
720 3327 842 3412 λόγους
858 3330 1025 3414 ἐνέβαλες,
1043 3333 1097 3396 καὶ

88 3429 129 3518 δή
149 3433 243 3517 λέγω.
264 3430 386 3508 πάντες
397 3428 622 3516 ἀγανακτοῦσι
638 3430 693 3496 καὶ
709 3426 970 3512 σχετλιάζουσιν,
988 3419 1014 3493 ά
1032 3429 1098 3493 πά-

89 3557 161 3615 τερ,
178 3532 233 3599 καλ
251 3533 282 3609 ἐς
298 3528 334 3597 τὸ
352 3527 501 3616 φανερόν
516 3531 576 3615 μὲν
594 3525 635 3595 ού
651 3532 795 3611 τολμῶσι
810 3526 934 3674 λέγεται,
953 3522 1095 3594 ὑποτον-
