2625 4092
217 283 282 347 ωε
559 288 887 364 [Ασνιιικιιον]

216 444 421 532 ἐποιούμεθα
432 451 510 532 νῦν,
525 442 609 514 ἀλλά
622 447 667 532 μή
680 448 755 530 περὶ
769 448 922 533 κάλλους,
939 450 1079 535 ήριιεσεν
1096 446 1140 519 ἀν
1154 448 1227 541 ἡμῖν

217 543 404 612 ἀκούσασιν
415 540 491 622 ἑνός
506 544 658 622 είπάντος
670 541 881 630 ἀπηλλάχθαι
894 549 970 628 περὶ
986 546 1108 616 αὐτοῦ·
1131 556 1227 617 τοῦτο

218 641 250 710 δ’
268 642 333 727 ἀρα
353 643 520 728 τοσαύτην
537 640 713 726 ἀφθονίαν
729 646 904 730 παρέχεται
926 657 994 724 τοῖς
1013 651 1230 733 βουλομένοις
1287 629 1288 652 ¹

219 739 385 808 ἅπτεσθαι
401 746 470 806 τῶν
482 742 558 821 περὶ
572 740 695 806 τούτου
709 741 838 824 λόγων,
855 738 933 808 ὥστ’
951 741 1036 828 ούιι,
1053 749 1085 810 εί
1093 745 1140 829 μή
1157 752 1231 809 κατ’

217 836 313 918 ἀξίαν
326 863 376 914 τις
390 839 537 922 ἐφίκοιτο
548 844 593 928 τῷ
609 837 715 928 λόμφ,
731 843 876 924 νομίζειν
890 844 1082 926 δυστυχεῖν,
1101 830 1174 910 ἀλλ’
1192 837 1231 927 ήν

218 934 303 1022 πρὸς
325 945 460 1015 πολλοῖς
480 934 593 1015 ἀλλοις
612 934 767 1015 κάκεῖνός
789 963 821 1004 τι
843 941 978 1028 δυνηθῇ
999 943 1231 1026 συμβαλέσθαι
1289 953 1290 956 ’

218 1031 304 1120 πρὸς
320 1032 400 1114 τούς
420 1038 596 1116 ἐπαίνους,
622 1043 680 1120 τῆς
699 1034 875 1120 ἀμείνονος
895 1046 1027 1105 οἴεσθαι
1048 1043 1232 1118 πειρᾶσθαι

219 1134 328 1220 τύχης.
351 1131 389 1201 τό
402 1131 468 1218 γάρ
479 1131 569 1200 οὕτω
579 1132 642 1218 μὲν
656 1140 848 1218 περιφανῶς
863 1131 932 1203 ὑπὸ
948 1141 1016 1202 τῶν
1030 1133 1233 1217 κρειττόνων

218 1233 451 1318 τετιμημένον,
477 1229 565 1298 οὕτω
581 1233 621 1298 δὲ
638 1245 707 1310 τοῖς
731 1229 927 1316 ἀνθρώποις
946 1243 1044 1300 θεῖον
1065 1236 1123 1300 καὶ
1140 1257 1233 1316 περι-

219 1331 445 1416 σπούδαστον,
461 1337 542 1399 πᾶσι
558 1330 594 1397 δὲ
607 1343 676 1408 τοῖς
690 1321 788 1396 ούσιν
803 1330 1007 1398 οἰκειότατον
1021 1329 1164 1416 κόσμον,
1183 1334 1234 1396 καὶ

219 1423 269 1506 οἷς
288 1427 349 1514 μὲν
370 1425 413 1495 ἀν
433 1436 522 1515 παρῇ
541 1426 631 1513 παρά
654 1427 790 1495 πάντων
811 1430 1107 1516 σπουδαζομένων,
1131 1421 1184 1497 οὖν
1205 1427 1234 1494 δ’

219 1525 397 1610 ἀφίσταται
406 1532 618 1613 μισουμένων
630 1529 685 1595 καὶ
696 1525 774 1594 ούδὲ
784 1533 1004 1615 προσβλέπειν
1012 1526 1234 1615 ἀξιουμένων,

217 1632 266 1704 τίς
276 1621 319 1693 ἀν
338 1635 389 1711 είη
407 1633 571 1693 τοσοῦτον
586 1626 698 1710 λόγων
714 1627 935 1712 μετεσχηκώς,
963 1625 1041 1693 ὥστ’
1063 1631 1234 1694 ἐπαινέσαι

218 1723 303 1806 πρός
314 1720 409 1804 ἀξίαν
420 1720 575 1808 άρκέσαι;
591 1721 632 1790 ού
644 1721 712 1809 μήν
722 1721 797 1791 ἀλλ’
809 1724 983 1811 ἐπειδήπερ
996 1723 1084 1792 ούτω
1098 1731 1236 1793 πολλιν
1291 1728 1292 1736 ’

147 1837 199 1895 σῃ
219 1820 312 1911 αὐτῷ
324 1825 374 1888 δεῖ
386 1830 454 1888 τῶν
467 1821 730 1903 ἐπαινεσάντων,
745 1819 829 1890 ὥστε
840 1822 935 1908 μόλις
946 1818 990 1889 ἀν
1001 1829 1059 1909 τῆς
1069 1821 1166 1904 ἀξίας
1177 1849 1234 1889 τυ-

217 1934 302 2005 χεῖν,
322 1917 422 1986 οὐδὲν
434 1917 570 1998 ἀπεικός
580 1918 732 2005 καλήμάς
743 1923 900 2007 ἐγχειρεῖν
911 1947 942 1986 τι
958 1923 1067 2006 λέγειν
1077 1922 1157 2006 περὶ
1174 1918 1235 1986 αό-
1292 1993 1293 2022 χ

217 2027 294 2102 τοῦ,
313 2016 494 2102 μέλλοντάς
512 2043 551 2101 γε
568 2019 650 2104 μετά
670 2025 805 2086 Φίλωνα
822 2027 990 2086 ποιεῖσθαι
1005 2016 1083 2097 τούς
1100 2019 1234 2103 λόγους.
1293 2025 1294 2102 λ

219 2115 307 2183 οὕτω
320 2114 358 2201 δή
371 2115 575 2202 σεμνότατον
586 2118 642 2184 καὶ
649 2117 827 2185 θειότατον
837 2122 905 2184 τόν
915 2115 1024 2185 ὄντων
1035 2119 1136 2201 ἐστίν,
1151 2116 1235 2186 ὥστε

222 2269 246 2281 ..
261 2268 288 2283 ..
307 2211 349 2282 ἵν’
363 2213 426 2280 ὅσα
437 2220 513 2283 θεολ
525 2215 648 2295 καλούς
656 2215 856 2302 τετιμήκασι,
868 2223 1068 2299 παραλείπω.
1093 2219 1145 2282 16.
1161 2211 1230 2280 ἀλλ’

219 2305 283 2380 οὖν
304 2315 341 2379 ἐν
358 2327 426 2391 τοῖς
443 2311 515 2380 ἀνω
532 2314 664 2399 χρόνοις
682 2319 717 2381 ἐκ
728 2313 810 2394 Διός
819 2311 929 2400 Ἑλένη
945 2315 1110 2400 γενομένη
1128 2311 1234 2389 οὕτως

219 2411 423 2498 ἐθαυμάσθη
435 2410 525 2496 παρά
542 2420 643 2479 πᾶσιν
655 2410 865 2498 ἀνθρώποις,
883 2409 964 2480 ὥστ’
974 2415 1021 2478 ἐτι
1036 2419 1094 2498 τῆς
1104 2409 1233 2498 ήλικίας
1291 2403 1294 2430 “

220 2504 329 2579 οὖσαν
339 2507 432 2590 ἐντός
443 2511 526 2578 κατά
537 2538 611 2577 τινα
621 2520 735 2598 χρείαν
746 2515 783 2579 ἐν
793 2510 1040 2600 Πελοποννήσῳ
1051 2509 1234 2596 γενόμενος

219 2607 237 2678 ό
251 2607 381 2697 Θησεύς
399 2610 488 2677 οὕτω
499 2618 557 2696 της
568 2608 656 2697 ὥρας
671 2607 911 2697 ίδώνήγάσθη,
930 2607 1008 2676 ὥστ’
1023 2608 1126 2695 οὔσης
1141 2605 1233 2697 αὐτῷ

218 2714 273 2780 καὶ
294 2716 462 2797 βασιλείας
479 2708 729 2798 ἀσφαλεστάτης
745 2713 799 2780 καὶ
821 2709 917 2798 δόξης
933 2709 975 2778 ού
991 2716 1048 2796 τῆς
1067 2711 1232 2796 τυχούσης

217 2809 307 2895 ὅμως
319 2807 381 2876 οὐκ
394 2807 475 2901 ᾤετο
487 2808 611 2896 βιωτὸν
628 2807 720 2895 αὐτῷ
732 2809 851 2897 ταύτης
865 2811 1087 2897 ἐστερημένῳ,
1108 2817 1233 2891 παρελ-

217 2917 294 2975 θεῖν
304 2908 340 2976 δέ
350 2909 476 2986 πάντας
487 2907 692 2997 εὐδαιμονίᾳ,
704 2913 735 2976 εί
741 2907 866 2994 ταύτην
876 2906 965 2996 αύτῷ
976 2908 1104 2993 γένοιτο
1115 2928 1233 2973 συνοι·

218 3023 299 3076 κεῖν.
332 3006 421 3074 ούτω
441 3009 476 3075 δὲ
494 3009 684 3093 διανοηθεὶς
704 3006 740 3075 τὸ
759 3007 820 3092 μὲν
845 3006 934 3091 παρὰ
952 3004 1156 3089 τοῦπατρὸς
1174 3013 1233 3073 λα-

218 3114 292 3194 βεῖν
309 3103 477 3189 άπειποόν,
499 3105 542 3193 μή
562 3103 625 3191 γάρ
647 3102 690 3173 άν
711 3102 815 3192 αύτήν
837 3101 940 3174 αὐτόν
959 3107 1115 3173 ἐκδοῦναι
1132 3102 1233 3190 μήπω

217 3199 347 3289 ήλικίας
357 3199 517 3288 ἡμμένην,
532 3199 638 3289 τήνδ’
650 3201 755 3289 ἀρχήν
765 3201 1022 3289 ὑπερφρονήσας
1033 3205 1169 3268 ἐκείνου
1181 3203 1232 3267 καὶ

219 3301 387 3388 παριδών,
405 3301 612 3389 ὀλιγωρήσας
624 3303 661 3370 δὲ
679 3302 734 3371 καὶ
750 3309 817 3370 τοῖν
833 3306 870 3370 ἐν
880 3299 1130 3389 Πελοποννήσῳ
1146 3299 1233 3368 πάν-

217 3426 286 3467 των
309 3403 447 3484 δεινοῖν,
473 3400 692 3467 κοινωνούντ’
715 3397 805 3491 αύτῷ
827 3409 884 3487 τής
902 3397 1051 3485 ἀρπαγής
1076 3399 1134 3468 καί
1152 3406 1233 3466 Πει-

218 3505 342 3580 ρίθουν
362 3498 581 3584 παραλαβών,
611 3505 668 3587 βίᾳ
689 3498 804 3584 λαβὼν
824 3493 930 3583 αύτήν
951 3503 1013 3563 τοῦ
1035 3495 1163 3580 πατρὸς
1188 3503 1233 3574 είς
