2625 4092
458 293 495 349 H
498 293 666 351 PAKAH
670 298 706 353 Σ.
1027 290 1090 355 129

75 460 210 537 ελδείν,
234 454 267 531 ές
284 457 390 521 νέωτα
405 450 493 521 πιάν
511 446 613 532 αὖθις
630 456 739 523 έκείνα
760 454 922 522 συνάπτει
942 453 966 522 ἀ
985 460 1090 540 πέρυ-

74 571 134 617 σιν
149 550 253 619 αὐτὸν
265 556 404 639 λέγοντα
418 548 439 639 ἡ
453 555 541 639 μέθη
556 555 719 621 κατέλιπε.

163 657 193 720 8.
214 652 326 719 Ταῦτά
337 678 394 739 μοι
405 648 488 719 κατά
502 649 563 719 τὸν
574 658 710 737 Μῶμον
721 656 768 730 είς
779 649 924 736 έμαυτδν
935 650 1088 719 ἀπεσκά-
1102 665 1139 720 82

74 760 177 835 φδω,
199 750 255 818 καὶ
270 747 315 836 μά
331 748 393 818 τδν
406 748 464 820 Δί’
486 747 549 818 οὐκ
566 746 610 817 ἀν
630 756 678 817 ἔτι
693 751 893 835 ἐπαγάγοιμι
910 748 946 817 τδ
969 748 1088 834 ἐπιμά-

74 860 176 917 θιου·
199 845 300 932 ὁρᾶτε
311 845 375 935 γάρ
392 847 456 937 ἤδη
471 845 553 918 καθ’
569 848 589 916 ὅ
602 877 633 917 τι
651 856 697 939 τῷ
708 850 809 939 μάθω
824 853 925 938 ἔοικαΖ
950 847 1033 916 ὥστε
1044 845 1089 936 ἢν

74 952 142 1035 μέν
154 973 186 1015 τι
199 955 455 1033 παραπαίωμεν,
478 941 499 1033 ἡ
515 952 603 1033 μέθη
618 953 721 1016 αίτία·
750 952 781 1015 εί
793 947 829 1015 δὲ
844 945 967 1014 πινυτὰ
984 948 1089 1028 δόξειε

75 1044 117 1113 τά
136 1047 315 1132 λεγόμενα,
332 1043 349 1113 ὁ
362 1042 525 1132 Σειληνὸς
539 1043 604 1129 ἀρα
619 1038 663 1132 ἦν
677 1048 783 1124 ἵλεως.

262 1467 543 1536 ΠΡοΛιΛιΑ
573 1468 603 1535 ο
638 1456 914 1535 ΗΡᾸΚΛΗΣ.
1011 1438 1013 1442 ’

164 1633 193 1696 1.
209 1626 277 1696 Τὸν
287 1626 450 1712 Ἡρακλέα
462 1633 495 1697 oc
502 1596 621 1696 Κελτοὶ
627 1626 768 1713 Ὄγμιον
778 1625 978 1715 ὀνομάζουσι
990 1637 1088 1714 φωνῇ

75 1754 117 1815 τη
133 1728 311 1819 ἐπιχωρίῳ,
329 1725 365 1795 τό
384 1728 420 1796 δὲ
435 1726 520 1805 εἶδος
533 1734 593 1795 τοῦ
604 1734 691 1794 θεοῦ
701 1728 794 1794 πάνυ
804 1725 988 1796 ἀλλόκοτον
1003 1726 1088 1811 γρά-

75 1846 191 1909 φουσι.
214 1829 324 1911 γέρων
336 1828 425 1894 ἐστὶν
435 1824 547 1903 αὐτοῖς
557 1828 590 1903 ές
603 1821 640 1892 τὸ
654 1830 808 1911 ἔσχατον,
827 1822 1087 1909 ἀναφαλαντίας,

76 1920 195 2001 πολιὰς
210 1923 355 2011 ἀκριβῶς
366 1924 443 1993 ὅσαι
456 1926 568 1993 λοιπαὶ
582 1931 650 1991 τῶν
664 1933 802 2011 τριχῶν,
818 1922 922 2009 ρυσδς
932 1920 969 1991 τδ
982 1927 1087 2007 δέρμα

74 2021 133 2087 καλ
148 2025 406 2109 διακεκαυμένος
422 2024 455 2100 ές
470 2020 506 2089 τό
520 2023 726 2107 μελάντατον
737 2018 803 2091 οἷοί
814 2030 900 2091 εἰσιν
914 2028 948 2092 οί
959 2031 1088 2091 θαλατ-

75 2122 216 2205 τουργοὶ
237 2123 406 2207 γέροντες·
439 2128 567 2207 μᾶλλον
589 2121 625 2188 δὲ
645 2120 792 2205 Χάρωνα
815 2118 837 2208 ἦ
849 2121 996 2191 Ἰαπετόν
1011 2148 1087 2189 τινα

74 2226 147 2288 τῶν
167 2215 420 2306 ὑποταρταρίων
435 2222 490 2288 καὶ
510 2219 618 2285 πάντα
639 2227 766 2305 μᾶλλον
782 2215 805 2306 ἢ
815 2217 979 2304 Ἡρακλέα
1002 2218 1087 2289 εἶναι

72 2313 122 2385 ἀν
133 2318 304 2397 εἰκάσειας.
326 2316 410 2385 ἀλλά
426 2321 481 2387 καὶ
491 2324 642 2395 τοιοῦτος
653 2313 702 2384 ῶν
712 2323 776 2405 ἔχει
787 2317 877 2404 ὅμως
887 2316 949 2404 τὴν
961 2317 1087 2405 σκευὴν

73 2414 140 2503 τὴν
149 2414 367 2498 Ἡρακλέους·
390 2414 523 2503 καὶγὰρ
539 2413 601 2502 τὴν
613 2417 782 2500 διφθέραν
796 2420 934 2503 ἐνῆπται
948 2415 1010 2505 τὴν
1023 2425 1085 2485 τοῦ

73 2521 209 2593 λέοντος
220 2519 274 2585 καὶ
285 2514 322 2583 τδ
337 2516 488 2606 ῥόπαλον
503 2523 568 2603 ἔχει
581 2519 619 2583 ἐν
634 2524 675 2604 τῇ
690 2510 780 2605 δεξιᾷ
790 2519 846 2586 καὶ
856 2515 916 2585 τδυ
930 2514 1085 2606 γωρυτὸν

74 2617 302 2701 παρήρτηται,
323 2618 377 2685 καὶ
393 2615 430 2685 τδ
447 2617 546 2697 τόξου
560 2618 777 2702 ἐντεταμένον
791 2616 812 2703 ἡ
830 2616 986 2703 ἀριστερὰ
1001 2644 1086 2701 προ-

72 2721 245 2801 δείκνυσι,
261 2717 315 2783 καὶ
329 2714 407 2794 ὅλος
417 2714 582 2800 Ἡρακλῆς
597 2718 665 2783 ἐστι
678 2715 782 2783 ταῦτά
795 2743 843 2803 γε.
865 2724 896 2785 2.
912 2716 1007 2807 ᾤμην
1021 2710 1085 2784 οὖν
1101 2738 1136 2791 83

73 2813 132 2900 ἐφ’
147 2812 243 2902 ὕβρει
258 2821 326 2881 τῶν
336 2812 517 2900 Ἑλληνίων
531 2821 625 2881 θεῶν
640 2821 776 2881 τοιαῦτα
791 2831 997 2903 παρανομεῖν
1006 2814 1087 2895 τούς

74 2912 227 2991 Κελτούς
236 2916 269 2991 ές
279 2912 341 2999 τὴν
352 2912 488 2999 μορφὴν
500 2911 562 2999 τὴν
573 2911 772 2998 Ἡρακλέους
781 2911 1013 3001 ἀμυνομένους
1024 2913 1088 2981 αὐ-

74 3012 138 3081 τὸν
154 3022 194 3100 τῇ
208 3020 337 3101 γραφῇ,
354 3012 405 3079 ὅτι
421 3011 485 3100 τὴν
500 3014 614 3098 χώραν
631 3013 710 3081 ποτὲ
725 3010 838 3081 αὐτῶν
853 3018 978 3102 ἐπῆλθε
993 3022 1087 3084 λείαν

73 3113 250 3197 ἐλαύνων,
266 3110 366 3179 ὁπότε
381 3109 440 3191 τάς
452 3113 633 3197 Γηρυόνου
648 3109 767 3198 ἀγέλας
784 3119 889 3199 ζητῶν
903 3117 1086 3200 κατέδραμε

73 3211 117 3281 τά
135 3209 242 3280 πολλὰ
258 3217 325 3279 τῶν
346 3214 508 3295 ἑσπερίων
525 3218 645 3297 γενῶν.
674 3219 704 3279 3.
722 3220 829 3279 καίτοι
841 3213 879 3281 τὸ
896 3214 1086 3296 παραδοξό-

77 3337 178 3379 τατον
193 3309 324 3377 οὐδέπω
339 3315 425 3397 έφην
442 3318 499 3395 τῆς
520 3309 664 3388 εἰκόνος·
692 3308 789 3396 ὁγὰρ
806 3309 847 3398 δη
863 3316 972 3397 γέρων
983 3310 1087 3396 Ἡρα-

73 3418 158 3499 κλῆς
170 3414 294 3488 ἐκεῖνος
305 3406 501 3492 ἀνθρώπων
512 3410 671 3496 πάμπολύ
685 3437 715 3477 τι
727 3418 856 3496 πλῆθος
871 3413 958 3478 ἕλκει
971 3414 1087 3478 ἐκτῶν

74 3509 173 3579 ῶτιον
181 3506 330 3659 ἀπαντμῗ
338 3513 545 3598 δεδεμένους.
558 3506 663 3595 δεσμά
675 3511 714 3575 δέ
721 3514 805 3577 είσίν
816 3514 849 3577 οἱ
858 3513 963 3655 (recogi
973 3515 1086 3578 λεπταὶ

165 3620 270 3659 mcum.
306 3606 337 3659 1.
