2625 4092
220 268 263 331 86·
492 296 496 305 ¹
575 269 884 330 AorxlANo-oe'
910 297 912 302 ·
977 307 983 316 ι
1007 309 1009 312 -

220 432 336 521 καὶτῷ
351 427 532 497 ἀκούσαντι
547 426 724 513 ἀνόνητον.
755 421 834 514 ήρχε
851 426 992 514 μὲν-γάρ
1007 427 1072 516 ήδη
1089 436 1235 510 Περσῶν

215 526 429 611 Ἀλέξανδρος
439 524 521 615 μετά
533 523 595 611 τήν
611 528 648 593 ἐν
660 523 832 613 Ἀρβήλοις
842 521 951 613 μάχην
961 539 1110 610 Δαρεῖον
1120 538 1234 613 καθη-

220 628 346 715 ρηιιοός·
367 632 434 695 ἔδει
452 626 490 694 δέ
504 626 691 711 πανταχόσε
701 620 759 711 τῆς
774 621 875 711 άρχής
886 630 1022 706 διαθεῖν
1033 625 1112 704 τούς
1122 653 1232 712 γραμ-

218 728 433 813 ματοφόρους
447 724 487 793 τά
503 728 707 810 ἐπιτάγματα
720 732 782 791 τοῦ
793 722 1013 808 Ἀλεξάνδρου
1026 731 1232 811 κομίζοντας.

220 828 256 893 ἐκ
271 832 414 906 Περσῶν
431 826 467 892 δὲ
482 821 587 910 πολλή
610 826 643 902 ές
656 833 831 908 Αίγύπτον
849 827 997 914 ἐγίγνετο
1013 821 1035 910 ἡ
1050 821 1146 901 ὁδός·
1176 826 1234 891 ἐα-

185 941 201 995 λ
221 930 383 1006 περιιέναι
397 922 461 1009 γάρ
478 927 544 991 έδει
564 920 604 989 τά
622 919 702 1007 όρη,
727 918 795 988 εἶτα
812 919 868 988 διά
889 928 947 1007 τῆς
959 928 1181 1009 Βαβυλωνίας
1200 925 1233 999 ἐς

222 1021 281 1107 τήν
294 1018 452 1108 Ἀραβίαν
474 1023 603 1105 ἐλθεῖν,
628 1018 695 1087 εἶτα
716 1020 842 1106 ἐρήμην
858 1012 1236 1106 πολλήνέπελάσαντας

220 1118 401 1204 ἀφικέσθαι
431 1118 511 1187 τιοτέ
536 1120 570 1198 ἐς
595 1126 771 1203 Αἴγυπτον
797 1128 913 1186 είκοσι.
927 1126 1106 1205 μηκίστους
1133 1116 1236 1202 άνδρὶ

219 1217 350 1308 εὐζώνῳ
370 1217 543 1303 σταθμοὺς
564 1218 704 1295 τούτους
726 1218 957 1295 διανύσαντας.
984 1215 1105 1309 ήχθετο
1127 1209 1235 1283 οὖνὸ

217 1314 428 1398 Ἀλέξανδρος
442 1318 494 1384 ἐπὶ
508 1316 633 1405 τούτῳ,
655 1317 740 1382 διότι
753 1322 959 1400 Αἰγυπτίους
980 1342 1010 1382 τι
1031 1328 1236 1399 παρακινεῖν

220 1412 356 1481 άκούων
376 1411 439 1482 οὐκ
462 1412 525 1501 εἶχε
544 1412 601 1501 ’διὰ
617 1416 743 1498 ταχέων
762 1415 941 1499 ἐκπέμπειν
958 1426 1026 1491 ’τοῖς
1045 1412 1235 1495 σατράπαις

218 1510 258 1579 τά
276 1514 442 1580 δοκοῦντά
455 1518 489 1582 οί
507 1516 581 1595 περὶ
599 1512 721 1579 αὐτῶν.
754 1504 828 1579 τότε
849 1510 889 1599 δή
906 1510 925 1578 ό
940 1514 1107 1589 Σιδόνιος
1123 1516 1235 1595 ἔμπο-

219 1614 287 1695 ρος,
302 1608 382 1697 ’λθμιύ
397 1634 461 1695 σοι,
479 1617 554 1697 ἔφη,
573 1603 761 1697 ύβασιλεύ,
780 1607 1004 1697 ὑπισχνοῦμαι
1016 1616 1136 1690 δείξειν
1147 1604 1235 1675 ὁδὸν
1301 1693 1302 1702 ¹

218 1708 260 1779 ού
273 1709 399 1797 πολλήν
411 1714 446 1779 έκ
461 1717 603 1793 Περσῶν
618 1714 649 1787 ἐς
664 1719 853 1795 Αίγυπτον·
875 1701 909 1777 ἐί
920 1710 986 1795 γάρ
998 1733 1047 1787 τις
1063 1706 1234 1793 ὑπερβαίη
1301 1735 1302 1796 ξ

218 1809 258 1880 τά
275 1811 337 1896 ὅρη
353 1818 472 1896 ταῦτα,
489 1808 654 1897 ὑπερβαίη
670 1806 703 1876 δ’
719 1806 764 1876 δν
779 1823 922 1892 τριταῖος
929 1850 944 1893 ,·
957 1807 1075 1877 αὐτίκα
1087 1809 1177 1894 μάλα
1191 1810 1232 1875 ἐν

218 1912 378 1998 Αίγύπτςο
393 1911 481 1977 ἐστὶν
497 1902 604 1987 οὗτος.
628 1912 682 1977 καὶ
699 1906 784 1994 εἶχεν
799 1907 915 1987 οὑτως.
948 1906 1036 1994 πλήν
1052 1905 1072 1973 ὅ
1086 1930 1125 1991 γε
1135 1904 1234 1975 'Ale‘-
1301 1905 1302 1912 ἐ

184 2032 186 2038 ⁴
218 2014 358 2091 ξανδρος
375 2006 437 2075 οὑκ
454 2012 662 2088 ἐπίστευσεν,
680 2006 764 2075 ἀλλὰ
779 2008 883 2096 γόητα
899 2007 981 2099 ς’όετο
998 2006 1081 2074 εἶναι
1096 2002 1155 2072 τὸν
1168 2010 1233 2090 ἒμ-

218 2135 334 2194 πορον.
359 2108 448 2177 οὕτω
462 2106 498 2175 τὸ
514 2108 706 2191 παράδοξον
719 2116 776 2194 τῆς
790 2103 1152 2194 ὑποσχέσεωςάπιστον
1170 2107 1234 2169 δο-

217 2223 270 2277 κεῖ
281 2222 349 2285 τοῖς
365 2216 508 2285 πολλοῖς.
531 2215 561 2274 6.
581 2204 666 2274 άλλά
680 2205 725 2291 μή
743 2209 839 2292 σύγε
856 2205 968 2294 πάθης
981 2203 1018 2271 τό
1034 2201 1133 2270 αύτό·
1154 2212 1234 2289 είση

218 2306 282 2395 γάρ
297 2308 502 2394 πειρώμενος
518 2306 561 2387 ὡς
576 2307 677 2375 οὐδέν
691 2329 729 2375 σε
741 2308 883 2377 κωλύσει
897 2304 961 2392 ήδη
977 2306 1101 2392 ῥήτορα
1111 2298 1233 2370 Ιδοκεῖν

217 2416 295 2494 μιᾶς
309 2406 388 2477 ούδέ
405 2407 483 2495 ὅλης
500 2406 623 2495 ἡμέρας
633 2406 929 2493 ὑπερπετασθέντα
943 2401 980 2472 τδ
996 2402 1075 2487 ὄρος
1090 2406 1125 2471 ἐκ
1136 2410 1231 2483 Περ-

217 2514 287 2577 σῶν
301 2509 334 2585 ἐς
351 2517 534 2593 Αἴγυπτον.
561 2510 668 2576 ἐθέλω
684 2511 724 2576 δέ
733 2530 787 2575 σοι
806 2514 940 2591 πρῶτον
958 2504 1070 2587 ὥσπερ
1086 2500 1231 2589 όΚέβης

215 2608 342 2685 ἐκεῖνος
358 2607 471 2675 εἰκόνα
491 2609 706 2693 γραψάμενος
721 2615 767 2696 τῷ
785 2609 874 2699 λόγῳ
895 2608 1054 2687 ἑκατέραν
1069 2606 1231 2681 ἐπιδεῖξαι

216 2704 278 2793 τήν
293 2701 392 2771 ὁδόν·
416 2703 479 2772 δύο
499 2707 564 2792 γάρ
586 2710 700 2792 ἐστον,
719 2715 756 2776 αἳ
774 2706 858 2794 πρὸς
872 2705 934 2792 τήν
951 2700 1131 2792 ῥητορικὴν
1147 2702 1231 2787 άμε-

215 2833 291 2891 τον,
308 2799 346 2892 ής
362 2810 442 2889 ἐρᾶν
458 2804 498 2873 ού
513 2816 653 2893 μετρίως
668 2834 725 2893 μοι
741 2812 856 2885 δοκεῖς.
887 2807 942 2874 καὶ
958 2809 1039 2889 δήτα
1055 2801 1075 2890 ἡ
1091 2806 1152 2889 μὲν
1168 2799 1226 2883 ἐφ’

178 2920 195 2976 6
215 2904 349 2991 ὑψηλοῦ
369 2908 537 2993 καθήσθω
560 2908 651 2973 πάνυ
673 2904 758 2992 καλὴ
774 2910 827 2973 καὶ
851 2905 1084 2989 εὐπρόσωπος,
1111 2900 1149 2971 τδ
1169 2912 1231 2989 τῆς

212 3000 408 3089 Ἀμαλθείας
427 3008 525 3086 κέρας
546 3014 667 3092 ἔχουσα
684 3009 720 3074 ἐν
738 3016 778 3097 τη
793 3010 883 3095 δεξιᾷ
904 3011 1073 3083 παντοίοις
1088 3017 1231 3086 καρποῖς

216 3099 426 3188 ὑπερβρύον,
443 3106 495 3172 ἐπὶ
509 3110 636 3195 θατέρᾳ
651 3111 690 3174 δέ
702 3133 758 3192 μοι
775 3105 835 3174 τόν
852 3114 999 3174 πλοῦτον
1014 3103 1106 3172 δόκει
1122 3130 1229 3185 παρε-

217 3210 323 3269 στῶτα
341 3201 425 3285 ὁρᾶν
439 3214 589 3289 χρυσοῦν
600 3204 682 3273 ὅλον
699 3209 754 3275 καὶ
769 3209 968 3290 ἐπέραστον·
991 3207 1045 3272 καὶ
1060 3202 1080 3291 ἡ
1097 3205 1177 3285 δόξα
1193 3204 1231 3274 δέ

216 3305 270 3369 καὶ
287 3300 307 3388 ἡ
331 3301 424 3388 ἰσχὺς
441 3307 659 3386 παρέστωσαν
683 3308 737 3373 καὶ
752 3311 787 3375 oc
801 3314 930 3392 ἔπαινοι
946 3306 1022 3388 περί
1039 3313 1151 3372 πάσαν
1164 3301 1231 3371 αύ-

216 3400 278 3487 τήν
292 3400 414 3483 Ἔρωσι
429 3416 559 3486 μικροῖς
580 3404 723 3481 ἐοικότες
745 3407 862 3472 πολλοὶ
879 3402 1114 3489 ἁπανταχόθεν
1132 3427 1229 3488 περι·
1302 3387 1303 3418 ¹

214 3503 457 3571 πλεκέσθωσαν
468 3504 691 3589 ἐκπετόμενοι.
706 3502 806 3589 ήπον
817 3501 877 3571 τόν
886 3510 1012 3571 Νεῖλον
1021 3499 1105 3581 εἶδες
1113 3510 1230 3589 γραφῇ
