2625 4092
338 299 598 358 ΠΑΤΡΙΔΟΣ
617 297 900 356 ΕΓΚΩΜΙΟΝ.
1040 295 1102 355 203

97 485 163 527 νυν
182 458 219 527 τό
241 459 347 545 ὄνομα
367 468 502 543 πρωτον
521 458 576 526 καί
591 458 795 525 οἰκειότατον
815 459 967 524 πάντων·
1001 455 1101 524 οὐδὲν

95 555 161 644 γάρ
178 556 197 624 ὅ
211 586 243 625 τι
262 565 323 625 τοῦ
337 555 462 640 πατρὸς
478 556 691 637 οἰκειότερον.
722 562 752 624 εί
767 560 806 624 δι’
817 583 865 634 τις
881 555 1038 640 ἀπονέμει
1056 561 1101 645 τῷ

93 658 194 737 πατρί
210 654 271 743 τὴν
285 661 416 724 δικαίαν
429 655 545 741 τιμήν,
563 652 675 736 ὥσπερ
686 655 742 723 καί
756 652 774 721 ὁ
788 654 890 739 νόμος
900 655 954 720 καὶ
967 648 987 738 ἡ
1001 651 1101 737 φύσις

93 754 242 840 κελεύει,
258 755 492 838 προσηκόντως
507 747 551 819 άν
566 749 629 837 τὴν
645 757 787 834 πατρίδα
802 752 1017 836 προτιμήσαι·
1046 753 1100 816 καί.

93 845 159 938 γάρ
174 849 192 918 ὁ
207 850 314 937 πατὴρ
325 848 425 929 αύτός
439 857 496 936 της
508 854 665 931 πατρίδος
677 857 783 935 κτῆμα
798 850 853 916 καὶ
862 846 885 915 ὁ
900 856 962 916 τοῦ
976 851 1100 930 πατρός

93 949 202 1035 πατὴρ
221 951 276 1018 καὶ
301 955 335 1016 οί
352 952 388 1017 ἐκ
406 949 538 1016 τούτων
563 954 677 1016 οίκείοι
700 947 820 1025 πάντες
846 944 1017 1030 άνωτέρω,
1045 947 1099 1012 καὶ

93 1051 188 1134 μέχρι
199 1055 291 1118 θεῶν
300 1046 465 1135 πατρῴων
473 1045 628 1128 πρόεισιν
637 1043 922 1133 ἀναβιβαζόμενον
931 1040 968 1110 τό
981 1040 1096 1128 ὄνομα.

92 1151 123 1215 5.
143 1152 297 1231 χαίρουσι
312 1147 367 1212 καί
382 1147 458 1212 θεοὶ
480 1151 612 1227 πατρίσι
632 1147 686 1210 καὶ
708 1143 817 1210 πάντα
838 1144 916 1228 μέν,
939 1139 983 1219 ὡς
999 1141 1097 1223 είκός,

91 1247 240 1328 ἐφορῶσι
262 1241 302 1309 τά
319 1249 386 1309 τῶν
401 1239 595 1325 ἀνθρώπων
615 1239 729 1309 αὑτῶν
750 1240 932 1329 ἡγούμενοι
949 1238 1097 1326 κτήματα

90 1349 204 1410 πᾶσαν
218 1347 283 1427 γῆν
294 1342 349 1409 καὶ
363 1341 550 1421 θάλατταν,
566 1337 621 1424 ἐφ’
638 1332 679 1426 ἧς
693 1339 728 1408 δὲ
746 1341 882 1417 ἕκαστος
898 1335 1011 1405 αὐτῶν
1025 1339 1098 1422 ἐγέ-

92 1466 185 1523 νετο,
209 1446 353 1526 προτιμᾷ
369 1444 437 1504 των
452 1436 565 1505 ἄλλων
582 1436 721 1504 ἁπασῶν
740 1437 881 1506 πόλεων.
914 1436 970 1504 καί
985 1435 1098 1512 πόλεις

90 1538 287 1622 σεμνότεραι
300 1543 393 1603 θεῶν
408 1539 562 1615 πατρίδες
574 1536 629 1604 καὶ
643 1543 740 1619 νῆσοι
750 1536 934 1617 θειότεραι,
953 1529 1031 1616 παρ’
1044 1527 1096 1609 αἷς
1115 1541 1162 1597 2³1

89 1634 243 1718 ὑμνεῖται
252 1636 381 1720 γένεσις
390 1640 491 1700 θεῶν.
512 1630 584 1716 ίερά
596 1639 682 1717 γοῦν
693 1636 911 1717 κεχαρισμένα
923 1637 1025 1698 ταῦτα
1037 1656 1097 1695 νο-

89 1736 213 1817 μιζεται
223 1745 290 1808 τοῖς
299 1741 410 1816 θεοῖς,
422 1728 558 1798 ἐπειδάν
568 1737 614 1809 είς
624 1728 703 1808 τούς
714 1737 857 1809 οίκείους
868 1733 1004 1807 ἕκαστος
1015 1725 1096 1812 άφι-

89 1828 233 1913 κόμενος
246 1831 405 1917 ἱερουργῇ
419 1827 550 1906 τόπους.
581 1836 611 1896 εί
623 1830 660 1897 δὲ
673 1839 766 1907 θεοῖς
781 1836 891 1912 τίμιον
906 1826 943 1894 τὸ
958 1834 1016 1912 τῆς
1030 1849 1096 1891 πα-

88 1929 200 2010 τρίδος
220 1924 342 2010 ὄνομα,
366 1934 437 2005 πῶς
458 1925 520 1994 οὐκ
542 1926 737 2011 ἀνθρώποις
756 1953 794 2013 γε
818 1934 929 2016 πολλῷ
951 1932 1094 2011 μᾶλλον;

87 2034 118 2095 6.
135 2026 189 2092 καὶ
204 2021 267 2109 γάρ
279 2022 345 2092 είδε
355 2023 415 2093 τόν
429 2024 526 2112 ἥλιον
539 2035 673 2110 πρῶτον
686 2029 820 2104 ἕκαστος
831 2021 897 2092 άπδ
909 2031 966 2108 τῆς
978 2028 1094 2100 πατρί-

88 2129 163 2207 δος,
185 2120 228 2200 ὡς
241 2124 295 2192 καί
309 2134 431 2192 τούτου
451 2123 511 2193 τόν
525 2126 627 2211 θεόν,
650 2133 681 2194 εί
700 2128 755 2194 καὶ
768 2121 882 2202 κοινός
897 2126 1001 2202 ἐστιν,
1018 2116 1091 2187 ἀλλ’

88 2212 153 2286 οὖν
174 2220 300 2309 ἑκάστη)
324 2227 517 2306 νομίζεσθαι
537 2232 694 2313 πατρῷον
715 2221 769 2290 διά
789 2220 851 2310 τὴν
872 2221 1007 2305 πράτην
1026 2216 1092 2284 άπό

87 2325 150 2384 τοῦ
169 2319 275 2384 τόπου
293 2321 394 2385 θέαν·
423 2321 478 2389 καί
496 2330 610 2407 φωνῆς
628 2326 777 2390 ἐνταῦθα
799 2320 920 2408 ἤρξατο
936 2318 1093 2404 ἐπιχώρια

87 2424 203 2499 πρώτα
217 2424 330 2484 λαλεῖν
344 2420 531 2500 μανθάνων
545 2423 599 2487 καὶ
615 2419 720 2500 θεούς
736 2419 927 2506 ἐγνώρισεν.
952 2423 981 2484 εί
994 2418 1033 2482 δέ
1044 2442 1093 2492 τις

86 2513 242 2599 τοιαύτης
256 2520 350 2600 ἔλαχε
371 2525 543 2603 πατρίδος,
565 2517 609 2596 ὡς
628 2521 739 2601 ἐτέρας
755 2523 918 2602 δεηθῆναι
933 2512 1017 2598 πρὸς
1031 2512 1092 2599 τὴν

773 2642 799 2682 ω
814 2617 868 2682 καί
886 2612 1015 2680 τούτων
1025 2619 1093 2679 τῶν

86 2717 324 2798 παιδευμάτων
335 2724 374 2803 τῇ
385 2724 516 2799 πατρίδι
528 2718 588 2803 την
599 2718 711 2801 χάριν·
729 2715 770 2782 ού
780 2712 845 2799 γάρ
857 2709 900 2780 άν
912 2712 1093 2798 ἐγνώρισεν

86 2811 166 2879 οὐδὲ
182 2813 310 2892 πόλεως
325 2812 431 2899 ὄνομα
449 2813 493 2900 μη
509 2815 563 2883 διά
579 2815 640 2902 την
656 2821 796 2897 πατρίδα
813 2815 912 2881 πόλιν
929 2811 1013 2880 εἶναι
1027 2838 1092 2895 μα-

84 2912 171 2979 miv.
195 2916 222 2979 7.
240 2913 348 2978 πάντα
360 2916 407 2994 δέ,
423 2911 522 2998 οἶμαι,
535 2917 741 3000 παιδεύματα
753 2917 807 2981 καὶ
819 2913 998 2998 μαθήματα
1010 2918 1093 2976 συλ-

85 3014 241 3095 λέγουσιν
255 3011 432 3093 ἄνθρωποι
452 3020 718 3099 χρησιμωτέρους
738 3013 860 3092 αὑτούς
881 3011 946 3080 άπὸ
963 3011 1092 3078 τούτων

84 3124 154 3189 ταίς
169 3118 302 3196 πατρίσι
317 3112 635 3192 παρασκευάζοντες·
666 3122 807 3182 κτῶνται
822 3114 858 3180 δὲ
873 3116 927 3180 καὶ
942 3110 1089 3197 χρήματα

85 3217 273 3297 φιλοτιμίας
287 3212 402 3278 ἕνεκεν
417 3219 476 3295 τῆς
491 3217 536 3289 είς
557 3211 596 3278 τά
617 3210 713 3279 κοινά
735 3221 792 3297 τῆς
806 3215 962 3293 πατρίδος
982 3214 1083 3277 δαπα-

84 3309 224 3395 νήματα.
246 3312 300 3376 καί
318 3310 467 3394 είκότως,
484 3309 588 3396 οἶμαι·
611 3326 663 3377 δεῖ
673 3336 737 3395 γαρ
755 3308 816 3377 οὐκ
831 3309 1028 3395 ἀχαρίστους
1043 3306 1090 3375 εἶ-

84 3433 140 3474 ναι
152 3407 231 3486 τούς
241 3416 308 3474 τοῖν
319 3415 483 3492 μεγίστων
497 3410 655 3494 τυχόντας
666 3406 874 3494 εὐεργεσιῶν.
896 3405 969 3476 ἀλλ’
983 3413 1013 3476 εί
1021 3421 1089 3486 τοῖς

84 3505 163 3574 καθ’
180 3509 240 3574 ἕνα
257 3534 305 3585 τις
319 3505 478 3591 άπονέμει
488 3509 604 3593 χάριν,
621 3506 731 3591 ὥσπερ
746 3508 812 3574 ἐστὶ
828 3511 974 3591 δίκαιον,
999 3507 1089 3572 ἐπει-
