2625 4092
312 308 598 366 ΕΠΙΣΤΟΛΑΙ
615 308 871 368 ΚΡΟΝΙΚΑΙ.
1035 305 1097 368 317

92 471 154 557 μὲν
169 467 326 553 ἄγευστοι
342 469 396 535 καὶ
412 466 534 547 άσιτοι,
551 467 721 551 ποδάγρας
735 468 771 535 δέ
785 463 1099 554 ἦπεριπνευμσνίας

92 563 153 652 οῦχ
167 563 268 648 ὁρᾶθ’
286 563 336 632 ὅτι
352 567 406 632 καὶ
419 563 549 630 τούτων
562 562 697 647 άπειροί
709 567 796 650 ἐστε,
819 561 841 650 ἢ
859 574 892 632 εδ
901 592 931 630 τι
946 561 1019 630 κατ’
1036 560 1097 632 άλ-
1115 579 1168 633 410

92 675 155 750 λην
176 661 250 731 τινά
271 669 378 731 αίτίαν
393 667 586 747 συμβαίνει;
614 669 721 729 καίτοι
737 659 812 729 οὐδ’
834 657 946 740 αὐτοῖς
961 664 1099 739 ἐκείνοις

92 761 157 848 ἡδύ
171 765 262 830 έστιν
274 758 354 827 αῦτὸ
370 757 450 827 καθ’
467 757 594 844 ἡμέραν
608 763 661 828 καί
678 763 761 846 πέρα
777 769 838 827 τοῦ
853 760 958 844 κόρου
972 761 1099 826 ἐσθίειν

91 860 237 942 τούτων,
259 855 343 925 άλλά
362 861 444 935 ἴδοις
467 853 510 923 άυ
526 855 649 936 αὐτοῦς
669 855 759 924 οὑτω
782 855 937 942 λαχάνων
956 859 1010 923 καὶ
1030 854 1098 924 δῦ-

91 982 158 1040 μου
178 953 401 1040 ὀρεγομένους
420 955 542 1037 ε’νίοτε,
570 952 682 1040 ῶσπερ
706 952 785 1022 οῦδὲ
805 952 849 1020 σὺ
870 962 937 1020 τῶν
957 960 1098 1039 λαγωῶν

91 1057 147 1120 καὶ
169 1051 250 1119 ὑῶν.
289 1059 339 1120 29.
366 1054 408 1118 έῶ
425 1054 533 1136 λέγειν
553 1049 615 1118 ὅσα
638 1051 721 1120 άλλα
745 1060 844 1120 λυπεῖ
863 1049 1004 1136 αὐτούς,
1026 1049 1099 1130 υίός
1166 1083 1169 1091 ’

90 1149 275 1228 ἀκόλαστος
293 1145 315 1236 ἢ
331 1147 418 1235 γυνὴ
434 1157 495 1215 τοῦ
515 1153 644 1216 οἰκέτου
663 1153 771 1233 ἐρῶσα
791 1145 813 1236 ἢ
833 1149 998 1234 έρῶμευος
1014 1144 1098 1232 πρὸς

89 1247 243 1333 ἀνάγκην
256 1244 418 1334 μάλλσνῆ
434 1245 518 1331 πρὸς
532 1245 658 1334 ἡδονὴν
674 1249 804 1316 συνών·
826 1251 879 1316 καὶ
895 1246 980 1326 ὅλως
991 1247 1097 1314 πολλά

89 1350 181 1414 ἐστιν
201 1342 286 1429 άπερ
310 1341 404 1430 ὑμεῖς
424 1342 624 1431 ἀγνοοῦντες
646 1345 707 1413 τὸν
722 1342 850 1431 χρυσὸν
867 1342 965 1431 ὁρῦτε
987 1342 1098 1411 αὐτῶν

43 1512 48 1527 ,
89 1444 199 1530 μόνον
214 1445 268 1509 καὶ
284 1441 345 1528 τὴν
359 1441 556 1527 πορφύραν,
576 1445 630 1510 καὶ
643 1438 687 1528 ἢν
701 1445 795 1529 ἴδητέ
805 1468 884 1510 ποτε
899 1442 1096 1522 ἐξελαύνον-

89 1568 150 1620 τας
170 1543 222 1607 έπῖ
239 1548 362 1608 λευκοῦ
381 1539 533 1626 ζεύγους,
559 1541 716 1626 κεχήνατε
739 1543 794 1609 καὶ
810 1553 1035 1623 προσκυνεῖτε.
1070 1543 1099 1605 εί

91 1640 127 1707 δὲ
148 1636 358 1721 ὑπερεωρᾱτε
381 1637 492 1706 αὐτῶν
513 1641 568 1705 καὶ
589 1653 822 1723 κατεφρονεῖτε
844 1641 899 1705 καὶ
919 1639 1001 1724 μήτε
1022 1639 1098 1704 έπε-

90 1740 279 1822 στρέφεσθε
299 1735 382 1821 πρὸς
402 1735 464 1825 τὴν
483 1737 635 1824 ἀργυρᾶν
656 1735 854 1824 ἁρμάμαξαν
874 1736 955 1823 μήτε
976 1731 1098 1821 μεταξὺ

90 1841 340 1922 διαλεγομένων
358 1844 402 1916 είς
417 1839 475 1904 τὸν
491 1841 528 1906 έν
541 1845 587 1924 τῶ
602 1842 767 1928 δακτυλίῳ
781 1839 974 1923 σμάραγδον
985 1835 1097 1921 άφεω-

91 1943 172 2021 ράτε
188 1937 241 2002 καὶ
257 1943 325 2002 τῶν
347 1941 486 2021 ἱματίων
506 1936 754 2023 παραπτόμενοι
770 1933 806 2003 τῦ
825 1933 976 2022 μαλακὸν
992 1937 1098 2001 ἐθαυ-

89 2031 225 2119 μάζετε,
241 2030 315 2099 ἀλλ’
332 2039 418 2100 είῦτε
433 2031 512 2101 καθ’
532 2031 670 2111 ένυτοῦς
685 2043 857 2117 πλουτεῖν,
876 2026 915 2100 εὖ
932 2041 1017 2117 ίστε,
1035 2029 1099 2099 αῦ-

88 2132 143 2199 τοὶ
158 2126 211 2215 ἐφ’
224 2129 310 2214 ὑμᾶς
325 2131 432 2210 ίόντες
443 2135 572 2199 ἐδέοντο
587 2136 811 2216 συνδειπνεῖν,
828 2129 872 2210 ὡς
882 2134 1098 2210 έπιδείξαιυτο

89 2226 175 2313 ὑμῖν
189 2226 246 2306 τὰς
262 2235 376 2308 κλίνας
395 2233 448 2298 καὶ
468 2230 526 2309 τάς
541 2235 698 2314 τραπέζας
713 2232 768 2298 καὶ
782 2226 822 2297 τά
836 2229 1026 2314 έκπῶματα,
1050 2218 1098 2294 ῶν

88 2325 195 2396 οὐδὲν
210 2324 345 2413 ὄφελος,
368 2333 398 2394 εί
413 2326 600 2413 άμάρτυρος
615 2328 635 2415 ἡ
653 2338 765 2413 κτῆσις
780 2339 839 2414 εῖη.
873 2333 924 2396 30.
942 2327 983 2393 τά
996 2328 1036 2412 γέ
1047 2353 1099 2393 τοι

90 2436 230 2495 πλεῖστα
246 2423 374 2508 εὕροιτε
390 2421 434 2493 άν
450 2425 572 2506 αὐτοῦς
588 2425 684 2513 ὑμῶν
698 2431 795 2495 ἕνεκα
810 2429 1015 2512 κτωμένους,
1038 2423 1099 2511 οὐχ

89 2525 185 2603 ὅπως
211 2523 304 2591 αὐτοὶ
330 2526 536 2611 χρήσωνται,
563 2523 636 2594 ἄλλ’
662 2524 751 2604 ὅπως
772 2522 865 2610 ὑμεῖς
886 2524 1097 2610 θαυμάζοιτε.

88 2631 198 2691 ταῦτα
211 2620 298 2707 ὑμᾶς
312 2631 576 2711 παραμυθοῦμαι
588 2622 682 2702 είδῶς
697 2621 756 2691 τὺν
767 2629 842 2710 βίον
857 2620 1029 2706 ἑκάτερον,
1044 2623 1099 2688 καὶ

89 2720 188 2802 άξιον
204 2720 368 2803 ἑορτάζειν
382 2724 658 2808 ἐνθυμουμένους
671 2719 721 2788 ὅτι
735 2719 806 2806 μετ’
821 2719 935 2806 ὀλίγον
952 2719 1099 2798 ἅπαντας

90 2823 205 2906 δεήσει
220 2817 353 2887 άπιέναι
374 2824 409 2889 ἐκ
431 2830 491 2890 τοῦ
513 2828 590 2910 βίον
606 2819 781 2896 κάκείνους
802 2817 861 2884 τόν
881 2826 1028 2886 πλοῦτον
1044 2819 1100 2886 καὶ

89 2917 182 3005 ὑμᾶς
196 2915 257 3003 τὴν
272 2924 391 2986 πενίαν
405 2917 557 3005 άφέντας.
580 2916 667 3004 πλὴν
682 2920 839 2984 ἐπιστελῶ
855 2941 893 3001 γε
908 2913 1019 2994 αὐτοῖς
1035 2913 1099 2993 ῶς·
1117 2934 1164 2987 411

89 3043 158 3100 περ
173 3014 381 3103 ὑπεσχόμην,
396 3020 450 3086 καὶ
462 3015 525 3086 οἷδ’
539 3015 663 3087 ὅτιούκ
676 3013 918 3103 ὀλιγωρήσουσι
933 3021 1000 3081 τῶν
1011 3016 1100 3100 ἐμῶν

90 3115 308 3206 γραμμάτων.
