2625 4092
382 306 500 363 ΠΕΡΙ
519 305 818 365 ΠΛΡΑΣΙΤΟΥ.
1061 302 1104 368 27

180 472 275 534 m.
297 466 363 533 Καὶ
379 461 422 531 σύ
439 463 503 545 άρα
518 465 719 548 παράσιτοςς

175 569 275 630 ΠΛΡ.
299 562 399 630 Πάνυ
415 555 647 649 άνείδισας,ιδ
667 564 823 648 Τυχιάδη.

179 669 274 730 ΤΡΧ.
294 659 380 730 ’Λλλ’
405 661 467 730 οὐκ
486 665 648 751 ἐρυθριᾷς
670 660 857 747 παράσιτον
873 659 998 728 σαυτὸν
1017 661 1102 730 ἀπο-

89 767 221 840 στολίδος

175 865 275 927 ΠΛΡ.
295 856 475 944 Οὐδαμῶς·
496 865 715 946 αἰσχυνοίμην
723 856 789 945 γάρ
799 857 853 940 άν,
867 864 898 926 εί
905 855 950 946 μὴ
964 861 1100 946 λέγοιμι.

179 963 273 1025 TPX.
297 959 363 1026 Καὶ
379 955 421 1044 νὴ
438 952 494 1026 Δί’
510 955 637 1026 ὁπόταν
655 979 693 1024 σε
709 957 913 1045 βουλοίμεθα
926 964 1102 1042 μνωριζειν

87 1059 158 1120 τῶν
172 1051 235 1121 οὐκ
251 1058 480 1139 ἐπισταμένων
493 1081 556 1145 τρι,
572 1053 627 1123 ὅτε
641 1055 751 1144 χρῄζει
765 1064 906 1140 μαθεῖν,
921 1052 940 1122 ὁ
955 1056 1101 1141 παράσι-

87 1176 144 1229 τος
161 1154 265 1236 δῆλον
279 1149 332 1220 ὅτι
347 1153 516 1240 φήσομενς

175 1257 274 1320 ΠΛΡ.
297 1251 393 1320 Πολὺ
414 1260 541 1337 μᾶλλον
558 1254 711 1338 λέγοντες
726 1260 825 1321 τοῦτο
848 1251 903 1338 ἐμὲ
923 1248 943 1338 ἦ
961 1256 1100 1321 Φειδίαν

86 1346 375 1435 ἄγαλματοποιόν·
396 1356 500 1436 χαίρω
511 1347 575 1437 γάρ
590 1358 631 1438 τῇ
644 1356 743 1438 τέχνη
757 1349 858 1419 οὐδὲν
871 1343 973 1437 ἧττον
986 1347 1007 1437 ἢ
1019 1358 1100 1419 Φει-

86 1455 161 1530 δίας
176 1457 285 1537 ἔχαιρε
298 1458 343 1542 τῷ
356 1459 424 1521 Διί.
1116 1475 1169 1532 839

176 1555 272 1617 m.
294 1553 359 1617 Καὶ
374 1549 441 1637 μὴν
456 1552 564 1619 ἐκεῖνό
581 1576 637 1636 μοι
652 1558 835 1617 σκοποῦντι
851 1563 1025 1632 προοῖσται
1042 1554 1100 1636 χέ-

85 1654 152 1722 λως
166 1645 351 1732 πάμπολυς.

171 1750 271 1810 ΠΛΡ.
298 1741 343 1811 T&
362 1759 477 1824 ποίους

175 1848 270 1909 ΤΡΧ.
293 1849 340 1910 El
350 1867 388 1928 χε
399 1845 453 1910 καὶ
465 1857 536 1920 ταῖς
548 1846 734 1922 ἐπιστολαῖς
744 1842 882 1912 άνωθεν
894 1842 1005 1929 ὥσπερ
1018 1849 1099 1923 έθος

83 1939 345 2024 ἐπιγράφοιμεν,
362 1948 493 2028 Σίμωνι
507 1949 687 2031 παρασίτῳ.

172 2045 270 2106 ΠΛΡ.
299 2043 364 2109 Καὶ
387 2037 455 2127 μὴν
471 2036 514 2107 άν
535 2042 606 2126 ἐμοὶ
627 2048 755 2126 μᾶλλον
777 2046 922 2127 χαρίζοιο
943 2036 965 2127 ἦ
988 2047 1098 2110 Δίωνι

83 2137 285 2222 ἐπιγράφων
299 2140 485 2229 φιλοσόφῳ.

172 2244 201 2304 3.
222 2243 316 2307 m.
331 2239 426 2308 ’Λλλιὶ
442 2237 485 2309 οὐ
496 2240 559 2328 μὲν
571 2239 663 2320 ὅπως
674 2248 796 2328 χαίρεις
807 2242 1024 2328 καλούμενος,
1036 2237 1098 2308 οὐ·

81 2338 144 2404 δέν
164 2333 186 2423 ἢ
206 2339 327 2422 μικρόν
351 2367 407 2424 μοι
427 2343 533 2425 μέλει·
568 2342 687 2409 σκόπει
709 2343 746 2409 δὲ
767 2338 809 2428 δὴ
830 2344 884 2409 καὶ
905 2339 967 2426 τὴν
990 2339 1097 2426 ἄλλην

80 2443 234 2504 ατοπίαν.

169 2543 268 2606 ΠΛΡ.
294 2545 376 2605 Τίνα
392 2538 476 2626 W?

174 2643 268 2706 m.
292 2645 336 2707 Εί
349 2644 404 2707 καὶ
417 2642 543 2728 ταύτην
557 2653 627 2717 ταῖς
642 2638 758 2718 άλλαις
774 2640 902 2724 τέχναις
918 2639 1095 2724 ἐγκαταλέ-

81 2740 199 2822 ξομεν,
222 2734 305 2804 ὥστε
326 2736 462 2806 ἐπειδάν
479 2739 698 2824 πυνθάνηταί
710 2764 775 2822 τις,
798 2733 896 2804 ὁποία
910 2763 959 2815 τις
975 2733 1095 2830 αὕτηὴ

81 2836 180 2922 τέχνη
192 2838 269 2921 ἐστί,
279 2839 399 2923 λέγειν,
410 2833 484 2905 οἷον
494 2838 718 2923 γραμματική,
730 2836 870 2922 ίατριιιή,
883 2835 1093 2921 παρασιτική.

169 2943 267 3004 ΠΛΡ.
289 2935 369 3022 Ἐγώ
388 2941 466 3022 μέν,
489 2929 515 3005 ὦ
534 2937 697 3023 Τυχιάδη,
720 2932 809 3003 πολδ
824 2942 952 3020 μᾶλλον
967 2933 1095 3019 ταύτην

78 3032 101 3121 ἥ
117 3061 193 3102 τινα
211 3037 327 3117 ἑτέραν
340 3039 459 3121 τέχνην
475 3043 579 3122 φαίην
593 3035 645 3103 ἅν.
669 3041 700 3104 εί
712 3039 752 3104 δέ
764 3056 819 3103 σοι
830 3042 932 3121 φίλον
942 3032 1093 3118 ἆιιοάειν,

78 3135 136 3202 καὶ
155 3132 246 3211 ὅπως
265 3144 376 3220 οἴομαι
392 3138 520 3222 λέγοιμι
542 3132 586 3202 δν
604 3143 723 3217 καίπερ
745 3132 787 3201 οὐ
803 3133 1016 3202 παντάπασιν
1032 3131 1090 3216 δν,
1110 3155 1164 3210 θςι)

79 3231 126 3313 ὡς
139 3238 253 3319 ἔφθην
269 3235 390 3321 εἰπάν,
407 3237 459 3304 ἐπι
473 3242 572 3302 τοῦτο
587 3237 909 3318 παρεσκευασμένος.

168 3339 264 3400 ΤΡΧ.
278 3331 399 3418 Οδδέν,
410 3339 440 3401 εί
449 3337 504 3401 καὶ
516 3330 639 3419 σμικρά
650 3336 769 3417 λέγοις,
782 3329 893 3418 ἀληθῆ
905 3333 952 3416 δέ,
964 3335 1090 3399 διοίσει.

149 3438 264 3500 ΠΛΡ.
276 3431 345 3502 Ἴθι
360 3430 401 3520 δὴ
416 3439 561 3519 πρῶτον,
579 3443 613 3501 εί
620 3452 674 3500 σοι
689 3437 790 3516 δοκεῖ,
806 3433 882 3514 περὶ
892 3438 955 3518 τῆς
965 3433 1091 3518 τέχνης,

76 3530 150 3618 ἥτις
163 3532 243 3600 ποτὲ
264 3523 348 3598 οὖσα
368 3530 525 3617 τυγχάνει
546 3538 592 3619 τῷ
613 3533 721 3617 μένει,
745 3538 938 3617 σκοπῶμεν·
969 3530 1090 3599 οὑτωσὶ
