2625 4092
169 252 172 258 ’
225 278 286 341 156
579 281 879 340 Λονπιπαον

224 444 349 525 μεγέθη
370 445 453 525 έχων
469 446 590 525 μικροῦ
610 445 682 509 δεῖν
703 455 770 517 τοῖς
790 449 851 508 τοῦ
867 445 982 508 Μίδου
997 443 1226 526 προσεοικότα,

224 535 285 624 τήν
307 552 397 622 χεῖρα
413 545 598 621 προτείνων
620 540 801 622 πόρρωθεν
819 548 865 608 ἔτι
888 542 1073 630 προσιούσῃ
1088 549 1129 630 τῇ
1144 553 1228 612 Δια·
1288 537 1289 560 ἶ

223 643 315 723 βολῇ.
346 639 420 718 περὶ
436 639 472 702 δὲ
492 634 596 702 αύτὸν
615 638 726 704 ἑστᾶσι
751 637 811 704 δύο
832 653 1003 724 γυναῖκες,
1018 637 1158 725 ’Ἀγνοιιί
1174 667 1226 725 μοι

225 739 319 801 δοκεῖ
335 734 390 801 καὶ
407 731 602 818 Ὑπόληψις·
634 736 798 818 ἑτέρωθεν
820 738 855 803 δὲ
873 740 1084 822 προσέρχεται
1107 735 1227 823 ήΛια-
1289 775 1290 810 ι

223 830 325 919 βολή,
347 832 491 915 γύναιον
505 835 538 908 ές
552 830 744 920 ὑπερβολήν
764 835 953 918 πάγκαλον,
978 831 1178 920 ὑπόθερμον
1195 835 1228 900 δέ

224 931 279 994 καὶ
295 933 619 1015 παρακεκινημένον,
636 925 710 997 οἷον
722 931 761 1017 δή
777 930 838 1017 τήν
850 934 972 999 λύτταν
984 934 1038 999 καὶ
1049 930 1112 1017 τήν
1124 929 1229 1018 ὀργήν

225 1026 443 1111 δεικνύουσα,
465 1034 505 1114 τῇ
527 1027 588 1110 μέν
609 1027 766 1118 ἀριστερᾷ
788 1033 872 1117 δᾷδα
893 1031 1074 1114 καιομένην
1097 1034 1227 1114 ἔχουσα,

222 1131 264 1211 τῇ
275 1126 367 1212 ἑτέρᾳ
380 1125 416 1191 δέ
431 1132 569 1193 νεανίαν
580 1123 655 1192 τινόι
670 1134 738 1191 τῶν
750 1135 871 1212 τριχῶν
884 1128 1033 1210 σύρουσα
1047 1124 1105 1205 τὰς
1121 1141 1229 1211 χεῖρας
1290 1187 1291 1196 ,

226 1219 386 1307 ὀρέγοντα
403 1229 448 1300 είς
459 1220 518 1289 τόν
530 1222 678 1307 οὐρανόν
689 1227 744 1292 καλ
758 1224 1012 1310 μαρτυρόμενον
1023 1221 1101 1301 τοῦς
1116 1225 1228 1301 θεούς.

161 1329 208 1384 Ιθλ
226 1316 351 1403 ήγεῑται
367 1318 403 1386 δὲ
417 1318 503 1405 όνήρ
525 1318 629 1404 ῶχρός
648 1323 703 1388 καλ
724 1319 890 1406 ἄμορφος,
913 1319 972 1401 ὀξύ
994 1319 1161 1403 ὅεῦορκῶς
1177 1322 1229 1388 καὶ
1290 1319 1291 1324 ’

226 1415 341 1494 έοικῶς
356 1431 424 1494 τοῖς
444 1420 480 1484 ἐκ
495 1419 601 1484 νόσου
617 1427 745 1502 μακρᾶς
763 1421 1007 1504 κατεσκληκόσι,
1029 1425 1151 1485 τοῦτον
1167 1411 1229 1484 ούν

226 1511 310 1580 εἶναι
321 1511 381 1580 τόν
391 1515 531 1582 Φθόνον
542 1514 586 1582 όν
594 1543 642 1593 τις
654 1517 803 1582 εἰκάσειε.
827 1518 880 1584 καὶ
892 1515 1022 1602 μήνκαὶ
1034 1513 1131 1584 όὶλλαι
1143 1516 1230 1591 τινὲς

226 1612 288 1678 δύο
303 1619 552 1696 παρομαρτοῦσι
564 1617 810 1696 προτρέπουσαι
824 1619 878 1682 καὶ
890 1616 1161 1696 περιστέλλουσαι
1176 1614 1227 1678 καὶ
1291 1605 1292 1618 ’

225 1718 491 1794 κατακοσμοῦσαι
503 1708 564 1796 τήν
575 1712 758 1798 Διαβολήν.
782 1710 826 1791 ῶς
839 1716 877 1780 δέ
885 1739 941 1797 μοι
952 1713 1007 1780 καὶ
1017 1709 1138 1787 ταύτας
1150 1710 1229 1795 ἐμή-

225 1806 362 1875 νυσενό
378 1808 576 1896 περιηγητής
590 1819 647 1896 τῆς
664 1811 807 1894 εἰκόνος,
822 1809 842 1896 ἡ
856 1814 917 1895 μέν
928 1837 976 1886 τις
988 1804 1164 1894 Ἐπιβουλὴ
1176 1801 1227 1891 ἦν,

225 1905 298 1992 ήδέ
312 1905 440 1991 Ἀπάτη.
469 1908 610 1976 κατόπιν
631 1910 667 1975 δὲ
687 1905 867 1994 ἠκολούθει
885 1907 975 1973 πάνυ
993 1912 1161 1983 πενθικῶς
1182 1931 1230 1981 τις

227 2005 467 2087 ἐσκευασμένη,
489 2013 697 2088 μελανείμων
713 2007 766 2071 καὶ
783 2005 1092 2088 κατεσπαραγμένη,
1112 2003 1229 2069 Μετά-

227 2128 301 2167 νοια
318 2099 407 2186 οἶμαι
423 2100 507 2188 αὕτη
524 2107 668 2189 ἐλέγετο·
692 2105 907 2188 ἐπεστρέφετο
923 2107 1068 2186 γοῦνείς
1083 2097 1230 2167 τούπίσω

227 2197 419 2278 δακρύουσα
431 2203 485 2266 καὶ
496 2199 566 2285 μετ’
579 2207 694 2279 αἰδοῦς
705 2200 796 2268 πάνυ
807 2199 868 2284 τήν
880 2197 1056 2284 Ἀλήθειαν
1066 2203 1230 2280 προσιοῦ-

227 2318 290 2362 σαν
306 2294 500 2382 ύπέβλεπεν.
530 2298 636 2376 οὕτως
650 2301 712 2384 μὲν
730 2297 883 2384 Ἀπελλῆς
900 2297 959 2365 τόν
975 2300 1096 2364 ἑαυτοῦ
1113 2299 1230 2362 κίνδυ-

227 2420 289 2459 νον
304 2395 355 2462 ἐπὶ
369 2402 426 2479 τῆς
437 2405 567 2483 γραφῆς
582 2397 769 2484 ἐμιμήσατο.

162 2507 210 2560 133
311 2495 444 2576 6,“Φέρε
462 2495 497 2562 δὲ
514 2498 569 2563 καλ
582 2494 691 2581 ἡμεῖς,
716 2502 746 2564 εί
761 2501 868 2582 δοκεῖ,
885 2492 967 2562 κατὰ
983 2492 1045 2580 τήν
1060 2499 1121 2560 τοῦ
1135 2489 1231 2577 Ἐφε·

228 2602 302 2659 σίου
318 2596 496 2679 ζωγράφου
512 2598 630 2679 τέχνην
648 2599 835 2679 διέλθωμεν
850 2591 890 2660 τό
912 2594 1080 2675 προσόντα
1101 2599 1142 2680 τῇ
1158 2595 1231 2658 δια-

226 2700 319 2780 βολή,
337 2692 501 2775 πρότερόν
514 2719 549 2777 γε
565 2691 634 2783 όρω
645 2697 710 2760 τινὶ
723 2694 987 2780 περιγράψαντες
997 2689 1119 2777 αύτήν·
1142 2688 1231 2756 οὕτω

227 2790 290 2877 γὰρ
309 2789 352 2856 όν
368 2788 448 2877 ἡμῖν
464 2819 484 2876 η
507 2789 607 2859 είκῶν
625 2795 755 2876 γένοιτο
772 2795 995 2878 φανερωτέρα.
1026 2795 1093 2856 ἔστι
1114 2795 1231 2855 τοίνυν

227 2888 365 2976 διαβολή
382 2896 560 2973 κατηγορία
576 2917 625 2966 τις
646 2894 679 2969 ἐξ
700 2893 835 2976 ἐρημίας
850 2891 1026 2975 γινομένη,
1046 2884 1107 2954 τόν
1129 2913 1231 2972 κατη·
1293 2921 1294 2942 ³

227 2990 436 3074 γορούμενον
449 2995 628 3072 λεληθυῖα,
647 2991 683 3054 ἐκ
698 2996 758 3055 τοῦ
770 2993 977 3074 μονομεροῦς
991 2986 1233 3063 ἀναντιλέκτως

227 3088 478 3170 πεπιστευμένη.
500 3088 636 3171 τοιαύτη
647 3090 709 3172 μὲν
720 3084 740 3171 ή
753 3085 914 3161 ὑπόθεσις
925 3091 987 3151 τοῦ
1000 3084 1112 3168 λόγου.
1130 3091 1232 3166 τριῶν

227 3185 259 3252 δ’
278 3184 386 3252 όντων
403 3185 608 3269 προσώπων,
631 3187 784 3268 καθάπερ
807 3187 842 3250 έν
859 3197 929 3260 ταῖς
944 3187 1148 3270 κωμῳδίαις,
1173 3188 1233 3248 τοῦ
1293 3177 1294 3186 ’

228 3282 464 3370 διαβάλλοντος
486 3283 540 3350 καὶ
562 3290 621 3348 τοῦ
643 3285 906 3368 διαβαλλομένου
931 3282 1065 3347 καὶτοῦ
1087 3278 1173 3362 πρὸς
1194 3275 1233 3346 ὃν

226 3380 247 3469 ή
262 3384 400 3469 διαβολή
415 3388 557 3468 γίνεται,
579 3380 658 3450 καθ’
677 3384 816 3448 ἕκαστον
831 3377 943 3446 αὐτῶν
958 3377 1233 3463 ἐπισκοπήσωμεν

161 3491 209 3544 134
229 3477 281 3548 οἷα
297 3479 383 3559 είκός
398 3480 481 3548 εἶναι
495 3478 534 3546 τό
546 3482 716 3566 γινόμενα.
741 3483 769 3548 7.
786 3479 995 3562 πρῶτονμὲν
1010 3477 1067 3560 δή,
1087 3485 1118 3546 εί
1131 3482 1233 3554 δοκεῖ,
