2625 4092
232 276 294 339 126
586 282 894 341 AOYKIANOY

230 465 293 525 χην
308 438 429 508 αὐτοῦ·
458 444 574 525 ἕτερον
595 440 632 509 δέ
645 442 821 526 τεράστιον
836 440 1040 529 ἀνθρωπον,
1065 449 1193 537 [τράγῳ
1208 448 1247 513 τά

231 539 357 621 νέρθεν
372 538 532 625 ἐοικόταλ,
551 542 701 627 κομήτην
711 541 751 609 τὰ
763 546 880 628 σκέλη,
899 546 1019 626 κέρατα
1033 549 1168 631 έχοντα,
1184 555 1245 633 βα-

229 636 442 723 θνπάγωνα,
467 634 603 723 ὀργίλον
620 640 676 705 καὶ
689 640 859 725 θυμικόν,
881 644 1009 729 θατέρᾳ
1022 643 1085 727 μὲν
1099 643 1246 729 σύριγγα

230 734 392 819 φέροντα,
416 741 456 823 τῇ
478 740 568 824 δεξιᾷ
585 738 621 803 δὲ
638 738 766 823 ῥάβδον
781 739 961 824 καμπύλην
981 741 1171 826 ἐπηρμένον
1188 746 1242 808 καὶ

230 838 492 917 περισκιρτῶντα
510 831 592 903 ὅλον
613 832 649 903 τό
667 837 911 921 στρατόπεδον,
935 840 990 905 καὶ
1005 836 1045 904 τά
1060 838 1188 923 γύναια
1210 840 1245 906 δὲ

231 936 411 1013 φοβεῖσθαι
425 930 530 999 αὐτὸν
541 934 596 1001 καί
606 941 709 1001 σείειν
720 932 935 1020 ἠνεμωμένας
944 933 1004 1014 τάς
1014 936 1131 1021 κόμας,
1142 934 1246 1004 ὁπότε

180 1048 213 1105 77
231 1036 382 1116 προσίοι,
400 1034 455 1100 καὶ
468 1036 554 1120 βοᾶν
567 1030 654 1101 εῦοῑ·
677 1041 777 1100 τοῦτο
789 1030 820 1099 δ’
839 1036 980 1114 εἰκάζειν
990 1043 1168 1102 καλεῖσθαι
1181 1032 1245 1101 αύ-

229 1135 297 1195 τῦν
314 1127 374 1197 τόν
391 1132 564 1218 δεσπότην.
593 1131 652 1211 τάς
666 1138 686 1199 δ
691 1132 698 1155 ’
717 1126 781 1200 οῦν
797 1140 940 1219 ποίμνας
955 1133 1163 1219 διηρπάσθαι
1179 1132 1245 1221 ἤδη

229 1224 380 1295 ὑπάτων
401 1238 572 1314 γυναικῶν
594 1232 649 1299 καί
669 1232 870 1298 διεσπάσθαι
887 1237 934 1299 ἐτι
951 1238 1055 1313 ζῶντα
1072 1230 1112 1299 τά
1134 1236 1245 1319 θρέμ-

228 1351 330 1410 ματα·
367 1323 570 1412 ὠμοφάγους
589 1330 655 1413 γάρ
677 1351 769 1407 τινας
790 1327 892 1407 αύτάς
914 1328 1007 1396 εἶναι.
1041 1335 1070 1397 3.
1089 1336 1245 1396 ταῦταοὶ

226 1421 321 1492 Ἰνδοὶ
337 1420 421 1493 καὶὸ
437 1424 595 1513 βασιλεύς
609 1423 723 1493 αὐτῶν
734 1422 915 1505 ἀκούοντες
926 1427 1065 1511 ἐγέλων,
1082 1423 1127 1505 αἰς
1142 1424 1181 1493 τό
1197 1432 1244 1495 εί-

229 1522 303 1608 κός,
331 1526 385 1591 καὶ
411 1520 485 1590 οὐδ’
514 1521 750 1611 ἀντεπεξάγειν
777 1519 798 1610 ἢ
823 1526 1092 1606 παρατάττεσθαι
1112 1522 1243 1612 ἠξίουν,

228 1621 302 1691 ἀλλ’
321 1633 412 1707 είπερ
428 1622 509 1709 ἀρα,
524 1622 583 1703 τάς
595 1640 758 1711 γυναῖκας
769 1626 953 1710 ἐπαφήσειν
968 1622 1098 1710 αὐτοῖς,
1115 1629 1147 1692 εί
1156 1632 1243 1710 πλη-

229 1730 302 1790 σίον
320 1724 490 1810 γένοιντο,
520 1732 616 1809 σφίσι
642 1726 678 1793 δὲ
699 1726 754 1792 καί
775 1732 875 1791 νικᾶν
894 1722 1033 1809 αίσχρόν
1054 1724 1164 1791 ἐδόκει
1189 1724 1241 1791 καὶ

230 1820 391 1905 φονεύειν
407 1822 528 1907 γύναια
545 1824 715 1910 μεμηνότα
730 1826 785 1891 καὶ
799 1829 1013 1909 θηλυμίτρην
1027 1821 1172 1907 ἄρχοντα
1188 1824 1242 1888 καὶ

228 1920 361 2005 μεθύον
376 1920 519 2005 σμικρόν
532 1922 709 2007 γερόντιον
720 1923 775 1989 καὶ
786 1918 1052 2007 ἡμιστρατιάτην
1068 1920 1172 1988 ἀλλον
1188 1924 1242 1989 καὶ

228 2020 400 2105 γυμνήτας
421 2016 598 2105 ὀρχηστάς,
622 2021 750 2097 πάντας
771 2027 932 2104 γελοίους.
962 2021 1032 2087 ἐπεὶ
1050 2020 1085 2085 δὲ
1100 2016 1242 2105 ἤγγελτο

229 2123 413 2201 πυρπολῶν
430 2115 541 2197 ὁθεός
555 2118 619 2206 ἤδη
631 2117 694 2206 τὴν
707 2119 822 2205 χώραν
837 2119 893 2186 καί
902 2119 1016 2197 πόλεις
1030 2116 1243 2198 αὐτάνδρους

228 2218 447 2301 καταφλέγων
463 2219 516 2285 καὶ
532 2214 692 2285 ἀνάπτων
708 2215 767 2296 τάς
782 2216 865 2295 ῦλας
881 2221 935 2284 καὶ
950 2220 987 2283 ἐν
1000 2220 1118 2303 βραχεῖ
1129 2224 1243 2282 πάσαν

227 2312 449 2402 τὴνΊνδικὴν
465 2316 592 2403 φλογὸς
607 2317 823 2402 ἐμπεπληκώς
834 2358 875 2368 -
890 2314 997 2384 ὅπλον
1012 2316 1077 2401 γάρ
1093 2340 1145 2382 τοι
1155 2328 1243 2384 Διο-

227 2412 390 2483 νυσιακόν
404 2413 441 2482 τό
457 2422 542 2499 πῦρ,
567 2422 724 2504 πατρῷον
745 2414 835 2506 αύτῷ
851 2416 914 2485 κάκ
931 2423 992 2484 τοῦ
1011 2424 1183 2499 κεραυνοῦ
1200 2460 1242 2469 -

177 2534 212 2591 78
230 2517 377 2581 ἐνταῦθα
389 2512 452 2601 ἤδη
464 2519 595 2603 σπουδῇ
607 2510 842 2599 ἀνελάμβανον
854 2514 893 2582 τά
909 2514 995 2586 όπλα
1011 2520 1065 2585 καί
1079 2514 1159 2593 τοῦς
1169 2518 1240 2583 έλέ-

228 2640 355 2699 φαντας
375 2614 589 2693 ἐπισάξαντες
610 2616 664 2681 καὶ
682 2611 961 2699 ἐγχαλινώσαντες
979 2617 1034 2684 καὶ
1053 2613 1133 2692 τούς
1150 2616 1240 2698 πύρ-

226 2738 308 2799 γους
330 2710 534 2797 ἀναθέμενοι
561 2710 613 2781 έπ’
636 2711 761 2792 αύτούς
781 2711 1038 2802 ἀντεπεξῄεσαν,
1066 2740 1240 2799 καταφρο-

227 2820 365 2890 νοῦντες
376 2812 438 2897 μὲν
449 2813 503 2878 καὶ
514 2812 604 2887 τότε,
621 2809 829 2899 ὀργιζόμενοι
844 2815 880 2881 δέ
892 2812 982 2899 ὅμως
993 2815 1047 2881 καὶ
1058 2828 1241 2897 συντρῖψαι

227 2912 429 2988 σπεύδοντες
439 2907 532 2995 αύτῷ
542 2915 753 3001 στρατοπέδω
765 2912 824 2980 τόν
833 2911 985 2998 ἀγένειον
995 2916 1124 2979 ἐκεῖνον
1136 2933 1238 2994 στρα-

226 3010 379 3095 τηλάτην.
404 3014 433 3075 4.
447 3009 517 3076 ἐπεὶ
529 3009 564 3076 δέ
574 3016 716 3095 πλησίον
730 3014 883 3098 ἐγένοντο
896 3012 951 3078 καὶ
962 3009 1053 3078 είδον
1061 3008 1240 3097 ἀλλήλους,

227 3112 261 3175 οδ
281 3111 343 3194 μὲν
368 3104 464 3176 Ἰνδοὶ
486 3110 708 3189 προτάξαντες
727 3110 805 3188 τοῦς
825 3114 1006 3195 ἐλέφαντας
1028 3114 1156 3197 ἐπῆγον
1177 3110 1242 3197 την

227 3206 399 3294 φάλαγγα,
422 3205 624 3286 ὁΔιόνυσος
641 3211 677 3277 δέ
699 3208 736 3276 τό
752 3213 854 3296 μέσον
874 3210 936 3297 μὲν
957 3207 1058 3290 αὐτὸς
1074 3209 1154 3298 εἶχε,
1177 3219 1242 3279 τοῦ

226 3307 330 3390 κέρως
343 3308 377 3374 δὲ
390 3303 480 3395 αύτῷ
492 3314 552 3375 τοῦ
567 3310 678 3387 δεξιοῦ
689 3307 752 3394 μέν
763 3307 780 3376 ὁ
793 3311 966 3397 Σειληνός,
981 3318 1041 3379 τοῦ
1056 3308 1240 3396 εὐωνύμου

226 3406 262 3473 δέ
282 3404 300 3474 ὁ
318 3403 395 3473 Πάν
415 3404 576 3493 ἡγοῦντο·
610 3412 744 3492 λοχαγοὶ
766 3410 802 3477 δέ
823 3412 877 3478 καὶ
900 3413 1065 3495 ταξίαρχοι
1086 3410 1240 3494 Σάτυροι

226 3506 544 3594 ἐγκαθειστήκεσαν·
568 3509 622 3575 καὶ
634 3506 670 3575 τό
684 3509 745 3594 μὲν
760 3509 920 3595 σύνθημα
931 3502 976 3594 ἦν
988 3508 1091 3577 ἅπασι
1106 3507 1142 3577 τὸ
1156 3506 1239 3577 εῦοτ,
