2625 4092
241 282 305 345 210
600 285 904 343 AOYKIANOY

242 470 304 526 ρον
320 448 356 511 δὲ
376 447 431 511 καὶ
457 442 477 510 δ
497 444 746 530 χρησιμώτερον
764 437 873 530 ἦν’τςδ
894 451 956 532 βίω
979 444 1067 524 παρὰ
1086 444 1176 512 πολὺ
1199 448 1250 511 καὶ

241 550 333 611 θεεᾶν
350 546 488 625 δωρεαίς
502 550 628 626 μᾶλλον
650 541 774 628 ἐοικός,
793 545 876 626 λέγω
895 545 931 610 δὲ
947 540 1008 629 τὴν
1024 552 1091 610 των
1108 543 1251 629 μελλόν-

241 666 309 708 των
319 639 583 726 προαγόρευσιν,
599 637 679 706 ούδέ
692 639 753 726 τὴν
763 637 869 725 ἀρχὴν
879 643 1101 726 ἐξαπέφηνας,
1116 639 1205 709 ἀλλά
1216 639 1251 707 τό

241 742 340 825 μέρος
355 746 453 804 τοῦτο
467 745 535 803 πάν
549 738 638 824 λη’θη
653 741 891 818 παραδέδωκας
911 735 1064 824 οὐδαμοῦ
1077 747 1134 824 τῆς
1151 737 1252 823 ποιή-

241 855 324 914 σεως
336 831 359 922 ἢ
373 833 434 903 τὸν
446 836 624 920 Κάλχαντα
640 831 734 920 ἢτδυ
748 837 898 920 Τήλεμον
914 832 935 920 ἢ
954 832 1014 903 τόν
1023 836 1217 904 Πολύειδον
1233 831 1253 919 ἢ

242 939 297 1001 καὶ
314 936 418 1001 Φινέα
434 935 677 1020 μιμησάμενος,
699 940 734 1001 οἳ
752 933 834 1019 μηδὲ
849 934 938 1017 παρά
956 941 1110 1002 Μουσῶν
1126 936 1253 1002 τούτου

242 1034 397 1118 τυχόντες
417 1029 506 1118 ὅμως
522 1035 764 1114 προεθέσπιζον
783 1036 837 1099 καὶ
852 1030 914 1100 οάκ
934 1032 1068 1100 ὤκνουν
1082 1041 1169 1119 χρᾶν
1187 1047 1253 1110 τοῖς

242 1134 418 1217 δεομένοις.
442 1138 471 1199 2.
490 1130 574 1199 ὥστε
589 1129 719 1216 ἀνάγκη
732 1154 785 1198 σοι
799 1140 866 1198 τῶν
876 1139 978 1215 τριῶν
991 1131 1121 1198 τούτων
1132 1137 1254 1199 αἰτιῶν

241 1239 299 1318 μιᾷ
317 1256 355 1315 γε
370 1229 503 1308 πάντως
518 1233 706 1315 ἐνέχεσθαι·
727 1225 826 1315 ἦμάρ
842 1231 990 1313 ἐψεύσω,
1015 1235 1044 1296 εί
1056 1232 1109 1296 καί
1126 1230 1254 1314 πικρόν

243 1334 357 1411 εἰπεῖν,
368 1324 412 1406 ὡς
422 1324 660 1412 ὑποσχομένων
669 1348 723 1393 σοι
734 1334 960 1394 τωνΜουσῶν
971 1327 1026 1394 καὶ
1037 1327 1077 1391 τά
1086 1331 1253 1411 μέλλοντα

242 1428 416 1508 προλέγειν
430 1424 615 1491 δύνασθαι·
637 1420 660 1509 ἢ
674 1429 711 1490 αί
722 1428 915 1509 μετέδοσαν
930 1424 1042 1508 οἵσπερ
1054 1422 1253 1509 ὑπέσχοντο,

241 1522 284 1589 σὺ
300 1522 336 1590 δὲ
351 1519 415 1588 ὑπὸ
433 1522 571 1609 φθόνου
587 1520 810 1607 ἀποκρύπτεις
825 1525 880 1590 καὶ
893 1520 959 1590 ὑπό
975 1524 1102 1591 κόλπου
1116 1522 1253 1608 φυλάτ-
1308 1565 1309 1610 χ

240 1648 306 1699 τεις
320 1619 382 1706 τὴν
399 1619 530 1702 δωρεάν
544 1619 586 1687 ού
601 1625 798 1706 μεταδιδούς
813 1619 915 1705 αὐτῆς
928 1636 995 1701 τοῖς
1011 1626 1203 1708 δεομένοις·
1234 1617 1254 1705 ἢ
1308 1648 1309 1672 ι

240 1721 422 1806 γέγραπται
438 1723 500 1804 μέν
521 1740 575 1786 σοι
592 1721 646 1786 καὶ
660 1728 798 1786 τοιαῦτα
813 1720 936 1800 πολλά,
961 1717 1091 1786 οὐδέπω
1107 1720 1142 1785 δὲ
1163 1719 1252 1785 αὐτὰ

239 1823 285 1904 τῷ
300 1821 361 1906 βίω
376 1820 614 1900 παραδέδωκας
629 1814 692 1883 οὐκ
710 1815 783 1884 οἶδα
800 1824 846 1896 είς
859 1815 900 1884 ὃν
920 1815 1037 1902 καιρόν
1051 1843 1124 1884 τινα
1140 1815 1253 1885 ἀλλον

241 1912 481 1998 ταμιευόμενος
497 1910 559 1996 τὴν
576 1919 696 1998 χρῆσιν
717 1910 838 1978 αὐτῶν.
871 1917 978 1981 έκεῖνο
1000 1912 1142 2001 μὲνγὰρ
1172 1912 1254 1982 οὐδὲ

240 2006 437 2094 τολμήσαιμ
455 2005 499 2075 ἀν
517 2015 638 2093 εἰπεῖν,
662 2006 704 2087 ὑς
724 2015 759 2077 αί
777 2017 916 2077 Μοῦσαι
936 2013 998 2079 δύο
1020 2032 1072 2079 σοι
1092 2017 1254 2092 παρέξειν

173 2121 224 2174 242
243 2105 469 2193 ὑποσχόμεναι
483 2105 520 2174 τό
532 2106 594 2192 μέν
605 2113 742 2191 ἔδοσαν,
757 2112 789 2186 έξ
800 2105 949 2194 ἡμισείας
960 2111 995 2177 δέ
1006 2109 1253 2178 ἀνεκαλέσαντο
1307 2159 1308 2198 ,

240 2205 302 2291 τὴν
316 2203 516 2290 ὑπόσχεσιν,
533 2211 618 2289 λέγω
634 2207 669 2274 δὲ
681 2206 742 2292 τὴν
755 2213 823 2273 τῶν
834 2207 1024 2291 μελλόντων
1035 2214 1182 2294 γνῶσιν,
1199 2213 1253 2276 καλ

241 2313 344 2373 ταῦτα
355 2309 521 2391 προτέραν
534 2305 640 2393 αὐτὴν
656 2311 694 2375 έν
708 2314 754 2396 τῷ
765 2313 835 2375 ἔπει
846 2304 1077 2393 ὑπεσχημέναι.
1099 2313 1127 2375 3.
1142 2319 1252 2376 ταῦτα

242 2397 305 2471 ούν
318 2402 408 2488 παρὰ
424 2411 512 2483 τίνος
524 2403 643 2488 ἀλλον,
660 2403 803 2489 Ἡσίοδε,
818 2401 840 2490 ἢ
855 2403 932 2489 παρ’
947 2404 1052 2473 αὑτοῦ
1066 2414 1128 2474 σοῦ
1141 2409 1252 2491 μάθοι

241 2526 292 2582 τις
306 2503 365 2584 άν;
387 2506 507 2587 πρέποι
522 2500 585 2588 γάρ
604 2503 663 2584 ἀν,
686 2500 796 2587 ὥσπερ
811 2507 845 2570 οί
862 2505 935 2570 θεολ
956 2509 1122 2590 ,δωτῆρες
1137 2504 1253 2572 ἐάωνίῑ
1306 2579 1307 2584 ¹

242 2606 342 2686 είσίν,
362 2600 451 2669 οὕτω
467 2601 503 2670 δέ
516 2612 571 2668 καλ
586 2599 668 2686 ὑμῖν
683 2613 751 2678 τοίς
766 2607 875 2684 φίλοις
889 2605 944 2668 καὶ
956 2613 1118 2690 μαθηταῖς
1135 2601 1253 2670 αὐτῶν
1306 2595 1307 2602 ¹

241 2695 321 2782 μετά
339 2699 446 2784 πάσης
461 2699 620 2784 ἀληθείας
636 2702 824 2785 ἐξηγεῖσθαι
846 2702 920 2782 περὶ
938 2692 986 2768 οἷν
998 2711 1067 2769 λστε
1083 2704 1136 2769 καὶ
1152 2703 1251 2770 λύειν

240 2792 319 2880 ἡμῖν
330 2794 388 2875 τάς
402 2795 549 2880 ἀπορίας.

325 2898 354 2959 4.
376 2900 598 2962 ΗΣιοΔοΣ.
618 2890 714 2980 Ἐνῆν
729 2896 790 2980 μιν
805 2920 878 2979 μοι,
902 2886 1105 2979 mum,
1128 2898 1251 2984 ρᾳοιιι

241 2989 420 3074 ἀπόκρισιν
436 2991 686 3075 ἀποκρίνασθαί
702 3014 755 3059 σοι
779 2994 854 3075 περὶ
874 2989 1048 3077 ἀπάντων,
1073 2993 1124 3060 ὅτι
1143 3000 1251 3080 μηδέν

242 3090 310 3154 ἐστι
321 3096 389 3156 τῶν
402 3093 690 3179 ἐρραψῳδημένων
703 3089 762 3157 ὑπ’
775 3094 858 3176 ἐμοῦ
869 3094 955 3158 ίδιον
967 3091 1063 3176 ἐμόν,
1084 3090 1169 3159 ἀλλά
1182 3102 1250 3160 τῶν

240 3192 409 3272 Μουσῶν,
424 3189 479 3256 καὶ
493 3191 591 3273 ἐχρῆν
604 3210 640 3255 σε
655 3187 735 3270 παρ’
749 3191 886 3256 ἐκείνων
901 3186 979 3267 τούς
989 3186 1169 3274 λογισμούς
1180 3199 1250 3257 τῶν

240 3310 275 3350 τε
293 3288 475 3370 εἰρημένων
496 3290 550 3354 καὶ
569 3296 637 3354 τῶν
658 3288 972 3372 παραλελειμμένων
988 3285 1152 3355 ἀπαιτεῖν·
1184 3289 1248 3375 ἐγώ
1304 3281 1305 3290 ¹

242 3381 277 3448 δὲ
291 3379 377 3467 ὑπὲρ
393 3384 453 3468 μὲν
469 3376 517 3452 ἀν
533 3391 601 3474 ίδίᾳ
612 3384 820 3472 ἠπιστάμην,
836 3387 922 3470 λέγω
938 3386 973 3450 δὲ
989 3391 1049 3450 τοῦ
1063 3386 1178 3470 νέμειν
1194 3391 1249 3452 καὶ

241 3488 429 3565 ποιμαίνειν
445 3487 499 3550 καὶ
515 3485 706 3563 ἐξελαύνειν
729 3486 781 3552 καὶ
797 3482 946 3569 βδάλλειν
972 3484 1027 3548 καὶ
1048 3490 1116 3548 τῶν
1134 3481 1249 3551 ἀλλων
