2625 4092
219 282 282 347 ³50
571 287 878 351 AOPKIANOY

219 445 335 511 ἐδέετο.
358 444 469 532 τυχιόν
480 447 661 535 δέβηιδίως
677 450 710 525 ές
721 446 781 513 τόν
791 451 919 516 ἑωυτοῦ
930 447 1024 518 οἰκον
1035 447 1224 518 ἀπικνέεται

218 545 274 615 καὶ
293 544 407 613 πεσόν
426 550 546 630 χαμᾶζε
563 547 675 613 τοιάδε
697 543 860 627 άδόρετο·
894 541 921 613 οἳ
942 552 1102 625 δείλαιος.
1125 555 1162 615 τί
1175 576 1226 634 μοι

219 641 339 729 ταύτης
353 650 411 730 τῆς
427 648 569 723 πίστιος;
592 650 627 711 τί
638 644 678 711 δέ
689 669 745 729 μοι
766 640 865 728 ὁδοῦ,
885 650 942 731 τῆς
957 648 1050 725 τέλος
1069 645 1136 733 ήδη
1155 650 1227 726 δέρ-

218 766 334 826 κομαι;
357 743 430 820 νέος
443 740 504 827 μέν
517 741 582 827 ἐγώ
597 744 651 809 καὶ
666 742 800 828 γυναικὶ
811 749 896 831 καλή
913 745 1042 829 έφομαι.
1065 743 1104 811 τό
1125 748 1167 812 δέ
1176 772 1226 829 μοι

217 837 344 924 μεγάλη
358 836 515 923 συμφορή
528 843 674 923 ἔσσεται,
692 846 722 907 εἰ
734 836 779 926 μή
795 844 898 925 ἐγωγε
915 846 1027 908 πάσαν
1040 848 1156 929 αἰτίην
1171 868 1228 908 ua-

217 943 281 1001 κού
297 933 521 1021 ἀποθήσομαι.
544 944 588 1026 τῷ
603 964 644 1023 με
658 944 742 1023 χρῆν
751 940 834 1024 μέγα
849 943 949 1023 ἔργον
958 936 1179 1023 ἀποτελέσαι,
1194 938 1229 1004 τό

217 1060 273 1121 μοι
297 1035 405 1101 πάντα
431 1034 541 1121 φόβον
567 1034 700 1122 ἰήσεται.
733 1034 813 1103 τάδε
836 1033 940 1103 εἰπόν
963 1033 1079 1103 ἀτελέα
1101 1035 1230 1104 ἑωυτόν

218 1135 339 1217 ἐποίεε,
358 1135 411 1199 καί
425 1131 538 1219 ταμών
552 1131 591 1200 τά
604 1138 713 1201 αἰδοία
729 1136 762 1211 ἐς
776 1131 919 1219 ἀγγήιον
929 1131 1050 1218 μικρόν
1066 1138 1230 1201 κατέθετο

217 1230 351 1318 σμύρνη
364 1256 400 1297 τε
411 1227 480 1316 ἅμα
491 1232 546 1299 καὶ
556 1234 661 1317 μέλιτι
672 1232 726 1299 καλ
737 1228 866 1299 ἀλλοισι
878 1232 1036 1319 θυώμασι
1048 1234 1105 1299 καὶ
1117 1238 1230 1299 ἔπειτα

150 1344 200 1397 468
219 1332 378 1414 σφρηγίδι
393 1326 455 1415 την
475 1330 592 1414 ἐφόρεε
607 1330 841 1416 σημηνάμενος
859 1328 896 1399 τό
912 1337 1026 1417 τρῶμα
1040 1337 1123 1416 ἰῆτο.
1149 1330 1230 1416 μετὰ

219 1425 254 1493 δέ
270 1423 313 1503 ὥς
328 1452 386 1511 μιν
401 1422 609 1509 ὁδοιπορέειν
623 1429 773 1510 ἐδόκεεν,
790 1426 992 1514 ἀπικόμενος
1007 1430 1040 1505 ές
1056 1427 1120 1496 τόν
1131 1436 1230 1515 βασι-

219 1530 281 1609 λῆα
293 1531 427 1591 πολλῶν
438 1525 633 1607 παρεόντων
644 1529 776 1593 διδοῖτε
790 1524 859 1612 άμα
869 1523 907 1593 τό
918 1524 1059 1613 ἀγγήιον
1071 1528 1130 1593 καλ
1141 1529 1229 1612 λέγει

220 1616 302 1691 ὦδε·
327 1616 364 1690 Ὠ
381 1627 538 1705 δέσποτα,
554 1626 630 1691 τόδε
648 1651 704 1710 μοι
717 1630 800 1711 μέγα
815 1626 985 1712 κειμήλιον
998 1628 1035 1691 ἐν
1051 1638 1164 1691 τοῖσιν
1181 1630 1230 1692 oi-

218 1728 362 1808 κηίοισιν
376 1720 549 1805 ἀπεκέετο,
570 1720 606 1788 τό
626 1721 690 1807 ἐγώ
713 1725 816 1810 κάρτα
834 1724 994 1791 ἐπόθεον·
1022 1730 1090 1790 νῦν
1105 1724 1144 1789 δέ
1160 1722 1229 1789 ἐπεὶ

219 1819 366 1906 μεγάλην
378 1817 459 1887 ὁδὸν
472 1826 616 1907 ἔρχομαι,
632 1820 722 1906 παρά
734 1826 784 1889 σοὶ
800 1824 876 1890 τόδε
886 1824 1043 1908 θήσομαι.
1065 1820 1111 1888 σύ
1123 1825 1167 1888 δέ
1174 1848 1228 1905 μοι

219 1915 393 2002 ἀσφαλέως
404 1924 504 2003 ἐχειν·
528 1919 604 1987 τόδε
616 1920 681 2004 γάρ
693 1947 748 2004 μοι
760 1928 886 2006 χρυσοῦ
897 1925 1063 2007 βέλτερον,
1079 1918 1162 1986 τόδε
1172 1946 1227 2004 μοι

219 2021 323 2100 ψυχῆς
339 2018 418 2101 ἐμῆς
432 2012 596 2095 ἀντάξιον.
621 2009 689 2083 εὖτ’
707 2013 751 2083 ἀν
767 2017 803 2086 δέ
819 2015 1001 2103 ἀπίκωμαι,
1024 2023 1117 2083 σῶον
1132 2010 1227 2093 αὖτις
1289 2065 1290 2086 ι

217 2110 404 2196 ἀποίσομαι.
423 2110 486 2179 όδὲ
498 2115 676 2201 δεξάμενος
686 2116 779 2204 ἑτέρη
793 2121 951 2201 σφρηγῖδι
962 2118 1163 2201 ἐσημαίνετο
1174 2115 1227 2181 καλ

218 2222 300 2275 τοῖσι
319 2215 450 2296 ταμίῃσι
471 2215 650 2294 φρουρέειν
670 2214 862 2281 ἐνετείλατο.
895 2220 945 2281 21.
963 2213 1145 2299 Κομβάβος
1165 2216 1227 2296 μέν

218 2334 283 2375 νυν
298 2304 334 2373 τό
348 2304 413 2374 ἀπό
428 2314 526 2377 τοῦδε
537 2308 688 2397 ἀσφαλέα
699 2308 782 2379 ὁδόν
793 2311 910 2400 ἤνυεν·
932 2310 1132 2398 ἀπικόμενοι
1145 2314 1227 2389 δέές

217 2404 279 2493 τήν
298 2404 374 2493 ι’ρήν
389 2407 487 2475 πόλιν
507 2414 638 2499 σπουδῇ
654 2408 714 2477 τόν
731 2408 816 2497 νηόν
837 2413 1032 2496 οἰκοδόμεον
1052 2414 1110 2478 καὶ
1127 2418 1226 2496 σφίσι

216 2512 289 2589 τρία
303 2509 375 2572 ἰτεα
386 2508 424 2573 έν
435 2514 479 2596 τῷ
491 2513 576 2598 έργφ
591 2512 766 2596 ἐξεγένετο,
784 2512 821 2577 έν
830 2524 937 2578 τοτσιν
946 2509 1106 2597 ἀπέβαινε
1117 2512 1226 2592 τάπερ

112 2642 113 2647 1
214 2603 233 2672 ὁ
256 2604 434 2692 Κομβάβος
454 2603 637 2689 ὀρρώδεεν·
670 2606 690 2695 ή
712 2616 920 2696 Στρατονίκη
938 2608 1002 2695 γάρ
1023 2609 1153 2696 χρόνον
1174 2611 1225 2676 ἐπὶ

216 2702 340 2772 πολλόν
350 2704 496 2771 συνόντα
507 2732 565 2791 μιν
575 2710 715 2774 ποθέειν
726 2706 853 2794 ἄρχετο,
868 2706 949 2794 μετά
961 2712 999 2775 δέ
1009 2712 1043 2775 οἰ
1050 2712 1106 2775 καὶ
1116 2710 1225 2791 κάρτα

217 2804 411 2889 ἐπεμήνατο.
426 2805 480 2871 καὶ
491 2806 647 2889 λέγουσιν
658 2810 694 2872 οἱ
702 2809 737 2873 έν
747 2813 787 2892 τῇ
797 2812 853 2893 ίρή
864 2807 941 2875 πόλι
953 2805 1014 2893 τήν
1021 2806 1132 2893 Ἥρην
1144 2835 1225 2874 του-

216 2904 301 2969 τέων
312 2909 419 2989 αἰτίην
435 2906 620 2970 ἐθέλουσαν
634 2907 809 2989 γενέσθαι,
824 2907 1007 2994 Κομβάβον
1021 2904 1152 2974 ἐσθλόν
1163 2909 1224 2991 μὲν
1289 2915 1290 2918 ’

216 3000 313 3069 ἐόντα
336 3003 472 3069 λαθέειν
489 3004 642 3087 μηδαμά,
669 3010 897 3091 Στρατονίκην
914 3003 949 3071 δέ
968 3011 1145 3083 τίσασθαι,
1174 3004 1224 3073 ὅτι

217 3096 259 3165 οὐ
275 3100 409 3185 ῥηιδίως
428 3096 489 3167 τόν
504 3098 588 3186 νηόν
605 3098 773 3187 ὑπέσχετο.
806 3100 892 3189 λθή
915 3106 951 3171 δέ
970 3101 1009 3170 τά
1026 3105 1088 3188 μέν
1105 3112 1223 3189 πρῶτα
1289 3163 1290 3172 ,

148 3206 199 3263 469
219 3197 407 3282 ἐσωφρόνει
424 3202 477 3265 καὶ
492 3197 555 3285 τήν
569 3208 695 3269 νοῦσον
713 3207 891 3287 ἔκρυπτεν,
907 3198 952 3280 ός
965 3203 1005 3269 δέ
1016 3206 1049 3269 οί
1061 3200 1098 3267 τό
1115 3201 1224 3270 κακόν

217 3297 313 3378 μέζον
326 3293 461 3381 ἡσυχίης
477 3300 621 3382 ἐγένετο,
643 3302 676 3377 ἐς
690 3299 833 3384 ἐμφανές
848 3297 999 3383 έτρόχετο
1016 3303 1176 3368 κλαίεδκέ
1190 3327 1224 3367 τε

217 3390 261 3459 δι’
277 3392 399 3480 ἡμέρης
414 3396 467 3461 καὶ
484 3396 666 3483 Κομβάβον
682 3396 875 3464 ἀνεκαλέετο
891 3405 949 3464 καί
962 3403 995 3466 οί
1007 3401 1115 3466 πάντα
1125 3407 1224 3485 Κομ-

217 3488 318 3575 βάβος
334 3484 387 3576 ἦν.
413 3494 506 3569 τέλος
526 3494 561 3560 δέ
580 3493 811 3581 ἀμηχανέουσα
825 3504 866 3583 τῇ
879 3503 1037 3583 συμφορῇ
1054 3494 1223 3579 εὐπρεπέα
