2625 4092
283 286 369 342 ΔΙΣ
387 284 881 346 ΚΑΤΗΓΟΡΟΤΜΕΝΟΣ.
1047 286 1086 350 ll

164 431 255 514 ΔῘΚ.
288 451 344 522 Τίς
368 447 421 512 δαὶ
449 436 548 522 οὗτός
568 448 676 525 ἐστιν;
709 443 751 511 οῦ
775 445 841 530 γάρ
870 449 1088 535 ἐγγέγραπται

85 543 236 630 ιοῦνομα.

163 651 267 712 ΕΡΜ.
286 639 403 720 Οὕτως
414 640 623 728 ἀποκλήρου,
636 650 681 731 τῳ
693 643 808 728 ῥήτορι
819 652 865 731 τῷ
876 645 995 734 Σύρῳ·
1018 671 1086 712 κω-
1105 660 1156 714 809

84 741 152 808 λύει
166 738 230 827 γάρ
248 738 348 808 οῦδὲν
365 744 419 809 καὶ
435 739 519 808 ἀνευ
534 747 594 807 τοῦ
609 741 780 825 ὀνόματος.
1052 769 1058 778 ·

162 846 256 910 ΔΙΚ.
277 836 381 923 Ἰδού,
403 839 458 906 καὶ
478 838 535 916 τάς
554 836 754 922 ὑπερορίους
771 836 834 922 ήδη
853 835 1035 925 Ἀθήνησιν
1051 843 1087 907 ἐν

80 937 188 1028 Ἀρείῳ
208 939 305 1028 πάγῳ
327 936 627 1023 ἀποκληρώσομεν,
653 933 693 1014 ἀς
712 933 796 1017 ὑπὲρ
819 933 880 1002 τδν
901 935 1086 1022 Εὐφράτην

81 1044 185 1115 καλῶς
201 1035 264 1122 εἶχε
285 1035 493 1102 δεδικάσθαι.
521 1032 609 1118 πλήν
626 1031 710 1102 ἀλλά
726 1034 853 1119 κλήρου
874 1036 992 1100 ἕνδεκα
1008 1032 1087 1112 τοῦς

81 1129 201 1212 αῦτοῦς
218 1134 353 1220 ἑκατέρᾳ
368 1141 435 1199 των
451 1136 563 1198 δικῶν.

160 1237 265 1300 ΕΡΜ.
288 1223 402 1316 Εὖγε,
421 1223 557 1314 άΔίκη,
574 1236 672 1317 φείδη
685 1227 730 1314 μή
746 1227 833 1297 πολῦ
848 1227 1088 1296 ἀναλίσκεσθαι

79 1328 113 1395 ιδ
131 1328 333 1397 δικαστικόν.

162 1432 212 1495 15.
227 1434 283 1496 ΔΙ
284 1433 321 1493 K.
347 1429 391 1493 Οἱ
404 1432 528 1507 πρῶτοι
543 1430 770 1505 καθιζέτωσαν
783 1433 823 1513 τῇ
836 1423 1016 1514 Ἀκαδημίᾳ
1033 1427 1087 1492 καὶ

78 1534 117 1611 τῇ
133 1529 254 1613 Μέθη·
284 1521 328 1591 σῦ
350 1527 385 1590 δὲ
406 1523 443 1590 τὸ
460 1521 552 1605 ὕδωρ
569 1531 665 1609 ἔγχει.
694 1528 839 1608 προτέρα
860 1525 895 1591 δὲ
911 1521 955 1590 σῦ
975 1520 1086 1608 λέγεή

78 1626 189 1708 Μέθη.
213 1629 246 1691 τί
257 1629 335 1711 σιγᾷ
346 1625 402 1690 καὶ
415 1624 580 1702 διανεῦεις
594 1623 696 1709 μάθε,
712 1615 862 1708 άἙρμή,
875 1622 1084 1707 προσελθων,

159 1727 264 1789 ΕΡΜ.
289 1717 341 1788 Οῦ
363 1718 527 1805 δύναμαι,
552 1726 648 1805 φησί,
677 1717 738 1786 τὸν
759 1719 873 1806 ἀγῶνα
895 1726 998 1788 εἰπεῖν
1019 1716 1084 1787 ὑπὸ

77 1826 134 1885 τοῦ
153 1817 302 1900 ἀκράτου
318 1815 379 1903 τήν
399 1825 549 1902 γλῶτταν
566 1821 794 1904 πεπεδημένη,
819 1815 862 1905 μή
885 1820 940 1885 καὶ
959 1822 1086 1904 γέλωτα

77 1913 170 1998 ὅῳλω
189 1917 225 1982 ἐν
238 1924 286 2004 τῳ
303 1920 512 2004 δικαστηρίῳ.
535 1915 630 2002 μόγις
644 1916 681 1983 δὲ
695 1920 751 1983 καὶ
766 1918 918 2002 ἕστηκεν,
936 1917 979 1994 ὡς
994 1914 1083 2005 ὁρᾷς.

159 2020 254 2082 ΔΙΚ.
278 2011 417 2081 Οὐκοῦν
437 2013 628 2100 συνήγορον
649 2010 917 2102 ἀναβιβασάσθω
931 2022 1000 2082 τῶν
1017 2019 1086 2081 δει-

77 2118 145 2177 νῶν
158 2111 287 2178 τούτων
301 2111 392 2180 τινά·
415 2115 531 2180 πολλοὶ
541 2109 606 2197 γάρ
622 2116 657 2179 ολ
665 2110 730 2180 κάν
741 2115 791 2180 ἐπὶ
803 2112 975 2203 τριωβόλῳ
990 2117 1085 2197 διαρ-

76 2218 218 2296 ραγήναι
234 2213 367 2296 ἕτοιμοι.

158 2315 263 2376 ΕΡΜ.
292 2306 380 2377 Ἀλλ’
403 2307 481 2378 οῦδὲ
508 2305 554 2388 εἷς
583 2310 737 2396 ἐθελήσει
759 2317 796 2378 ἒν
817 2337 854 2395 γε
875 2318 921 2400 τῷ
948 2317 1084 2400 φανερῷ

74 2416 321 2494 συναγορεῦσαι
335 2413 453 2498 Μέθη·
482 2408 570 2495 πλὴν
583 2407 782 2496 εὐγνώμονά
803 2437 841 2495 γε
856 2417 959 2477 ταῦτα
975 2416 1084 2477 ἔοικεν
1103 2425 1155 2478 810

74 2504 201 2586 ἀξιοῦν.

158 2611 252 2673 ΔΙΚ.
279 2607 327 2672 Τά
342 2621 435 2686 ποῖα;

158 2711 264 2774 ΕΡΜ.
288 2703 330 2772 Ἡ
358 2705 535 2792 Ἀκαδημία
558 2704 643 2791 πρὸς
670 2705 880 2791 ἀμφοτέρους
905 2705 956 2774 ἀεὶ
981 2733 1085 2788 παρε-

74 2803 255 2870 σκεύασται
274 2802 353 2882 τοῦς
373 2806 495 2891 λόγους
512 2807 566 2873 καὶ
582 2802 675 2872 τοῦτ’
694 2802 792 2873 ἀσκεῖ
802 2803 961 2874 τάναντία
978 2813 1086 2882 καλῶς

75 2902 245 2970 δύνασθαι
261 2906 380 2988 λέγειν.
410 2903 494 2991 αῦτη
508 2912 642 2988 τοίνυν,
665 2911 785 2989 φησίν,
801 2903 886 2988 ὑπὲρ
902 2909 985 2990 ἐμοῦ
1000 2909 1085 2989 πρό-

74 3027 174 3085 τερον
190 3003 330 3087 εἰπάτω,
347 3001 415 3071 εἶτα
427 3001 570 3088 ὕστερον
585 3001 670 3084 ὑπὲρ
686 3005 804 3089 ἑαυτῆς
817 3005 893 3087 ἐρεῖ.

159 3107 251 3170 ΔΙΚ.
275 3100 385 3169 Καινά
396 3101 459 3188 μὲν
473 3111 586 3187 ταῦτα,
605 3103 675 3170 εἰπὲ
690 3105 726 3168 δὲ
741 3100 840 3188 ὅμως,
857 3095 1084 3187 άἈκαδημία,

73 3196 133 3266 τδν
148 3200 252 3284 λόγον
267 3201 441 3286 ἑκάτερον,
457 3205 529 3270 ἐπεί
543 3223 596 3269 σοι
611 3202 740 3290 ῥᾴδιον.

160 3304 209 3366 16.
225 3305 363 3368 ΑΚΑΔ.
385 3297 551 3386 Ἀκούετε,
575 3293 601 3366 ὦ
619 3300 739 3383 ἀνδρες
756 3305 922 3384 δικασταί,
939 3299 1085 3382 πρότερα

73 3395 111 3463 τά
128 3395 214 3480 ὑπὲρ
228 3405 285 3484 τῆς
300 3401 436 3484 Μέθης·
460 3402 586 3484 ἐκείνης
600 3398 665 3484 γάρ
678 3399 716 3466 τό
729 3426 767 3485 γε
778 3405 844 3466 νῦν
859 3402 946 3485 ῥέον.
968 3395 1085 3483 ήδίκη-

75 3521 124 3563 ται
141 3495 212 3584 δὲή
228 3495 330 3565 ἀθλία
341 3496 380 3564 τά
392 3501 527 3583 με’γιστα
543 3495 608 3565 ῦπδ
625 3505 682 3583 τῆς
698 3495 893 3583 Ἀκαδημίας
909 3500 1007 3582 ἐμοῦ,
1023 3494 1085 3561 ἀν-
