<?xml version="1.0" encoding="UTF-8"?>
<!DOCTYPE html PUBLIC "-//W3C//DTD XHTML 1.0 Transitional//EN"
    "http://www.w3.org/TR/xhtml1/DTD/xhtml1-transitional.dtd">
<html xmlns="http://www.w3.org/1999/xhtml" xml:lang="en" lang="en">
 <head>
  <title>
</title>
<meta http-equiv="Content-Type" content="text/html;charset=utf-8" />
  <meta name='ocr-system' content='tesseract 3.04.00' />
  <meta name='ocr-capabilities' content='ocr_page ocr_carea ocr_par ocr_line ocrx_word'/>
</head>
<body>
  <div class='ocr_page' id='page_1' title='image "./lucianisamosate04jacogoog/lucianisamosate04jacogoog_0506.png"; bbox 0 0 2625 4092; ppageno 0'>
   <div class='ocr_carea' id='block_1_1' title="bbox 255 263 914 340">
    <p class='ocr_par' dir='ltr' id='par_1_1' title="bbox 255 263 914 340">
     <span class='ocr_line' id='line_1_1' title="bbox 255 263 914 340; baseline -0.006 -13"><span class='ocrx_word' id='word_1_1' title='bbox 255 263 317 329; x_wconf 73' lang='grc' dir='ltr'><strong><em>ωε</em></strong></span> <span class='ocrx_word' id='word_1_2' title='bbox 606 263 914 340; x_wconf 74' lang='grc' dir='ltr'><strong><em>[Αουιεικαου]</em></strong></span> 
     </span>
    </p>
   </div>
   <div class='ocr_carea' id='block_1_2' title="bbox 178 423 1284 3555">
    <p class='ocr_par' dir='ltr' id='par_1_2' title="bbox 253 423 1067 712">
     <span class='ocr_line' id='line_1_2' title="bbox 253 423 822 514; baseline -0.007 -17"><span class='ocrx_word' id='word_1_3' title='bbox 253 428 307 497; x_wconf 76' lang='grc' dir='ltr'><strong><em>ἐπὶ</em></strong></span> <span class='ocrx_word' id='word_1_4' title='bbox 322 429 358 497; x_wconf 77' lang='grc' dir='ltr'><strong><em>δέ</em></strong></span> <span class='ocrx_word' id='word_1_5' title='bbox 372 435 433 495; x_wconf 87' lang='grc' dir='ltr'><strong><em>τοῦ</em></strong></span> <span class='ocrx_word' id='word_1_6' title='bbox 447 427 598 514; x_wconf 84' lang='grc' dir='ltr'><strong><em>μεγάλου</em></strong></span> <span class='ocrx_word' id='word_1_7' title='bbox 609 423 822 510; x_wconf 73' lang='grc' dir='ltr'><strong><em>Ἡρακλέους,</em></strong></span> 
     </span>
     <span class='ocr_line' id='line_1_3' title="bbox 292 522 1025 613; baseline -0.007 -17"><span class='ocrx_word' id='word_1_8' title='bbox 292 523 374 596; x_wconf 74' lang='grc' dir='ltr'><strong><em>οὐδὲ</em></strong></span> <span class='ocrx_word' id='word_1_9' title='bbox 388 523 454 613; x_wconf 82' lang='grc' dir='ltr'><strong><em>γάρ</em></strong></span> <span class='ocrx_word' id='word_1_10' title='bbox 468 523 549 594; x_wconf 76' lang='grc' dir='ltr'><strong><em>οὐδὲ</em></strong></span> <span class='ocrx_word' id='word_1_11' title='bbox 562 531 618 612; x_wconf 80' lang='grc' dir='ltr'><strong><em>βίη</em></strong></span> <span class='ocrx_word' id='word_1_12' title='bbox 630 522 808 611; x_wconf 86' lang='grc' dir='ltr'><strong><em>Ἡρακλείη</em></strong></span> <span class='ocrx_word' id='word_1_13' title='bbox 825 525 912 612; x_wconf 81' lang='grc' dir='ltr'><strong><em>φάγε</em></strong></span> <span class='ocrx_word' id='word_1_14' title='bbox 928 533 1025 611; x_wconf 84' lang='grc' dir='ltr'><strong><em>κῆρα,</em></strong></span> 
     </span>
     <span class='ocr_line' id='line_1_4' title="bbox 296 620 1067 712; baseline -0.004 -19"><span class='ocrx_word' id='word_1_15' title='bbox 296 624 400 708; x_wconf 84' lang='grc' dir='ltr'><strong><em>ὅσπερ</em></strong></span> <span class='ocrx_word' id='word_1_16' title='bbox 418 633 574 712; x_wconf 88' lang='grc' dir='ltr'><strong><em>φίλτατος</em></strong></span> <span class='ocrx_word' id='word_1_17' title='bbox 589 629 664 692; x_wconf 77' lang='grc' dir='ltr'><strong><em>ἔσκε</em></strong></span> <span class='ocrx_word' id='word_1_18' title='bbox 679 625 737 691; x_wconf 83' lang='grc' dir='ltr'><strong><em>Διὶ</em></strong></span> <span class='ocrx_word' id='word_1_19' title='bbox 754 628 923 708; x_wconf 80' lang='grc' dir='ltr'><strong><em>Κρονίωνι</em></strong></span> <span class='ocrx_word' id='word_1_20' title='bbox 938 620 1067 708; x_wconf 81' lang='grc' dir='ltr'><strong><em>άνακτι,</em></strong></span> 
     </span>
    </p>

    <p class='ocr_par' dir='ltr' id='par_1_3' title="bbox 183 719 1284 1008">
     <span class='ocr_line' id='line_1_5' title="bbox 183 719 1194 812; baseline -0.004 -16"><span class='ocrx_word' id='word_1_21' title='bbox 183 740 235 796; x_wconf 82' lang='grc'><strong><em>600</em></strong></span> <span class='ocrx_word' id='word_1_22' title='bbox 296 722 381 792; x_wconf 87' lang='grc' dir='ltr'><strong><em>άλλά</em></strong></span> <span class='ocrx_word' id='word_1_23' title='bbox 396 720 532 804; x_wconf 80' lang='grc' dir='ltr'><strong><em>ἑΜοῑρ’</em></strong></span> <span class='ocrx_word' id='word_1_24' title='bbox 549 721 714 807; x_wconf 76' lang='grc' dir='ltr'><strong><em>ἐδάμασσε</em></strong></span> <span class='ocrx_word' id='word_1_25' title='bbox 729 723 783 790; x_wconf 79' lang='grc' dir='ltr'><strong><em>καὶ</em></strong></span> <span class='ocrx_word' id='word_1_26' title='bbox 798 719 960 806; x_wconf 77' lang='grc' dir='ltr'><strong><em>ἀργαλέος</em></strong></span> <span class='ocrx_word' id='word_1_27' title='bbox 973 721 1069 808; x_wconf 93' lang='grc' dir='ltr'><strong><em>χόλος</em></strong></span> <span class='ocrx_word' id='word_1_28' title='bbox 1077 719 1194 812; x_wconf 83' lang='grc' dir='ltr'><strong><em>Ἥρης.</em></strong></span> 
     </span>
     <span class='ocr_line' id='line_1_6' title="bbox 254 817 1284 909; baseline -0.003 -18"><span class='ocrx_word' id='word_1_29' title='bbox 254 820 339 892; x_wconf 75' lang='grc' dir='ltr'><strong><em>ἀλλὰ</em></strong></span> <span class='ocrx_word' id='word_1_30' title='bbox 354 823 410 893; x_wconf 81' lang='grc' dir='ltr'><strong><em>καί</em></strong></span> <span class='ocrx_word' id='word_1_31' title='bbox 432 819 515 890; x_wconf 80' lang='grc' dir='ltr'><strong><em>ὅλου</em></strong></span> <span class='ocrx_word' id='word_1_32' title='bbox 531 817 591 888; x_wconf 82' lang='grc' dir='ltr'><strong><em>τὸν</em></strong></span> <span class='ocrx_word' id='word_1_33' title='bbox 611 827 688 908; x_wconf 82' lang='grc' dir='ltr'><strong><em>βίον</em></strong></span> <span class='ocrx_word' id='word_1_34' title='bbox 703 821 933 907; x_wconf 87' lang='grc' dir='ltr'><strong><em>καθειμάρθαι</em></strong></span> <span class='ocrx_word' id='word_1_35' title='bbox 949 821 1004 887; x_wconf 86' lang='grc' dir='ltr'><strong><em>καλ</em></strong></span> <span class='ocrx_word' id='word_1_36' title='bbox 1025 818 1082 899; x_wconf 84' lang='grc' dir='ltr'><strong><em>τάς</em></strong></span> <span class='ocrx_word' id='word_1_37' title='bbox 1104 825 1144 890; x_wconf 93' lang='grc' dir='ltr'><strong><em>ἐν</em></strong></span> <span class='ocrx_word' id='word_1_38' title='bbox 1160 824 1252 909; x_wconf 68' lang='grc' dir='ltr'><strong><em>τούτῳ</em></strong></span> <span class='ocrx_word' id='word_1_39' title='bbox 1283 825 1284 830; x_wconf 68' lang='grc'><strong><em>’</em></strong></span> 
     </span>
     <span class='ocr_line' id='line_1_7' title="bbox 255 920 452 1008; baseline -0.005 -21"><span class='ocrx_word' id='word_1_40' title='bbox 255 920 452 1008; x_wconf 74' lang='grc' dir='ltr'><strong><em>μεταβολάς·</em></strong></span> 
     </span>
    </p>

    <p class='ocr_par' dir='ltr' id='par_1_4' title="bbox 184 999 1284 2586">
     <span class='ocr_line' id='line_1_8' title="bbox 829 999 1284 1089; baseline -0.002 -3"><span class='ocrx_word' id='word_1_41' title='bbox 829 1025 913 1088; x_wconf 84' lang='grc' dir='ltr'><strong><em>ἔνθα</em></strong></span> <span class='ocrx_word' id='word_1_42' title='bbox 931 1019 963 1088; x_wconf 89' lang='grc' dir='ltr'><strong><em>δ’</em></strong></span> <span class='ocrx_word' id='word_1_43' title='bbox 980 1028 1091 1089; x_wconf 85' lang='grc' dir='ltr'><strong><em>ἔπειτα</em></strong></span> <span class='ocrx_word' id='word_1_44' title='bbox 1283 999 1284 1046; x_wconf 87' lang='lat'><strong><em>6</em></strong></span> 
     </span>
     <span class='ocr_line' id='line_1_9' title="bbox 184 1099 1284 1206; baseline 0.002 -20"><span class='ocrx_word' id='word_1_45' title='bbox 184 1111 187 1116; x_wconf 45' lang='grc'><strong><em>’</em></strong></span> <span class='ocrx_word' id='word_1_46' title='bbox 295 1125 441 1186; x_wconf 83' lang='grc' dir='ltr'><strong><em>πείσεται</em></strong></span> <span class='ocrx_word' id='word_1_47' title='bbox 457 1117 544 1185; x_wconf 82' lang='grc' dir='ltr'><strong><em>άσσα</em></strong></span> <span class='ocrx_word' id='word_1_48' title='bbox 560 1123 595 1186; x_wconf 94' lang='grc' dir='ltr'><strong><em>οἱ</em></strong></span> <span class='ocrx_word' id='word_1_49' title='bbox 605 1117 692 1186; x_wconf 80' lang='grc' dir='ltr'><strong><em>Αἷσα</em></strong></span> <span class='ocrx_word' id='word_1_50' title='bbox 708 1121 933 1198; x_wconf 86' lang='grc' dir='ltr'><strong><em>Κατακλῶθές</em></strong></span> <span class='ocrx_word' id='word_1_51' title='bbox 947 1145 982 1186; x_wconf 89' lang='grc' dir='ltr'><strong><em>τε</em></strong></span> <span class='ocrx_word' id='word_1_52' title='bbox 999 1125 1131 1206; x_wconf 80' lang='grc' dir='ltr'><strong><em>βαρελαι</em></strong></span> <span class='ocrx_word' id='word_1_53' title='bbox 1283 1099 1284 1152; x_wconf 89' lang='lat'><strong><em>6</em></strong></span> 
     </span>
     <span class='ocr_line' id='line_1_10' title="bbox 294 1214 1123 1308; baseline -0.002 -24"><span class='ocrx_word' id='word_1_54' title='bbox 294 1220 483 1306; x_wconf 76' lang='grc' dir='ltr'><strong><em>γιγνομένῳ</em></strong></span> <span class='ocrx_word' id='word_1_55' title='bbox 499 1218 645 1304; x_wconf 81' lang='grc' dir='ltr'><strong><em>νήσαντο</em></strong></span> <span class='ocrx_word' id='word_1_56' title='bbox 660 1224 757 1308; x_wconf 88' lang='grc' dir='ltr'><strong><em>λὶνφ,</em></strong></span> <span class='ocrx_word' id='word_1_57' title='bbox 774 1214 828 1283; x_wconf 83' lang='grc' dir='ltr'><strong><em>ὅτε</em></strong></span> <span class='ocrx_word' id='word_1_58' title='bbox 843 1242 901 1301; x_wconf 87' lang='grc' dir='ltr'><strong><em>μιν</em></strong></span> <span class='ocrx_word' id='word_1_59' title='bbox 916 1221 989 1285; x_wconf 90' lang='grc' dir='ltr'><strong><em>τέκε</em></strong></span> <span class='ocrx_word' id='word_1_60' title='bbox 1005 1214 1123 1303; x_wconf 87' lang='grc' dir='ltr'><strong><em>μήτηρ.</em></strong></span> 
     </span>
     <span class='ocr_line' id='line_1_11' title="bbox 253 1312 1057 1404; baseline -0.004 -21"><span class='ocrx_word' id='word_1_61' title='bbox 253 1321 306 1384; x_wconf 84' lang='grc' dir='ltr'><strong><em>καὶ</em></strong></span> <span class='ocrx_word' id='word_1_62' title='bbox 320 1314 378 1395; x_wconf 84' lang='grc' dir='ltr'><strong><em>τάς</em></strong></span> <span class='ocrx_word' id='word_1_63' title='bbox 392 1319 429 1384; x_wconf 93' lang='grc' dir='ltr'><strong><em>ἐν</em></strong></span> <span class='ocrx_word' id='word_1_64' title='bbox 444 1320 521 1404; x_wconf 85' lang='grc' dir='ltr'><strong><em>ξένη</em></strong></span> <span class='ocrx_word' id='word_1_65' title='bbox 538 1315 657 1403; x_wconf 79' lang='grc' dir='ltr'><strong><em>ἐποχὰς</em></strong></span> <span class='ocrx_word' id='word_1_66' title='bbox 671 1312 727 1384; x_wconf 75' lang='grc' dir='ltr'><strong><em>ἀπ’</em></strong></span> <span class='ocrx_word' id='word_1_67' title='bbox 745 1318 872 1402; x_wconf 78' lang='grc' dir='ltr'><strong><em>ἐκείνης</em></strong></span> <span class='ocrx_word' id='word_1_68' title='bbox 885 1323 1057 1401; x_wconf 84' lang='grc' dir='ltr'><strong><em>γίνεσθαι·</em></strong></span> 
     </span>
     <span class='ocr_line' id='line_1_12' title="bbox 295 1409 1203 1502; baseline -0.003 -21"><span class='ocrx_word' id='word_1_69' title='bbox 295 1413 385 1502; x_wconf 71' lang='grc' dir='ltr'><strong><em>ἠδ’</em></strong></span> <span class='ocrx_word' id='word_1_70' title='bbox 364 1443 408 1493; x_wconf 90' lang='grc' dir='ltr'><strong><em>ως</em></strong></span> <span class='ocrx_word' id='word_1_71' title='bbox 423 1424 549 1484; x_wconf 87' lang='grc' dir='ltr'><strong><em>Αἱολον</em></strong></span> <span class='ocrx_word' id='word_1_72' title='bbox 565 1411 717 1501; x_wconf 79' lang='grc' dir='ltr'><strong><em>ἱκόμεθ’,</em></strong></span> <span class='ocrx_word' id='word_1_73' title='bbox 736 1411 772 1492; x_wconf 84' lang='grc' dir='ltr'><strong><em>ὅς</em></strong></span> <span class='ocrx_word' id='word_1_74' title='bbox 787 1439 828 1500; x_wconf 90' lang='grc' dir='ltr'><strong><em>με</em></strong></span> <span class='ocrx_word' id='word_1_75' title='bbox 843 1413 1008 1499; x_wconf 86' lang='grc' dir='ltr'><strong><em>πρόφρων</em></strong></span> <span class='ocrx_word' id='word_1_76' title='bbox 1025 1409 1203 1498; x_wconf 79' lang='grc' dir='ltr'><strong><em>ὑπέδεκτο,</em></strong></span> 
     </span>
     <span class='ocr_line' id='line_1_13' title="bbox 295 1508 1209 1612; baseline -0.006 -29"><span class='ocrx_word' id='word_1_77' title='bbox 295 1519 349 1583; x_wconf 82' lang='grc' dir='ltr'><strong><em>καὶ</em></strong></span> <span class='ocrx_word' id='word_1_78' title='bbox 364 1513 486 1601; x_wconf 88' lang='grc' dir='ltr'><strong><em>πέμπ’·</em></strong></span> <span class='ocrx_word' id='word_1_79' title='bbox 508 1512 640 1582; x_wconf 79' lang='grc' dir='ltr'><strong><em>οὐδέπω</em></strong></span> <span class='ocrx_word' id='word_1_80' title='bbox 658 1511 733 1581; x_wconf 84' lang='grc' dir='ltr'><strong><em>αίσα</em></strong></span> <span class='ocrx_word' id='word_1_81' title='bbox 749 1519 852 1599; x_wconf 91' lang='grc' dir='ltr'><strong><em>φίλην</em></strong></span> <span class='ocrx_word' id='word_1_82' title='bbox 866 1515 899 1592; x_wconf 90' lang='grc' dir='ltr'><strong><em>ἐς</em></strong></span> <span class='ocrx_word' id='word_1_83' title='bbox 913 1538 997 1598; x_wconf 87' lang='grc' dir='ltr'><strong><em>πατρ</em></strong></span> <span class='ocrx_word' id='word_1_84' title='bbox 999 1508 1044 1612; x_wconf 85' lang='grc' dir='ltr'><strong><em>ίδ’</em></strong></span> <span class='ocrx_word' id='word_1_85' title='bbox 999 1513 1209 1580; x_wconf 86' lang='grc' dir='ltr'><strong><em>ίὶκέσθαι.</em></strong></span> 
     </span>
     <span class='ocr_line' id='line_1_14' title="bbox 253 1603 1254 1732; baseline -0.005 -52"><span class='ocrx_word' id='word_1_86' title='bbox 253 1612 336 1680; x_wconf 79' lang='grc' dir='ltr'><strong><em>ὥστε</em></strong></span> <span class='ocrx_word' id='word_1_87' title='bbox 349 1614 458 1732; x_wconf 65' lang='grc' dir='ltr'><strong><em>πάντα</em></strong></span> <span class='ocrx_word' id='word_1_88' title='bbox 469 1611 536 1681; x_wconf 83' lang='grc' dir='ltr'><strong><em>ὑπὸ</em></strong></span> <span class='ocrx_word' id='word_1_89' title='bbox 548 1619 616 1680; x_wconf 87' lang='grc' dir='ltr'><strong><em>τῶν</em></strong></span> <span class='ocrx_word' id='word_1_90' title='bbox 626 1620 770 1730; x_wconf 80' lang='grc' dir='ltr'><strong><em>Μοιρῶν</em></strong></span> <span class='ocrx_word' id='word_1_91' title='bbox 782 1609 965 1696; x_wconf 66' lang='grc' dir='ltr'><strong><em>γίνεσθαι“</em></strong></span> <span class='ocrx_word' id='word_1_92' title='bbox 948 1638 968 1678; x_wconf 91' lang='grc' dir='ltr'><strong><em>ο</em></strong></span> <span class='ocrx_word' id='word_1_93' title='bbox 984 1603 1124 1696; x_wconf 86' lang='grc' dir='ltr'><strong><em>ποιητής</em></strong></span> <span class='ocrx_word' id='word_1_94' title='bbox 1137 1633 1254 1696; x_wconf 86' lang='grc' dir='ltr'><strong><em>μεμαρ·</em></strong></span> 
     </span>
     <span class='ocr_line' id='line_1_15' title="bbox 254 1704 991 1797; baseline -0.004 -20"><span class='ocrx_word' id='word_1_95' title='bbox 254 1711 384 1797; x_wconf 83' lang='grc' dir='ltr'><strong><em>τάρηκε.</em></strong></span> <span class='ocrx_word' id='word_1_96' title='bbox 408 1708 468 1778; x_wconf 79' lang='grc' dir='ltr'><strong><em>τὸν</em></strong></span> <span class='ocrx_word' id='word_1_97' title='bbox 486 1711 522 1778; x_wconf 73' lang='grc' dir='ltr'><strong><em>δέ</em></strong></span> <span class='ocrx_word' id='word_1_98' title='bbox 536 1717 603 1779; x_wconf 88' lang='grc' dir='ltr'><strong><em>Δία</em></strong></span> <span class='ocrx_word' id='word_1_99' title='bbox 619 1707 663 1797; x_wconf 85' lang='grc' dir='ltr'><strong><em>μή</em></strong></span> <span class='ocrx_word' id='word_1_100' title='bbox 680 1715 821 1795; x_wconf 87' lang='grc' dir='ltr'><strong><em>θελήσαι</em></strong></span> <span class='ocrx_word' id='word_1_101' title='bbox 836 1707 896 1776; x_wconf 83' lang='grc' dir='ltr'><strong><em>τὸν</em></strong></span> <span class='ocrx_word' id='word_1_102' title='bbox 914 1704 991 1775; x_wconf 83' lang='grc' dir='ltr'><strong><em>υἱδν</em></strong></span> 
     </span>
     <span class='ocr_line' id='line_1_16' title="bbox 545 1719 1284 1894; baseline -0.005 -18"><span class='ocrx_word' id='word_1_103' title='bbox 545 1862 547 1865; x_wconf 87' lang='grc'>-</span> <span class='ocrx_word' id='word_1_104' title='bbox 624 1809 789 1876; x_wconf 87' lang='grc' dir='ltr'><strong><em>θανάτοιο</em></strong></span> <span class='ocrx_word' id='word_1_105' title='bbox 805 1810 963 1894; x_wconf 76' lang='grc' dir='ltr'><strong><em>δυσηχέος</em></strong></span> <span class='ocrx_word' id='word_1_106' title='bbox 977 1809 1193 1888; x_wconf 81' lang='grc' dir='ltr'><strong><em>ἐξαναλῦσαι,</em></strong></span> <span class='ocrx_word' id='word_1_107' title='bbox 1283 1719 1284 1832; x_wconf 97' lang='lat'>6</span> 
     </span>
     <span class='ocr_line' id='line_1_17' title="bbox 251 1879 1284 1993; baseline 0.001 -20"><span class='ocrx_word' id='word_1_108' title='bbox 251 1904 334 1975; x_wconf 76' lang='grc' dir='ltr'><strong><em>ειιλ</em></strong></span> <span class='ocrx_word' id='word_1_109' title='bbox 352 1915 480 1993; x_wconf 74' lang='grc' dir='ltr'><strong><em>μειιοι</em></strong></span> <span class='ocrx_word' id='word_1_110' title='bbox 1283 1879 1284 1948; x_wconf 96' lang='lat'><strong><em>6</em></strong></span> 
     </span>
     <span class='ocr_line' id='line_1_18' title="bbox 293 2005 1284 2100; baseline -0.003 -28"><span class='ocrx_word' id='word_1_111' title='bbox 293 2009 510 2091; x_wconf 87' lang='grc' dir='ltr'><strong><em>αἱματοέσσας</em></strong></span> <span class='ocrx_word' id='word_1_112' title='bbox 525 2007 561 2072; x_wconf 77' lang='grc' dir='ltr'><strong><em>δὲ</em></strong></span> <span class='ocrx_word' id='word_1_113' title='bbox 576 2005 699 2085; x_wconf 74' lang='grc' dir='ltr'><strong><em>ψιάδας</em></strong></span> <span class='ocrx_word' id='word_1_114' title='bbox 714 2010 891 2091; x_wconf 79' lang='grc' dir='ltr'><strong><em>κατέχευεν</em></strong></span> <span class='ocrx_word' id='word_1_115' title='bbox 906 2009 998 2090; x_wconf 80' lang='grc' dir='ltr'><strong><em>ἔραζε</em></strong></span> <span class='ocrx_word' id='word_1_116' title='bbox 1283 2033 1284 2100; x_wconf 63' lang='grc' dir='ltr'><strong><em>χ</em></strong></span> 
     </span>
     <span class='ocr_line' id='line_1_19' title="bbox 293 2103 1109 2192; baseline -0.001 -21"><span class='ocrx_word' id='word_1_117' title='bbox 293 2109 395 2172; x_wconf 82' lang='grc' dir='ltr'><strong><em>παῖδα</em></strong></span> <span class='ocrx_word' id='word_1_118' title='bbox 410 2111 512 2190; x_wconf 91' lang='grc' dir='ltr'><strong><em>φίλον</em></strong></span> <span class='ocrx_word' id='word_1_119' title='bbox 524 2113 648 2192; x_wconf 88' lang='grc' dir='ltr'><strong><em>τιμῶν,</em></strong></span> <span class='ocrx_word' id='word_1_120' title='bbox 665 2103 725 2172; x_wconf 87' lang='grc' dir='ltr'><strong><em>τόν</em></strong></span> <span class='ocrx_word' id='word_1_121' title='bbox 740 2110 774 2173; x_wconf 94' lang='grc' dir='ltr'><strong><em>οἱ</em></strong></span> <span class='ocrx_word' id='word_1_122' title='bbox 786 2105 980 2189; x_wconf 89' lang='grc' dir='ltr'><strong><em>Πάτροκλος</em></strong></span> <span class='ocrx_word' id='word_1_123' title='bbox 994 2109 1109 2188; x_wconf 82' lang='grc' dir='ltr'><strong><em>ἔμελλε</em></strong></span> 
     </span>
     <span class='ocr_line' id='line_1_20' title="bbox 293 2207 613 2294; baseline 0.003 -23"><span class='ocrx_word' id='word_1_124' title='bbox 293 2211 432 2288; x_wconf 80' lang='grc' dir='ltr'><strong><em>φθίσειν</em></strong></span> <span class='ocrx_word' id='word_1_125' title='bbox 448 2207 485 2272; x_wconf 86' lang='grc' dir='ltr'><strong><em>έν</em></strong></span> <span class='ocrx_word' id='word_1_126' title='bbox 502 2212 613 2294; x_wconf 86' lang='grc' dir='ltr'><strong><em>Τροίη.</em></strong></span> 
     </span>
     <span class='ocr_line' id='line_1_21' title="bbox 251 2296 1284 2394; baseline 0.001 -25"><span class='ocrx_word' id='word_1_127' title='bbox 251 2303 344 2386; x_wconf 72' lang='grc' dir='ltr'><strong><em>ὥστε,</em></strong></span> <span class='ocrx_word' id='word_1_128' title='bbox 361 2296 388 2371; x_wconf 72' lang='grc' dir='ltr'><strong><em>οἷ</em></strong></span> <span class='ocrx_word' id='word_1_129' title='bbox 407 2311 571 2388; x_wconf 86' lang='grc' dir='ltr'><strong><em>Τριεφῶν,</em></strong></span> <span class='ocrx_word' id='word_1_130' title='bbox 590 2301 645 2371; x_wconf 84' lang='grc' dir='ltr'><strong><em>διά</em></strong></span> <span class='ocrx_word' id='word_1_131' title='bbox 660 2311 759 2371; x_wconf 82' lang='grc' dir='ltr'><strong><em>τοῦτο</em></strong></span> <span class='ocrx_word' id='word_1_132' title='bbox 772 2302 877 2388; x_wconf 81' lang='grc' dir='ltr'><strong><em>μηδὲν</em></strong></span> <span class='ocrx_word' id='word_1_133' title='bbox 887 2311 1088 2385; x_wconf 82' lang='grc' dir='ltr'><strong><em>προσθεῖναι</em></strong></span> <span class='ocrx_word' id='word_1_134' title='bbox 1102 2304 1212 2384; x_wconf 80' lang='grc' dir='ltr'><strong><em>περὶτ</em></strong></span> <span class='ocrx_word' id='word_1_135' title='bbox 1283 2313 1284 2394; x_wconf 63' lang='grc' dir='ltr'><strong><em>λ</em></strong></span> 
     </span>
     <span class='ocr_line' id='line_1_22' title="bbox 251 2400 1284 2490; baseline 0 -21"><span class='ocrx_word' id='word_1_136' title='bbox 251 2408 394 2484; x_wconf 79' lang='grc' dir='ltr'><strong><em>Μοιρῶν</em></strong></span> <span class='ocrx_word' id='word_1_137' title='bbox 410 2400 587 2490; x_wconf 78' lang='grc' dir='ltr'><strong><em>ἐθελήσῃς,</em></strong></span> <span class='ocrx_word' id='word_1_138' title='bbox 604 2408 634 2469; x_wconf 90' lang='grc' dir='ltr'><strong><em>εί</em></strong></span> <span class='ocrx_word' id='word_1_139' title='bbox 644 2404 698 2471; x_wconf 86' lang='grc' dir='ltr'><strong><em>καλ</em></strong></span> <span class='ocrx_word' id='word_1_140' title='bbox 712 2402 794 2487; x_wconf 87' lang='grc' dir='ltr'><strong><em>τάχα</em></strong></span> <span class='ocrx_word' id='word_1_141' title='bbox 810 2400 989 2482; x_wconf 87' lang='grc' dir='ltr'><strong><em>πεδάρσιος</em></strong></span> <span class='ocrx_word' id='word_1_142' title='bbox 1000 2400 1170 2488; x_wconf 86' lang='grc' dir='ltr'><strong><em>ἐγεγόνεις</em></strong></span> <span class='ocrx_word' id='word_1_143' title='bbox 1181 2429 1214 2489; x_wconf 71' lang='grc' dir='ltr'><strong><em>με</em></strong></span> <span class='ocrx_word' id='word_1_144' title='bbox 1283 2441 1284 2460; x_wconf 57' lang='grc' dir='ltr'><strong><em>ι</em></strong></span> 
     </span>
     <span class='ocr_line' id='line_1_23' title="bbox 249 2463 1284 2586; baseline -0.003 -17"><span class='ocrx_word' id='word_1_145' title='bbox 249 2508 311 2569; x_wconf 86' lang='grc' dir='ltr'><strong><em>τοῦ</em></strong></span> <span class='ocrx_word' id='word_1_146' title='bbox 327 2501 530 2570; x_wconf 81' lang='grc' dir='ltr'><strong><em>διδασκάλου</em></strong></span> <span class='ocrx_word' id='word_1_147' title='bbox 550 2504 603 2568; x_wconf 84' lang='grc' dir='ltr'><strong><em>καλ</em></strong></span> <span class='ocrx_word' id='word_1_148' title='bbox 621 2499 661 2568; x_wconf 83' lang='grc' dir='ltr'><strong><em>τά</em></strong></span> <span class='ocrx_word' id='word_1_149' title='bbox 679 2500 852 2585; x_wconf 79' lang='grc' dir='ltr'><strong><em>ἀπόρρητα</em></strong></span> <span class='ocrx_word' id='word_1_150' title='bbox 871 2499 1030 2586; x_wconf 80' lang='grc' dir='ltr'><strong><em>ἐμυήθης.</em></strong></span> <span class='ocrx_word' id='word_1_151' title='bbox 1283 2463 1284 2548; x_wconf 96' lang='lat'><strong><em>6</em></strong></span> 
     </span>
    </p>

    <p class='ocr_par' dir='ltr' id='par_1_5' title="bbox 178 2593 1284 2988">
     <span class='ocr_line' id='line_1_24' title="bbox 178 2593 1284 2686; baseline -0.002 -14"><span class='ocrx_word' id='word_1_152' title='bbox 178 2618 228 2675; x_wconf 78' lang='lat'><strong><em>601</em></strong></span> <span class='ocrx_word' id='word_1_153' title='bbox 336 2607 385 2668; x_wconf 81' lang='lat'><strong><em>15.</em></strong></span> <span class='ocrx_word' id='word_1_154' title='bbox 407 2607 549 2670; x_wconf 86' lang='grc' dir='ltr'><em>ΤΡΙΕΦ.</em></span> <span class='ocrx_word' id='word_1_155' title='bbox 571 2601 635 2667; x_wconf 82' lang='grc' dir='ltr'><strong><em>Καὶ</em></strong></span> <span class='ocrx_word' id='word_1_156' title='bbox 647 2607 717 2677; x_wconf 89' lang='grc' dir='ltr'><strong><em>πῶς</em></strong></span> <span class='ocrx_word' id='word_1_157' title='bbox 729 2598 746 2667; x_wconf 89' lang='lat'>6</span> <span class='ocrx_word' id='word_1_158' title='bbox 759 2597 859 2677; x_wconf 80' lang='grc' dir='ltr'><strong><em>αὐτὸς</em></strong></span> <span class='ocrx_word' id='word_1_159' title='bbox 872 2600 1026 2686; x_wconf 86' lang='grc' dir='ltr'><strong><em>ποιητής,</em></strong></span> <span class='ocrx_word' id='word_1_160' title='bbox 1045 2593 1166 2671; x_wconf 74' lang='grc' dir='ltr'><strong><em>ὦκαλέ</em></strong></span> <span class='ocrx_word' id='word_1_161' title='bbox 1178 2609 1210 2670; x_wconf 85' lang='lat' dir='ltr'><em>K</em></span> <span class='ocrx_word' id='word_1_162' title='bbox 1283 2609 1284 2686; x_wconf 60' lang='grc' dir='ltr'>ζ</span> 
     </span>
     <span class='ocr_line' id='line_1_25' title="bbox 250 2693 1284 2788; baseline 0.005 -24"><span class='ocrx_word' id='word_1_163' title='bbox 250 2707 319 2784; x_wconf 87' lang='grc' dir='ltr'><strong><em>τιά,</em></strong></span> <span class='ocrx_word' id='word_1_164' title='bbox 335 2696 447 2785; x_wconf 85' lang='grc' dir='ltr'><strong><em>διττήν</em></strong></span> <span class='ocrx_word' id='word_1_165' title='bbox 464 2703 606 2785; x_wconf 84' lang='grc' dir='ltr'><strong><em>ἐπιλέγει</em></strong></span> <span class='ocrx_word' id='word_1_166' title='bbox 622 2697 685 2786; x_wconf 83' lang='grc' dir='ltr'><strong><em>τήν</em></strong></span> <span class='ocrx_word' id='word_1_167' title='bbox 701 2701 904 2785; x_wconf 77' lang='grc' dir='ltr'><strong><em>εἱμαρμένην</em></strong></span> <span class='ocrx_word' id='word_1_168' title='bbox 921 2702 975 2767; x_wconf 82' lang='grc' dir='ltr'><strong><em>καὶ</em></strong></span> <span class='ocrx_word' id='word_1_169' title='bbox 991 2698 1202 2788; x_wconf 81' lang='grc' dir='ltr'><strong><em>ἀμφίβολον,</em></strong></span> <span class='ocrx_word' id='word_1_170' title='bbox 1283 2693 1284 2736; x_wconf 74' lang='lat'>6</span> 
     </span>
     <span class='ocr_line' id='line_1_26' title="bbox 249 2800 1206 2890; baseline 0.001 -23"><span class='ocrx_word' id='word_1_171' title='bbox 249 2800 325 2867; x_wconf 90' lang='grc' dir='ltr'><strong><em>τόδε</em></strong></span> <span class='ocrx_word' id='word_1_172' title='bbox 342 2802 404 2885; x_wconf 90' lang='grc' dir='ltr'><strong><em>μέν</em></strong></span> <span class='ocrx_word' id='word_1_173' title='bbox 419 2827 449 2866; x_wconf 88' lang='grc' dir='ltr'><strong><em>τι</em></strong></span> <span class='ocrx_word' id='word_1_174' title='bbox 462 2800 639 2884; x_wconf 84' lang='grc' dir='ltr'><strong><em>πράξαντι,</em></strong></span> <span class='ocrx_word' id='word_1_175' title='bbox 662 2803 779 2890; x_wconf 75' lang='grc' dir='ltr'><strong><em>τοιῶδε</em></strong></span> <span class='ocrx_word' id='word_1_176' title='bbox 794 2801 879 2867; x_wconf 89' lang='grc' dir='ltr'><strong><em>τέλει</em></strong></span> <span class='ocrx_word' id='word_1_177' title='bbox 895 2807 1100 2884; x_wconf 80' lang='grc' dir='ltr'><strong><em>συγκύρσαι,</em></strong></span> <span class='ocrx_word' id='word_1_178' title='bbox 1118 2816 1206 2872; x_wconf 78' lang='grc' dir='ltr'><strong><em>τοῖοι</em></strong></span> 
     </span>
     <span class='ocr_line' id='line_1_27' title="bbox 249 2895 1171 2988; baseline 0.007 -24"><span class='ocrx_word' id='word_1_179' title='bbox 249 2899 439 2984; x_wconf 86' lang='grc' dir='ltr'><strong><em>ποιήσαντι,</em></strong></span> <span class='ocrx_word' id='word_1_180' title='bbox 456 2899 556 2988; x_wconf 80' lang='grc' dir='ltr'><strong><em>ἑτέρω</em></strong></span> <span class='ocrx_word' id='word_1_181' title='bbox 572 2898 658 2966; x_wconf 87' lang='grc' dir='ltr'><strong><em>τέλει</em></strong></span> <span class='ocrx_word' id='word_1_182' title='bbox 673 2901 840 2984; x_wconf 75' lang='grc' dir='ltr'><strong><em>ἐυτυχεὶνς</em></strong></span> <span class='ocrx_word' id='word_1_183' title='bbox 864 2895 908 2978; x_wconf 79' lang='grc' dir='ltr'><strong><em>ῶς</em></strong></span> <span class='ocrx_word' id='word_1_184' title='bbox 922 2897 975 2968; x_wconf 88' lang='grc' dir='ltr'><strong><em>ἐπ’</em></strong></span> <span class='ocrx_word' id='word_1_185' title='bbox 990 2900 1171 2987; x_wconf 80' lang='grc' dir='ltr'><strong><em>Ἀχιλλέως,</em></strong></span> 
     </span>
    </p>

    <p class='ocr_par' dir='ltr' id='par_1_6' title="bbox 292 3000 1098 3083">
     <span class='ocr_line' id='line_1_28' title="bbox 292 3000 1098 3083; baseline 0.006 -19"><span class='ocrx_word' id='word_1_186' title='bbox 292 3002 466 3083; x_wconf 83' lang='grc' dir='ltr'><strong><em>διχθαδίας</em></strong></span> <span class='ocrx_word' id='word_1_187' title='bbox 479 3005 593 3083; x_wconf 77' lang='grc' dir='ltr'><strong><em>Κῆρας</em></strong></span> <span class='ocrx_word' id='word_1_188' title='bbox 609 3001 752 3082; x_wconf 82' lang='grc' dir='ltr'><strong><em>φερέμεν</em></strong></span> <span class='ocrx_word' id='word_1_189' title='bbox 768 3000 933 3067; x_wconf 82' lang='grc' dir='ltr'><strong><em>θανάτοιο</em></strong></span> <span class='ocrx_word' id='word_1_190' title='bbox 948 3001 1098 3069; x_wconf 86' lang='grc' dir='ltr'><strong><em>τέλοσδε·</em></strong></span> 
     </span>
    </p>

    <p class='ocr_par' dir='ltr' id='par_1_7' title="bbox 292 3090 1203 3382">
     <span class='ocr_line' id='line_1_29' title="bbox 293 3090 1203 3187; baseline 0.004 -22"><span class='ocrx_word' id='word_1_191' title='bbox 293 3104 322 3165; x_wconf 84' lang='grc' dir='ltr'><strong><em>εί</em></strong></span> <span class='ocrx_word' id='word_1_192' title='bbox 335 3103 396 3182; x_wconf 90' lang='grc' dir='ltr'><strong><em>μέν</em></strong></span> <span class='ocrx_word' id='word_1_193' title='bbox 411 3096 445 3164; x_wconf 90' lang='grc' dir='ltr'><strong><em>κ’</em></strong></span> <span class='ocrx_word' id='word_1_194' title='bbox 462 3090 548 3164; x_wconf 79' lang='grc' dir='ltr'><strong><em>αὖθι</em></strong></span> <span class='ocrx_word' id='word_1_195' title='bbox 564 3100 675 3182; x_wconf 89' lang='grc' dir='ltr'><strong><em>μένων</em></strong></span> <span class='ocrx_word' id='word_1_196' title='bbox 697 3100 822 3182; x_wconf 76' lang='grc' dir='ltr'><strong><em>Τρώων</em></strong></span> <span class='ocrx_word' id='word_1_197' title='bbox 836 3099 936 3166; x_wconf 87' lang='grc' dir='ltr'><strong><em>πόλιν</em></strong></span> <span class='ocrx_word' id='word_1_198' title='bbox 951 3097 1203 3187; x_wconf 77' lang='grc' dir='ltr'><strong><em>ἀμφιμάχωμαι,</em></strong></span> 
     </span>
     <span class='ocr_line' id='line_1_30' title="bbox 292 3194 1191 3283; baseline 0.007 -19"><span class='ocrx_word' id='word_1_199' title='bbox 292 3194 393 3264; x_wconf 75' lang='grc' dir='ltr'><strong><em>ὤλετο</em></strong></span> <span class='ocrx_word' id='word_1_200' title='bbox 412 3201 474 3280; x_wconf 91' lang='grc' dir='ltr'><strong><em>μέν</em></strong></span> <span class='ocrx_word' id='word_1_201' title='bbox 488 3223 544 3283; x_wconf 89' lang='grc' dir='ltr'><strong><em>μοι</em></strong></span> <span class='ocrx_word' id='word_1_202' title='bbox 561 3195 695 3282; x_wconf 86' lang='grc' dir='ltr'><strong><em>νόστος,</em></strong></span> <span class='ocrx_word' id='word_1_203' title='bbox 713 3194 796 3282; x_wconf 82' lang='grc' dir='ltr'><strong><em>ἀτάρ</em></strong></span> <span class='ocrx_word' id='word_1_204' title='bbox 811 3198 905 3275; x_wconf 84' lang='grc' dir='ltr'><strong><em>κλέος</em></strong></span> <span class='ocrx_word' id='word_1_205' title='bbox 921 3195 1069 3283; x_wconf 84' lang='grc' dir='ltr'><strong><em>άφθιτον</em></strong></span> <span class='ocrx_word' id='word_1_206' title='bbox 1088 3207 1191 3270; x_wconf 72' lang='grc' dir='ltr'><strong><em>ἔσται.</em></strong></span> 
     </span>
     <span class='ocr_line' id='line_1_31' title="bbox 292 3293 716 3382; baseline 0.009 -22"><span class='ocrx_word' id='word_1_207' title='bbox 292 3301 322 3362; x_wconf 85' lang='grc' dir='ltr'><strong><em>εί</em></strong></span> <span class='ocrx_word' id='word_1_208' title='bbox 335 3298 374 3360; x_wconf 91' lang='grc' dir='ltr'><strong><em>δέ</em></strong></span> <span class='ocrx_word' id='word_1_209' title='bbox 384 3320 443 3360; x_wconf 92' lang='grc' dir='ltr'><strong><em>κεν</em></strong></span> <span class='ocrx_word' id='word_1_210' title='bbox 459 3293 567 3361; x_wconf 76' lang='grc' dir='ltr'><strong><em>οἴκαδ’</em></strong></span> <span class='ocrx_word' id='word_1_211' title='bbox 583 3299 716 3382; x_wconf 74' lang='grc' dir='ltr'><strong><em>ἵκωμαι,</em></strong></span> 
     </span>
    </p>

    <p class='ocr_par' dir='ltr' id='par_1_8' title="bbox 290 3389 1145 3555">
     <span class='ocr_line' id='line_1_32' title="bbox 291 3389 1145 3480; baseline 0.009 -22"><span class='ocrx_word' id='word_1_212' title='bbox 291 3389 393 3458; x_wconf 82' lang='grc' dir='ltr'><strong><em>ῶλετό</em></strong></span> <span class='ocrx_word' id='word_1_213' title='bbox 406 3416 463 3476; x_wconf 89' lang='grc' dir='ltr'><strong><em>μοι</em></strong></span> <span class='ocrx_word' id='word_1_214' title='bbox 478 3394 573 3470; x_wconf 87' lang='grc' dir='ltr'><strong><em>κλέος</em></strong></span> <span class='ocrx_word' id='word_1_215' title='bbox 588 3394 729 3471; x_wconf 84' lang='grc' dir='ltr'><strong><em>ἐσθλόν,</em></strong></span> <span class='ocrx_word' id='word_1_216' title='bbox 748 3397 800 3462; x_wconf 89' lang='grc' dir='ltr'><strong><em>ἐπλ</em></strong></span> <span class='ocrx_word' id='word_1_217' title='bbox 816 3392 922 3479; x_wconf 82' lang='grc' dir='ltr'><strong><em>δηρὸν</em></strong></span> <span class='ocrx_word' id='word_1_218' title='bbox 936 3398 975 3463; x_wconf 90' lang='grc' dir='ltr'><strong><em>δέ</em></strong></span> <span class='ocrx_word' id='word_1_219' title='bbox 985 3422 1040 3480; x_wconf 91' lang='grc' dir='ltr'><strong><em>μοι</em></strong></span> <span class='ocrx_word' id='word_1_220' title='bbox 1056 3395 1145 3466; x_wconf 82' lang='grc' dir='ltr'><strong><em>αέῶν</em></strong></span> 
     </span>
     <span class='ocr_line' id='line_1_33' title="bbox 290 3496 429 3555; baseline -0.014 0"><span class='ocrx_word' id='word_1_221' title='bbox 290 3496 429 3555; x_wconf 76' lang='grc' dir='ltr'><strong><em>ἔσσεται.</em></strong></span> 
     </span>
    </p>
   </div>
   <div class='ocr_carea' id='block_1_3' title="bbox 0 0 1318 4092">
    <p class='ocr_par' dir='ltr' id='par_1_9' title="bbox 0 0 1318 4092">
     <span class='ocr_line' id='line_1_34' title="bbox 0 0 1318 4092; baseline 0 0"><span class='ocrx_word' id='word_1_222' title='bbox 0 0 1318 4092; x_wconf 95' lang='lat' dir='ltr'><strong><em> </em></strong></span> 
     </span>
    </p>
   </div>
  </div>
 </body>
</html>
