<?xml version="1.0" encoding="UTF-8"?>
<!DOCTYPE html PUBLIC "-//W3C//DTD XHTML 1.0 Transitional//EN"
    "http://www.w3.org/TR/xhtml1/DTD/xhtml1-transitional.dtd">
<html xmlns="http://www.w3.org/1999/xhtml" xml:lang="en" lang="en">
 <head>
  <title>
</title>
<meta http-equiv="Content-Type" content="text/html;charset=utf-8" />
  <meta name='ocr-system' content='tesseract 3.04.00' />
  <meta name='ocr-capabilities' content='ocr_page ocr_carea ocr_par ocr_line ocrx_word'/>
</head>
<body>
  <div class='ocr_page' id='page_1' title='image "./lucianisamosate04jacogoog/lucianisamosate04jacogoog_0188.png"; bbox 0 0 2625 4092; ppageno 0'>
   <div class='ocr_carea' id='block_1_1' title="bbox 227 290 884 352">
    <p class='ocr_par' dir='ltr' id='par_1_1' title="bbox 227 290 884 352">
     <span class='ocr_line' id='line_1_1' title="bbox 227 290 884 352; baseline 0 -3"><span class='ocrx_word' id='word_1_1' title='bbox 227 290 291 352; x_wconf 81' lang='lat'><strong><em>132</em></strong></span> <span class='ocrx_word' id='word_1_2' title='bbox 579 293 884 352; x_wconf 71' lang='lat' dir='ltr'><em>AOPKIANOY</em></span> 
     </span>
    </p>
   </div>
   <div class='ocr_carea' id='block_1_2' title="bbox 182 449 1241 1421">
    <p class='ocr_par' dir='ltr' id='par_1_2' title="bbox 182 449 1241 1421">
     <span class='ocr_line' id='line_1_2' title="bbox 229 449 1238 538; baseline -0.005 -17"><span class='ocrx_word' id='word_1_3' title='bbox 229 453 405 537; x_wconf 78' lang='grc' dir='ltr'><em>πολλάκις,</em></span> <span class='ocrx_word' id='word_1_4' title='bbox 423 449 466 531; x_wconf 84' lang='grc' dir='ltr'><strong><em>άς</em></strong></span> <span class='ocrx_word' id='word_1_5' title='bbox 482 449 582 520; x_wconf 79' lang='grc' dir='ltr'><strong><em>οὐδέν</em></strong></span> <span class='ocrx_word' id='word_1_6' title='bbox 595 477 632 538; x_wconf 89' lang='grc' dir='ltr'><strong><em>γε</em></strong></span> <span class='ocrx_word' id='word_1_7' title='bbox 649 453 723 529; x_wconf 89' lang='grc' dir='ltr'><strong><em>δέος</em></strong></span> <span class='ocrx_word' id='word_1_8' title='bbox 737 449 782 536; x_wconf 82' lang='grc' dir='ltr'><strong><em>μὴ</em></strong></span> <span class='ocrx_word' id='word_1_9' title='bbox 797 454 957 530; x_wconf 74' lang='grc' dir='ltr'><strong><em>κενωθεὶς</em></strong></span> <span class='ocrx_word' id='word_1_10' title='bbox 971 453 1075 521; x_wconf 86' lang='grc' dir='ltr'><strong><em>λάθοι</em></strong></span> <span class='ocrx_word' id='word_1_11' title='bbox 1089 451 1108 517; x_wconf 88' lang='grc' dir='ltr'><strong><em>ό</em></strong></span> <span class='ocrx_word' id='word_1_12' title='bbox 1124 477 1238 537; x_wconf 88' lang='grc' dir='ltr'><strong><em>γωρυ-</em></strong></span> 
     </span>
     <span class='ocr_line' id='line_1_3' title="bbox 228 546 1237 641; baseline -0.003 -23"><span class='ocrx_word' id='word_1_13' title='bbox 228 550 286 630; x_wconf 87' lang='grc' dir='ltr'><strong><em>τὸς</em></strong></span> <span class='ocrx_word' id='word_1_14' title='bbox 299 548 399 641; x_wconf 71' lang='grc' dir='ltr'><strong><em>αὐτῷ.</em></strong></span> <span class='ocrx_word' id='word_1_15' title='bbox 423 548 503 640; x_wconf 81' lang='grc' dir='ltr'><strong><em>ὁρᾷς</em></strong></span> <span class='ocrx_word' id='word_1_16' title='bbox 518 550 607 628; x_wconf 82' lang='grc' dir='ltr'><strong><em>ὅπως</em></strong></span> <span class='ocrx_word' id='word_1_17' title='bbox 623 556 890 635; x_wconf 76' lang='grc' dir='ltr'><strong><em>παραμυθοῦμαι</em></strong></span> <span class='ocrx_word' id='word_1_18' title='bbox 902 549 966 636; x_wconf 85' lang='grc' dir='ltr'><strong><em>την</em></strong></span> <span class='ocrx_word' id='word_1_19' title='bbox 980 548 1114 637; x_wconf 84' lang='grc' dir='ltr'><strong><em>ἤλιιιίαν</em></strong></span> <span class='ocrx_word' id='word_1_20' title='bbox 1129 551 1186 617; x_wconf 85' lang='grc' dir='ltr'><strong><em>καί</em></strong></span> <span class='ocrx_word' id='word_1_21' title='bbox 1198 546 1237 615; x_wconf 84' lang='grc' dir='ltr'><strong><em>τό</em></strong></span> 
     </span>
     <span class='ocr_line' id='line_1_4' title="bbox 229 646 1239 735; baseline -0.003 -19"><span class='ocrx_word' id='word_1_22' title='bbox 229 656 332 735; x_wconf 84' lang='grc' dir='ltr'><strong><em>γῆρας</em></strong></span> <span class='ocrx_word' id='word_1_23' title='bbox 341 647 377 716; x_wconf 87' lang='grc' dir='ltr'><strong><em>τό</em></strong></span> <span class='ocrx_word' id='word_1_24' title='bbox 389 651 543 735; x_wconf 80' lang='grc' dir='ltr'><strong><em>ἐμαυτοῦ.</em></strong></span> <span class='ocrx_word' id='word_1_25' title='bbox 560 652 616 717; x_wconf 82' lang='grc' dir='ltr'><strong><em>καὶ</em></strong></span> <span class='ocrx_word' id='word_1_26' title='bbox 627 647 683 715; x_wconf 85' lang='grc' dir='ltr'><strong><em>διά</em></strong></span> <span class='ocrx_word' id='word_1_27' title='bbox 694 655 792 715; x_wconf 87' lang='grc' dir='ltr'><strong><em>τοῦτο</em></strong></span> <span class='ocrx_word' id='word_1_28' title='bbox 804 646 967 734; x_wconf 75' lang='grc' dir='ltr'><strong><em>ἐτόλμησα</em></strong></span> <span class='ocrx_word' id='word_1_29' title='bbox 978 648 1081 716; x_wconf 89' lang='grc' dir='ltr'><strong><em>πάλαι</em></strong></span> <span class='ocrx_word' id='word_1_30' title='bbox 1091 656 1239 715; x_wconf 88' lang='grc' dir='ltr'><strong><em>νενεωλ-</em></strong></span> 
     </span>
     <span class='ocr_line' id='line_1_5' title="bbox 229 746 1240 835; baseline -0.003 -19"><span class='ocrx_word' id='word_1_31' title='bbox 229 751 377 835; x_wconf 90' lang='grc' dir='ltr'><strong><em>κημένον</em></strong></span> <span class='ocrx_word' id='word_1_32' title='bbox 391 747 429 817; x_wconf 88' lang='grc' dir='ltr'><strong><em>τό</em></strong></span> <span class='ocrx_word' id='word_1_33' title='bbox 441 746 580 817; x_wconf 78' lang='grc' dir='ltr'><strong><em>ἀκάτιον</em></strong></span> <span class='ocrx_word' id='word_1_34' title='bbox 593 749 807 825; x_wconf 77' lang='grc' dir='ltr'><strong><em>κατασπάσας</em></strong></span> <span class='ocrx_word' id='word_1_35' title='bbox 816 750 917 815; x_wconf 79' lang='grc' dir='ltr'><strong><em>καλέκ</em></strong></span> <span class='ocrx_word' id='word_1_36' title='bbox 927 754 996 814; x_wconf 74' lang='grc' dir='ltr'><strong><em>τῶν</em></strong></span> <span class='ocrx_word' id='word_1_37' title='bbox 1006 748 1153 815; x_wconf 81' lang='grc' dir='ltr'><strong><em>ἐνόντων</em></strong></span> <span class='ocrx_word' id='word_1_38' title='bbox 1164 750 1240 814; x_wconf 81' lang='grc' dir='ltr'><strong><em>έπε-</em></strong></span> 
     </span>
     <span class='ocr_line' id='line_1_6' title="bbox 231 836 1240 932; baseline -0.003 -18"><span class='ocrx_word' id='word_1_39' title='bbox 231 847 396 923; x_wconf 79' lang='grc' dir='ltr'><strong><em>σκευάσας</em></strong></span> <span class='ocrx_word' id='word_1_40' title='bbox 409 839 510 924; x_wconf 85' lang='grc' dir='ltr'><strong><em>αῦθις</em></strong></span> <span class='ocrx_word' id='word_1_41' title='bbox 526 844 662 932; x_wconf 78' lang='grc' dir='ltr'><strong><em>άφελναι</em></strong></span> <span class='ocrx_word' id='word_1_42' title='bbox 679 849 712 925; x_wconf 88' lang='grc' dir='ltr'><strong><em>ές</em></strong></span> <span class='ocrx_word' id='word_1_43' title='bbox 724 848 828 931; x_wconf 81' lang='grc' dir='ltr'><strong><em>μέσον</em></strong></span> <span class='ocrx_word' id='word_1_44' title='bbox 842 844 880 913; x_wconf 90' lang='grc' dir='ltr'><strong><em>τδ</em></strong></span> <span class='ocrx_word' id='word_1_45' title='bbox 895 847 1046 931; x_wconf 87' lang='grc' dir='ltr'><strong><em>πέλαγος.</em></strong></span> <span class='ocrx_word' id='word_1_46' title='bbox 1076 854 1126 932; x_wconf 90' lang='grc' dir='ltr'><strong><em>εἰη</em></strong></span> <span class='ocrx_word' id='word_1_47' title='bbox 1142 842 1194 931; x_wconf 87' lang='grc' dir='ltr'><strong><em>δ’,</em></strong></span> <span class='ocrx_word' id='word_1_48' title='bbox 1210 836 1240 911; x_wconf 73' lang='grc' dir='ltr'><em>ὦ</em></span> 
     </span>
     <span class='ocr_line' id='line_1_7' title="bbox 230 940 1238 1032; baseline -0.006 -18"><span class='ocrx_word' id='word_1_49' title='bbox 230 952 323 1032; x_wconf 87' lang='grc' dir='ltr'><strong><em>θεοί,</em></strong></span> <span class='ocrx_word' id='word_1_50' title='bbox 338 946 392 1012; x_wconf 84' lang='grc' dir='ltr'><strong><em>καὶ</em></strong></span> <span class='ocrx_word' id='word_1_51' title='bbox 406 941 446 1011; x_wconf 86' lang='grc' dir='ltr'><strong><em>τά</em></strong></span> <span class='ocrx_word' id='word_1_52' title='bbox 461 940 542 1026; x_wconf 90' lang='grc' dir='ltr'><strong><em>παρ’</em></strong></span> <span class='ocrx_word' id='word_1_53' title='bbox 557 942 653 1029; x_wconf 79' lang='grc' dir='ltr'><strong><em>ὑμῶν</em></strong></span> <span class='ocrx_word' id='word_1_54' title='bbox 668 945 851 1030; x_wconf 78' lang='grc' dir='ltr'><strong><em>ἐμπνεῦσαι</em></strong></span> <span class='ocrx_word' id='word_1_55' title='bbox 863 943 972 1027; x_wconf 81' lang='grc' dir='ltr'><strong><em>δεξιά,</em></strong></span> <span class='ocrx_word' id='word_1_56' title='bbox 991 940 1035 1022; x_wconf 81' lang='grc' dir='ltr'><strong><em>ὥς</em></strong></span> <span class='ocrx_word' id='word_1_57' title='bbox 1046 950 1113 1011; x_wconf 90' lang='grc' dir='ltr'><strong><em>νῦν</em></strong></span> <span class='ocrx_word' id='word_1_58' title='bbox 1122 968 1162 1028; x_wconf 89' lang='grc' dir='ltr'><strong><em>γε</em></strong></span> <span class='ocrx_word' id='word_1_59' title='bbox 1172 943 1238 1029; x_wconf 89' lang='grc' dir='ltr'><strong><em>μά-</em></strong></span> 
     </span>
     <span class='ocr_line' id='line_1_8' title="bbox 230 1038 1241 1130; baseline -0.006 -17"><span class='ocrx_word' id='word_1_60' title='bbox 230 1052 325 1113; x_wconf 87' lang='grc' dir='ltr'><strong><em>λιστα</em></strong></span> <span class='ocrx_word' id='word_1_61' title='bbox 338 1049 535 1130; x_wconf 79' lang='grc' dir='ltr'><strong><em>πλησιστίου</em></strong></span> <span class='ocrx_word' id='word_1_62' title='bbox 550 1068 585 1109; x_wconf 89' lang='grc' dir='ltr'><strong><em>τε</em></strong></span> <span class='ocrx_word' id='word_1_63' title='bbox 596 1043 652 1109; x_wconf 83' lang='grc' dir='ltr'><strong><em>καὶ</em></strong></span> <span class='ocrx_word' id='word_1_64' title='bbox 664 1044 790 1108; x_wconf 91' lang='grc' dir='ltr'><strong><em>έσθλοῦ</em></strong></span> <span class='ocrx_word' id='word_1_65' title='bbox 804 1042 860 1109; x_wconf 86' lang='grc' dir='ltr'><strong><em>καί</em></strong></span> <span class='ocrx_word' id='word_1_66' title='bbox 874 1044 1006 1127; x_wconf 81' lang='grc' dir='ltr'><strong><em>ἑταίρου</em></strong></span> <span class='ocrx_word' id='word_1_67' title='bbox 1020 1038 1147 1125; x_wconf 89' lang='grc' dir='ltr'><strong><em>άυέμου</em></strong></span> <span class='ocrx_word' id='word_1_68' title='bbox 1161 1042 1241 1107; x_wconf 88' lang='grc' dir='ltr'><strong><em>δεό-</em></strong></span> 
     </span>
     <span class='ocr_line' id='line_1_9' title="bbox 182 1135 1240 1228; baseline -0.004 -19"><span class='ocrx_word' id='word_1_69' title='bbox 182 1159 216 1215; x_wconf 82' lang='grc'><strong><em>87</em></strong></span> <span class='ocrx_word' id='word_1_70' title='bbox 233 1151 339 1228; x_wconf 87' lang='grc' dir='ltr'><strong><em>μεθα,</em></strong></span> <span class='ocrx_word' id='word_1_71' title='bbox 356 1144 428 1220; x_wconf 80' lang='grc' dir='ltr'><strong><em>ἵνα,</em></strong></span> <span class='ocrx_word' id='word_1_72' title='bbox 451 1145 482 1208; x_wconf 90' lang='grc' dir='ltr'><strong><em>εἰ</em></strong></span> <span class='ocrx_word' id='word_1_73' title='bbox 495 1138 580 1220; x_wconf 81' lang='grc' dir='ltr'><strong><em>άξιοι</em></strong></span> <span class='ocrx_word' id='word_1_74' title='bbox 597 1145 802 1225; x_wconf 91' lang='grc' dir='ltr'><strong><em>φαινοίμεθα</em></strong></span> <span class='ocrx_word' id='word_1_75' title='bbox 808 1186 824 1224; x_wconf 26' lang='grc' dir='ltr'><strong><em>,π</em></strong></span> <span class='ocrx_word' id='word_1_76' title='bbox 839 1141 893 1207; x_wconf 82' lang='grc' dir='ltr'><strong><em>καί</em></strong></span> <span class='ocrx_word' id='word_1_77' title='bbox 906 1136 986 1224; x_wconf 71' lang='grc' dir='ltr'><strong><em>ἡμῖν</em></strong></span> <span class='ocrx_word' id='word_1_78' title='bbox 1003 1135 1039 1205; x_wconf 87' lang='grc' dir='ltr'><strong><em>τό</em></strong></span> <span class='ocrx_word' id='word_1_79' title='bbox 1055 1135 1240 1224; x_wconf 83' lang='grc' dir='ltr'><strong><em>Ὁμηρικόν</em></strong></span> 
     </span>
     <span class='ocr_line' id='line_1_10' title="bbox 231 1241 666 1323; baseline 0 -18"><span class='ocrx_word' id='word_1_80' title='bbox 231 1243 338 1307; x_wconf 76' lang='grc' dir='ltr'><strong><em>έκελυο</em></strong></span> <span class='ocrx_word' id='word_1_81' title='bbox 354 1241 595 1323; x_wconf 72' lang='grc' dir='ltr'><strong><em>ἐπιφθέγξηταί</em></strong></span> <span class='ocrx_word' id='word_1_82' title='bbox 606 1264 666 1322; x_wconf 90' lang='grc' dir='ltr'><strong><em>τις,</em></strong></span> 
     </span>
     <span class='ocr_line' id='line_1_11' title="bbox 316 1331 1098 1421; baseline -0.003 -19"><span class='ocrx_word' id='word_1_83' title='bbox 316 1338 391 1421; x_wconf 80' lang='grc' dir='ltr'><strong><em>οἵην</em></strong></span> <span class='ocrx_word' id='word_1_84' title='bbox 410 1339 446 1404; x_wconf 91' lang='grc' dir='ltr'><strong><em>έκ</em></strong></span> <span class='ocrx_word' id='word_1_85' title='bbox 460 1338 590 1421; x_wconf 78' lang='grc' dir='ltr'><strong><em>δακέων</em></strong></span> <span class='ocrx_word' id='word_1_86' title='bbox 605 1331 624 1403; x_wconf 84' lang='grc' dir='ltr'><strong><em>δ</em></strong></span> <span class='ocrx_word' id='word_1_87' title='bbox 639 1336 749 1420; x_wconf 89' lang='grc' dir='ltr'><strong><em>γέρων</em></strong></span> <span class='ocrx_word' id='word_1_88' title='bbox 764 1337 959 1420; x_wconf 75' lang='grc' dir='ltr'><strong><em>ἐπιγουνίδα</em></strong></span> <span class='ocrx_word' id='word_1_89' title='bbox 977 1341 1098 1419; x_wconf 88' lang='grc' dir='ltr'><strong><em>φαίνει.</em></strong></span> 
     </span>
    </p>
   </div>
   <div class='ocr_carea' id='block_1_3' title="bbox 632 1553 843 1563">
    <p class='ocr_par' dir='ltr' id='par_1_3' title="bbox 632 1553 843 1563">
     <span class='ocr_line' id='line_1_12' title="bbox 632 1553 843 1563; baseline 0 -2"><span class='ocrx_word' id='word_1_90' title='bbox 632 1553 843 1563; x_wconf 76' lang='lat'>—-—-.-.—-</span> 
     </span>
    </p>
   </div>
   <div class='ocr_carea' id='block_1_4' title="bbox 261 1765 1212 1835">
    <p class='ocr_par' dir='ltr' id='par_1_4' title="bbox 261 1765 1212 1835">
     <span class='ocr_line' id='line_1_13' title="bbox 261 1765 1212 1835; baseline -0.003 0"><span class='ocrx_word' id='word_1_91' title='bbox 261 1768 378 1835; x_wconf 83' lang='grc' dir='ltr'><em>ΠΕΡΙ</em></span> <span class='ocrx_word' id='word_1_92' title='bbox 401 1768 501 1835; x_wconf 74' lang='grc' dir='ltr'><strong><em>ΤΟΥ</em></strong></span> <span class='ocrx_word' id='word_1_93' title='bbox 522 1766 790 1834; x_wconf 66' lang='grc' dir='ltr'><em>ΗΛΕΚΤΡΟΥ·</em></span> <span class='ocrx_word' id='word_1_94' title='bbox 806 1774 843 1831; x_wconf 87' lang='grc' dir='ltr'><strong>Η</strong></span> <span class='ocrx_word' id='word_1_95' title='bbox 870 1767 978 1835; x_wconf 75' lang='grc' dir='ltr'><strong><em>ΤΩΝ</em></strong></span> <span class='ocrx_word' id='word_1_96' title='bbox 998 1765 1212 1835; x_wconf 75' lang='grc' dir='ltr'><em>ΚΥΚΝΩΝ.</em></span> 
     </span>
    </p>
   </div>
   <div class='ocr_carea' id='block_1_5' title="bbox 315 1921 1241 2012">
    <p class='ocr_par' dir='ltr' id='par_1_5' title="bbox 315 1921 1241 2012">
     <span class='ocr_line' id='line_1_14' title="bbox 315 1921 1241 2012; baseline -0.003 -17"><span class='ocrx_word' id='word_1_97' title='bbox 315 1934 342 1995; x_wconf 92' lang='grc'><strong><em>1.</em></strong></span> <span class='ocrx_word' id='word_1_98' title='bbox 356 1926 533 2008; x_wconf 87' lang='grc' dir='ltr'><strong><em>Ἠλέκτρου</em></strong></span> <span class='ocrx_word' id='word_1_99' title='bbox 542 1929 617 2012; x_wconf 89' lang='grc' dir='ltr'><strong><em>πέρι</em></strong></span> <span class='ocrx_word' id='word_1_100' title='bbox 627 1927 683 1994; x_wconf 82' lang='grc' dir='ltr'><strong><em>καὶ</em></strong></span> <span class='ocrx_word' id='word_1_101' title='bbox 691 1921 778 2010; x_wconf 79' lang='grc' dir='ltr'><strong><em>ὑμᾶς</em></strong></span> <span class='ocrx_word' id='word_1_102' title='bbox 787 1924 913 2012; x_wconf 86' lang='grc' dir='ltr'><strong><em>δηλαδῆ</em></strong></span> <span class='ocrx_word' id='word_1_103' title='bbox 922 1923 941 1993; x_wconf 87' lang='grc' dir='ltr'>ὁ</span> <span class='ocrx_word' id='word_1_104' title='bbox 950 1932 1061 2012; x_wconf 88' lang='grc' dir='ltr'><strong><em>μῦθος</em></strong></span> <span class='ocrx_word' id='word_1_105' title='bbox 1070 1929 1241 2008; x_wconf 83' lang='grc' dir='ltr'><strong><em>πέπεικεν,</em></strong></span> 
     </span>
    </p>
   </div>
   <div class='ocr_carea' id='block_1_6' title="bbox 233 2021 1242 2116">
    <p class='ocr_par' dir='ltr' id='par_1_6' title="bbox 233 2021 1242 2116">
     <span class='ocr_line' id='line_1_15' title="bbox 233 2021 1242 2116; baseline 0.001 -25"><span class='ocrx_word' id='word_1_106' title='bbox 233 2031 400 2111; x_wconf 79' lang='grc' dir='ltr'><strong><em>αἰγείρους</em></strong></span> <span class='ocrx_word' id='word_1_107' title='bbox 416 2028 469 2092; x_wconf 89' lang='grc' dir='ltr'><strong><em>έπί</em></strong></span> <span class='ocrx_word' id='word_1_108' title='bbox 483 2033 529 2116; x_wconf 74' lang='grc' dir='ltr'><strong><em>τῷ</em></strong></span> <span class='ocrx_word' id='word_1_109' title='bbox 545 2022 712 2113; x_wconf 76' lang='grc' dir='ltr'><strong><em>Ἠριδανῷ</em></strong></span> <span class='ocrx_word' id='word_1_110' title='bbox 727 2029 863 2113; x_wconf 77' lang='grc' dir='ltr'><strong><em>ποταμῷ</em></strong></span> <span class='ocrx_word' id='word_1_111' title='bbox 879 2025 1038 2106; x_wconf 78' lang='grc' dir='ltr'><strong><em>δακρύειν</em></strong></span> <span class='ocrx_word' id='word_1_112' title='bbox 1052 2021 1135 2092; x_wconf 88' lang='grc' dir='ltr'><strong><em>αῦτδ</em></strong></span> <span class='ocrx_word' id='word_1_113' title='bbox 1150 2034 1242 2109; x_wconf 86' lang='grc' dir='ltr'><strong><em>θρη-</em></strong></span> 
     </span>
    </p>
   </div>
   <div class='ocr_carea' id='block_1_7' title="bbox 118 2219 1304 3596">
    <p class='ocr_par' dir='ltr' id='par_1_7' title="bbox 118 2219 1304 3596">
     <span class='ocr_line' id='line_1_16' title="bbox 234 2219 1243 2309; baseline 0.001 -21"><span class='ocrx_word' id='word_1_114' title='bbox 234 2246 315 2304; x_wconf 88' lang='grc' dir='ltr'><strong><em>ρους</em></strong></span> <span class='ocrx_word' id='word_1_115' title='bbox 329 2224 455 2301; x_wconf 85' lang='grc' dir='ltr'><strong><em>ἐκείνας</em></strong></span> <span class='ocrx_word' id='word_1_116' title='bbox 469 2230 530 2288; x_wconf 90' lang='grc' dir='ltr'><strong><em>τοῦ</em></strong></span> <span class='ocrx_word' id='word_1_117' title='bbox 543 2225 753 2306; x_wconf 86' lang='grc' dir='ltr'><strong><em>Φαέθοντος,</em></strong></span> <span class='ocrx_word' id='word_1_118' title='bbox 772 2220 840 2289; x_wconf 80' lang='grc' dir='ltr'><strong><em>εἶτα</em></strong></span> <span class='ocrx_word' id='word_1_119' title='bbox 853 2220 1058 2309; x_wconf 84' lang='grc' dir='ltr'><strong><em>ὀδυρομένας</em></strong></span> <span class='ocrx_word' id='word_1_120' title='bbox 1072 2219 1110 2289; x_wconf 88' lang='grc' dir='ltr'><strong><em>τό</em></strong></span> <span class='ocrx_word' id='word_1_121' title='bbox 1122 2220 1243 2308; x_wconf 86' lang='grc' dir='ltr'><strong><em>μειρά-</em></strong></span> 
     </span>
     <span class='ocr_line' id='line_1_17' title="bbox 233 2316 1243 2405; baseline -0.003 -18"><span class='ocrx_word' id='word_1_122' title='bbox 233 2346 310 2387; x_wconf 91' lang='grc' dir='ltr'><strong><em>κιον</em></strong></span> <span class='ocrx_word' id='word_1_123' title='bbox 326 2316 508 2405; x_wconf 81' lang='grc' dir='ltr'><strong><em>άλλαγῆυαι</em></strong></span> <span class='ocrx_word' id='word_1_124' title='bbox 524 2322 557 2397; x_wconf 84' lang='grc' dir='ltr'><strong><em>ἐς</em></strong></span> <span class='ocrx_word' id='word_1_125' title='bbox 570 2319 611 2387; x_wconf 78' lang='grc' dir='ltr'><strong><em>τά</em></strong></span> <span class='ocrx_word' id='word_1_126' title='bbox 629 2320 769 2405; x_wconf 86' lang='grc' dir='ltr'><strong><em>δένδρα,</em></strong></span> <span class='ocrx_word' id='word_1_127' title='bbox 784 2323 841 2388; x_wconf 90' lang='grc' dir='ltr'><strong><em>καί</em></strong></span> <span class='ocrx_word' id='word_1_128' title='bbox 854 2318 1052 2401; x_wconf 79' lang='grc' dir='ltr'><strong><em>ἀποστάζειν</em></strong></span> <span class='ocrx_word' id='word_1_129' title='bbox 1065 2325 1113 2388; x_wconf 82' lang='grc' dir='ltr'><strong><em>έτι</em></strong></span> <span class='ocrx_word' id='word_1_130' title='bbox 1128 2317 1243 2385; x_wconf 77' lang='grc' dir='ltr'><strong><em>αὐτῶν</em></strong></span> 
     </span>
     <span class='ocr_line' id='line_1_18' title="bbox 233 2416 1242 2506; baseline -0.004 -19"><span class='ocrx_word' id='word_1_131' title='bbox 233 2420 383 2505; x_wconf 90' lang='grc' dir='ltr'><strong><em>δάκρυον</em></strong></span> <span class='ocrx_word' id='word_1_132' title='bbox 394 2423 500 2506; x_wconf 79' lang='grc' dir='ltr'><strong><em>δῆθεν</em></strong></span> <span class='ocrx_word' id='word_1_133' title='bbox 510 2417 548 2487; x_wconf 87' lang='grc' dir='ltr'>τό</span> <span class='ocrx_word' id='word_1_134' title='bbox 563 2418 736 2505; x_wconf 90' lang='grc' dir='ltr'><strong><em>ἤλεκτρον.</em></strong></span> <span class='ocrx_word' id='word_1_135' title='bbox 759 2426 897 2487; x_wconf 88' lang='grc' dir='ltr'><strong><em>τοιαῦτα</em></strong></span> <span class='ocrx_word' id='word_1_136' title='bbox 911 2419 976 2505; x_wconf 86' lang='grc' dir='ltr'><strong><em>γάρ</em></strong></span> <span class='ocrx_word' id='word_1_137' title='bbox 987 2418 1100 2506; x_wconf 81' lang='grc' dir='ltr'><strong><em>ἀμέλει</em></strong></span> <span class='ocrx_word' id='word_1_138' title='bbox 1111 2419 1166 2486; x_wconf 87' lang='grc' dir='ltr'><strong><em>καί</em></strong></span> <span class='ocrx_word' id='word_1_139' title='bbox 1177 2416 1242 2485; x_wconf 86' lang='grc' dir='ltr'><strong><em>αῦ-</em></strong></span> 
     </span>
     <span class='ocr_line' id='line_1_19' title="bbox 118 2515 1244 2611; baseline -0.002 -26"><span class='ocrx_word' id='word_1_140' title='bbox 118 2590 125 2611; x_wconf 58' lang='grc'><strong><em>,</em></strong></span> <span class='ocrx_word' id='word_1_141' title='bbox 232 2515 289 2598; x_wconf 86' lang='grc' dir='ltr'><strong><em>τός</em></strong></span> <span class='ocrx_word' id='word_1_142' title='bbox 304 2516 441 2587; x_wconf 86' lang='grc' dir='ltr'><strong><em>άκοῦωυ</em></strong></span> <span class='ocrx_word' id='word_1_143' title='bbox 455 2526 524 2587; x_wconf 75' lang='grc' dir='ltr'><strong><em>των</em></strong></span> <span class='ocrx_word' id='word_1_144' title='bbox 537 2526 687 2605; x_wconf 80' lang='grc' dir='ltr'><strong><em>ποιητῶν</em></strong></span> <span class='ocrx_word' id='word_1_145' title='bbox 704 2516 858 2608; x_wconf 76' lang='grc' dir='ltr'><strong><em>ᾀδόντων</em></strong></span> <span class='ocrx_word' id='word_1_146' title='bbox 875 2518 1029 2605; x_wconf 79' lang='grc' dir='ltr'><strong><em>ἤλπιζον,</em></strong></span> <span class='ocrx_word' id='word_1_147' title='bbox 1046 2528 1079 2587; x_wconf 85' lang='grc' dir='ltr'><strong><em>εἰ</em></strong></span> <span class='ocrx_word' id='word_1_148' title='bbox 1089 2543 1168 2586; x_wconf 90' lang='grc' dir='ltr'><strong><em>ποτε</em></strong></span> <span class='ocrx_word' id='word_1_149' title='bbox 1183 2542 1244 2602; x_wconf 89' lang='grc' dir='ltr'><strong><em>γε-</em></strong></span> 
     </span>
     <span class='ocr_line' id='line_1_20' title="bbox 184 2615 1241 2708; baseline -0.009 -17"><span class='ocrx_word' id='word_1_150' title='bbox 184 2636 220 2691; x_wconf 86' lang='grc'><strong><em>88</em></strong></span> <span class='ocrx_word' id='word_1_151' title='bbox 235 2624 356 2705; x_wconf 85' lang='grc' dir='ltr'><strong><em>νοίμην</em></strong></span> <span class='ocrx_word' id='word_1_152' title='bbox 364 2621 417 2687; x_wconf 81' lang='grc' dir='ltr'><strong><em>ἐπὶ</em></strong></span> <span class='ocrx_word' id='word_1_153' title='bbox 427 2625 475 2708; x_wconf 76' lang='grc' dir='ltr'><strong><em>τῷ</em></strong></span> <span class='ocrx_word' id='word_1_154' title='bbox 486 2616 662 2707; x_wconf 75' lang='grc' dir='ltr'><strong><em>Ἠριδανῷ,</em></strong></span> <span class='ocrx_word' id='word_1_155' title='bbox 672 2615 834 2687; x_wconf 79' lang='grc' dir='ltr'><strong><em>ῦπελθῦν</em></strong></span> <span class='ocrx_word' id='word_1_156' title='bbox 847 2626 927 2704; x_wconf 92' lang='grc' dir='ltr'><strong><em>μίαν</em></strong></span> <span class='ocrx_word' id='word_1_157' title='bbox 939 2625 1006 2685; x_wconf 81' lang='grc' dir='ltr'><strong><em>τῶν</em></strong></span> <span class='ocrx_word' id='word_1_158' title='bbox 1018 2623 1177 2703; x_wconf 87' lang='grc' dir='ltr'><strong><em>αἰγείρων</em></strong></span> <span class='ocrx_word' id='word_1_159' title='bbox 1186 2620 1241 2683; x_wconf 83' lang='grc' dir='ltr'><strong><em>ἐκ·</em></strong></span> 
     </span>
     <span class='ocr_line' id='line_1_21' title="bbox 234 2713 1243 2802; baseline -0.004 -16"><span class='ocrx_word' id='word_1_160' title='bbox 234 2718 376 2798; x_wconf 83' lang='grc' dir='ltr'><strong><em>πετάσας</em></strong></span> <span class='ocrx_word' id='word_1_161' title='bbox 386 2716 422 2787; x_wconf 86' lang='grc' dir='ltr'><strong><em>τδ</em></strong></span> <span class='ocrx_word' id='word_1_162' title='bbox 432 2718 640 2802; x_wconf 89' lang='grc' dir='ltr'><strong><em>προκόλπιον</em></strong></span> <span class='ocrx_word' id='word_1_163' title='bbox 650 2715 954 2798; x_wconf 80' lang='grc' dir='ltr'><strong><em>ῦποδίξασθαιτῦν</em></strong></span> <span class='ocrx_word' id='word_1_164' title='bbox 964 2716 1123 2800; x_wconf 88' lang='grc' dir='ltr'><strong><em>δακρῦων</em></strong></span> <span class='ocrx_word' id='word_1_165' title='bbox 1133 2713 1243 2800; x_wconf 84' lang='grc' dir='ltr'><strong><em>ὀλίγα,</em></strong></span> 
     </span>
     <span class='ocr_line' id='line_1_22' title="bbox 234 2812 1244 2905; baseline -0.006 -20"><span class='ocrx_word' id='word_1_166' title='bbox 234 2816 279 2896; x_wconf 74' lang='grc' dir='ltr'><strong><em>ὡς</em></strong></span> <span class='ocrx_word' id='word_1_167' title='bbox 291 2816 453 2905; x_wconf 80' lang='grc' dir='ltr'><strong><em>ἤλεκτρον</em></strong></span> <span class='ocrx_word' id='word_1_168' title='bbox 470 2824 585 2904; x_wconf 78' lang='grc' dir='ltr'><strong><em>ἔχοιμι.</em></strong></span> <span class='ocrx_word' id='word_1_169' title='bbox 616 2824 645 2884; x_wconf 74' lang='lat'><strong><em>2.</em></strong></span> <span class='ocrx_word' id='word_1_170' title='bbox 664 2819 719 2885; x_wconf 84' lang='grc' dir='ltr'><strong><em>καί</em></strong></span> <span class='ocrx_word' id='word_1_171' title='bbox 730 2815 771 2903; x_wconf 86' lang='grc' dir='ltr'><strong><em>δῆ</em></strong></span> <span class='ocrx_word' id='word_1_172' title='bbox 784 2815 826 2885; x_wconf 90' lang='grc' dir='ltr'><strong><em>οῦ</em></strong></span> <span class='ocrx_word' id='word_1_173' title='bbox 843 2818 908 2901; x_wconf 83' lang='grc' dir='ltr'><strong><em>πρό</em></strong></span> <span class='ocrx_word' id='word_1_174' title='bbox 923 2823 1051 2885; x_wconf 88' lang='grc' dir='ltr'><strong><em>πολλοῦ</em></strong></span> <span class='ocrx_word' id='word_1_175' title='bbox 1067 2812 1141 2884; x_wconf 87' lang='grc' dir='ltr'><strong><em>κατ’</em></strong></span> <span class='ocrx_word' id='word_1_176' title='bbox 1158 2813 1244 2881; x_wconf 81' lang='grc' dir='ltr'><strong><em>ἄλλο</em></strong></span> 
     </span>
     <span class='ocr_line' id='line_1_23' title="bbox 234 2908 1304 3003; baseline -0.003 -20"><span class='ocrx_word' id='word_1_177' title='bbox 234 2918 297 3001; x_wconf 84' lang='grc' dir='ltr'><strong><em>μέν</em></strong></span> <span class='ocrx_word' id='word_1_178' title='bbox 309 2944 341 2983; x_wconf 91' lang='grc' dir='ltr'><strong><em>τι</em></strong></span> <span class='ocrx_word' id='word_1_179' title='bbox 361 2918 470 3001; x_wconf 83' lang='grc' dir='ltr'><strong><em>χρέος,</em></strong></span> <span class='ocrx_word' id='word_1_180' title='bbox 487 2908 572 3001; x_wconf 91' lang='grc' dir='ltr'><strong><em>ἤκον</em></strong></span> <span class='ocrx_word' id='word_1_181' title='bbox 586 2914 623 2984; x_wconf 68' lang='grc' dir='ltr'><strong><em>δὲ</em></strong></span> <span class='ocrx_word' id='word_1_182' title='bbox 645 2914 735 3001; x_wconf 83' lang='grc' dir='ltr'><strong><em>ὅμως</em></strong></span> <span class='ocrx_word' id='word_1_183' title='bbox 749 2919 782 2995; x_wconf 83' lang='grc' dir='ltr'><strong><em>ἐς</em></strong></span> <span class='ocrx_word' id='word_1_184' title='bbox 799 2914 840 2983; x_wconf 83' lang='grc' dir='ltr'><strong><em>τά</em></strong></span> <span class='ocrx_word' id='word_1_185' title='bbox 859 2925 962 3003; x_wconf 82' lang='grc' dir='ltr'><strong><em>χωρία</em></strong></span> <span class='ocrx_word' id='word_1_186' title='bbox 983 2919 1111 2995; x_wconf 78' lang='grc' dir='ltr'><strong><em>ε’κείνα,</em></strong></span> <span class='ocrx_word' id='word_1_187' title='bbox 1133 2915 1238 2982; x_wconf 76' lang='grc' dir='ltr'><strong><em>καί-</em></strong></span> <span class='ocrx_word' id='word_1_188' title='bbox 1303 2911 1304 2918; x_wconf 36' lang='lat'>¹</span> 
     </span>
     <span class='ocr_line' id='line_1_24' title="bbox 234 3009 1246 3099; baseline -0.003 -18"><span class='ocrx_word' id='word_1_189' title='bbox 234 3018 302 3081; x_wconf 72' lang='grc' dir='ltr'><strong><em>ἔδει</em></strong></span> <span class='ocrx_word' id='word_1_190' title='bbox 318 3009 382 3099; x_wconf 83' lang='grc' dir='ltr'><strong><em>γάρ</em></strong></span> <span class='ocrx_word' id='word_1_191' title='bbox 398 3011 559 3082; x_wconf 83' lang='grc' dir='ltr'><strong><em>άναπλεῑν</em></strong></span> <span class='ocrx_word' id='word_1_192' title='bbox 569 3012 653 3083; x_wconf 85' lang='grc' dir='ltr'><strong><em>κατά</em></strong></span> <span class='ocrx_word' id='word_1_193' title='bbox 669 3012 730 3083; x_wconf 81' lang='grc' dir='ltr'><strong><em>τόν</em></strong></span> <span class='ocrx_word' id='word_1_194' title='bbox 741 3012 974 3098; x_wconf 88' lang='grc' dir='ltr'><strong><em>Ἠριδανόυ-</em></strong></span> <span class='ocrx_word' id='word_1_195' title='bbox 985 3010 1056 3081; x_wconf 78' lang='grc' dir='ltr'><strong><em>οὔτ’</em></strong></span> <span class='ocrx_word' id='word_1_196' title='bbox 1073 3018 1246 3097; x_wconf 87' lang='grc' dir='ltr'><strong><em>αἰγείρους</em></strong></span> 
     </span>
     <span class='ocr_line' id='line_1_25' title="bbox 236 3108 1246 3199; baseline -0.002 -22"><span class='ocrx_word' id='word_1_197' title='bbox 236 3108 326 3179; x_wconf 86' lang='grc' dir='ltr'><strong><em>εἰδον</em></strong></span> <span class='ocrx_word' id='word_1_198' title='bbox 336 3111 427 3179; x_wconf 87' lang='grc' dir='ltr'><strong><em>πάνυ</em></strong></span> <span class='ocrx_word' id='word_1_199' title='bbox 439 3121 652 3193; x_wconf 80' lang='grc' dir='ltr'><strong><em>περισκοπῶν</em></strong></span> <span class='ocrx_word' id='word_1_200' title='bbox 663 3114 741 3181; x_wconf 81' lang='grc' dir='ltr'><strong><em>οὔτε</em></strong></span> <span class='ocrx_word' id='word_1_201' title='bbox 751 3110 788 3180; x_wconf 81' lang='grc' dir='ltr'><strong><em>τὸ</em></strong></span> <span class='ocrx_word' id='word_1_202' title='bbox 800 3111 971 3199; x_wconf 84' lang='grc' dir='ltr'><strong><em>ἤλεκτρον,</em></strong></span> <span class='ocrx_word' id='word_1_203' title='bbox 982 3108 1059 3179; x_wconf 76' lang='grc' dir='ltr'><strong><em>ἀλλ’</em></strong></span> <span class='ocrx_word' id='word_1_204' title='bbox 1071 3110 1151 3179; x_wconf 71' lang='grc' dir='ltr'><strong><em>οῦδὲ</em></strong></span> <span class='ocrx_word' id='word_1_205' title='bbox 1162 3108 1246 3176; x_wconf 82' lang='grc' dir='ltr'><strong><em>τοῦ·</em></strong></span> 
     </span>
     <span class='ocr_line' id='line_1_26' title="bbox 235 3207 1247 3302; baseline -0.002 -25"><span class='ocrx_word' id='word_1_206' title='bbox 235 3235 320 3295; x_wconf 89' lang='grc' dir='ltr'><strong><em>νομα</em></strong></span> <span class='ocrx_word' id='word_1_207' title='bbox 334 3218 395 3277; x_wconf 91' lang='grc' dir='ltr'><strong><em>τοῦ</em></strong></span> <span class='ocrx_word' id='word_1_208' title='bbox 408 3214 602 3291; x_wconf 86' lang='grc' dir='ltr'><strong><em>Φαέθοντος</em></strong></span> <span class='ocrx_word' id='word_1_209' title='bbox 616 3211 743 3302; x_wconf 81' lang='grc' dir='ltr'><strong><em>ᾔδεσαν</em></strong></span> <span class='ocrx_word' id='word_1_210' title='bbox 754 3216 788 3279; x_wconf 88' lang='grc' dir='ltr'><strong><em>οἰ</em></strong></span> <span class='ocrx_word' id='word_1_211' title='bbox 797 3212 976 3297; x_wconf 78' lang='grc' dir='ltr'><strong><em>ἐπιχώριοι.</em></strong></span> <span class='ocrx_word' id='word_1_212' title='bbox 1000 3207 1247 3295; x_wconf 78' lang='grc' dir='ltr'><strong><em>ἀναζητοῦντος</em></strong></span> 
     </span>
     <span class='ocr_line' id='line_1_27' title="bbox 235 3308 1247 3398; baseline -0.001 -22"><span class='ocrx_word' id='word_1_213' title='bbox 235 3316 320 3396; x_wconf 90' lang='grc' dir='ltr'><strong><em>γοῦν</em></strong></span> <span class='ocrx_word' id='word_1_214' title='bbox 334 3313 415 3396; x_wconf 79' lang='grc' dir='ltr'><strong><em>ἐμοῦ</em></strong></span> <span class='ocrx_word' id='word_1_215' title='bbox 431 3312 485 3379; x_wconf 84' lang='grc' dir='ltr'><strong><em>καί</em></strong></span> <span class='ocrx_word' id='word_1_216' title='bbox 501 3314 838 3398; x_wconf 85' lang='grc' dir='ltr'><strong><em>διαπυνθανομένου,</em></strong></span> <span class='ocrx_word' id='word_1_217' title='bbox 855 3309 934 3378; x_wconf 87' lang='grc' dir='ltr'><strong><em>πότε</em></strong></span> <span class='ocrx_word' id='word_1_218' title='bbox 950 3309 986 3378; x_wconf 77' lang='grc' dir='ltr'><strong><em>δέ</em></strong></span> <span class='ocrx_word' id='word_1_219' title='bbox 1001 3311 1053 3379; x_wconf 80' lang='grc' dir='ltr'><strong><em>ἐπὶ</em></strong></span> <span class='ocrx_word' id='word_1_220' title='bbox 1067 3308 1127 3387; x_wconf 86' lang='grc' dir='ltr'><strong><em>τάς</em></strong></span> <span class='ocrx_word' id='word_1_221' title='bbox 1136 3314 1247 3395; x_wconf 82' lang='grc' dir='ltr'><strong><em>αἰγεί-</em></strong></span> 
     </span>
     <span class='ocr_line' id='line_1_28' title="bbox 235 3407 1247 3497; baseline -0.002 -20"><span class='ocrx_word' id='word_1_222' title='bbox 235 3436 316 3493; x_wconf 92' lang='grc' dir='ltr'><strong><em>ρους</em></strong></span> <span class='ocrx_word' id='word_1_223' title='bbox 330 3407 519 3497; x_wconf 83' lang='grc' dir='ltr'><strong><em>άφιξόμεθα</em></strong></span> <span class='ocrx_word' id='word_1_224' title='bbox 534 3410 592 3491; x_wconf 86' lang='grc' dir='ltr'><strong><em>τάς</em></strong></span> <span class='ocrx_word' id='word_1_225' title='bbox 607 3410 644 3480; x_wconf 86' lang='grc' dir='ltr'><strong><em>τό</em></strong></span> <span class='ocrx_word' id='word_1_226' title='bbox 664 3411 841 3497; x_wconf 90' lang='grc' dir='ltr'><strong><em>ἤλεκτρον,</em></strong></span> <span class='ocrx_word' id='word_1_227' title='bbox 864 3412 988 3496; x_wconf 82' lang='grc' dir='ltr'><strong><em>ἐγέλων</em></strong></span> <span class='ocrx_word' id='word_1_228' title='bbox 1003 3414 1039 3477; x_wconf 93' lang='grc' dir='ltr'><strong><em>οί</em></strong></span> <span class='ocrx_word' id='word_1_229' title='bbox 1051 3416 1171 3477; x_wconf 89' lang='grc' dir='ltr'><strong><em>ναῦται</em></strong></span> <span class='ocrx_word' id='word_1_230' title='bbox 1187 3408 1247 3475; x_wconf 84' lang='grc' dir='ltr'><strong><em>καί</em></strong></span> 
     </span>
     <span class='ocr_line' id='line_1_29' title="bbox 233 3505 1246 3596; baseline -0.003 -18"><span class='ocrx_word' id='word_1_231' title='bbox 233 3506 350 3596; x_wconf 82' lang='grc' dir='ltr'><strong><em>ἤξίονν</em></strong></span> <span class='ocrx_word' id='word_1_232' title='bbox 367 3514 573 3596; x_wconf 90' lang='grc' dir='ltr'><strong><em>σαφέστερον</em></strong></span> <span class='ocrx_word' id='word_1_233' title='bbox 592 3516 704 3593; x_wconf 87' lang='grc' dir='ltr'><strong><em>λέγειν</em></strong></span> <span class='ocrx_word' id='word_1_234' title='bbox 721 3510 742 3578; x_wconf 85' lang='grc' dir='ltr'><strong><em>ό</em></strong></span> <span class='ocrx_word' id='word_1_235' title='bbox 761 3538 792 3578; x_wconf 91' lang='grc' dir='ltr'><strong><em>τι</em></strong></span> <span class='ocrx_word' id='word_1_236' title='bbox 815 3513 870 3579; x_wconf 81' lang='grc' dir='ltr'><strong><em>καὶ</em></strong></span> <span class='ocrx_word' id='word_1_237' title='bbox 889 3513 1038 3596; x_wconf 87' lang='grc' dir='ltr'><strong><em>θέλοιμι·</em></strong></span> <span class='ocrx_word' id='word_1_238' title='bbox 1068 3505 1160 3594; x_wconf 80' lang='grc' dir='ltr'><strong><em>κάγά</em></strong></span> <span class='ocrx_word' id='word_1_239' title='bbox 1179 3506 1246 3576; x_wconf 80' lang='grc' dir='ltr'><strong><em>τόν</em></strong></span> 
     </span>
    </p>
   </div>
   <div class='ocr_carea' id='block_1_8' title="bbox 0 0 1330 4092">
    <p class='ocr_par' dir='ltr' id='par_1_8' title="bbox 0 0 1330 4092">
     <span class='ocr_line' id='line_1_30' title="bbox 0 0 1330 4092; baseline 0 0"><span class='ocrx_word' id='word_1_240' title='bbox 0 0 1330 4092; x_wconf 95' lang='lat' dir='ltr'><strong><em> </em></strong></span> 
     </span>
    </p>
   </div>
  </div>
 </body>
</html>
