2625 4092
358 274 479 334 ΠΕΡΙ
497 272 795 332 ΠΑΡΑΣΙΤΟΤ.
1037 267 1080 330 33

161 441 255 502 ΤῬΧ.
279 433 389 519 Κάμοί
405 438 504 500 δοκεῖ,

156 539 254 600 ΠΛΡ.
280 531 417 602 Οὐκοῦν
431 537 476 620 τῷ
490 528 552 614 μὲν
566 525 672 616 συχνά
688 531 877 618 κεκτημένην
890 538 970 605 ίσοις
981 531 1080 593 τουτο

74 635 221 716 παρέχει,
237 638 283 722 τῷ
299 633 335 699 δέ
353 628 448 716 ὀλίγα
463 630 518 697 καὶ
533 629 638 714 μηδὲν
652 626 779 695 οάκέτι·
803 625 886 695 ὥστε
900 629 1002 712 πένης
1017 622 1080 695 οάκ

74 727 117 797 ἀν
131 726 238 813 σοφδς
250 731 381 816 γένοιτο
392 727 472 797 οάδέ
486 731 632 813 ἐφίκοιτο
643 733 705 793 τοῦ
718 727 851 811 τέλους,
869 727 954 811 λέγω
965 723 1007 810 δη
1018 728 1080 789 τοῦ

73 825 177 912 ἡδέος.
206 824 281 895 ἀλλ’
304 824 383 894 οάδδ
404 822 471 911 μην
490 821 508 891 ὁ
530 824 706 908 πλούσιος,
738 820 867 907 δπαρά
886 831 944 908 της
964 819 1080 898 οὐσίας

73 921 236 1008 ἀφθόνοις
247 938 316 1002 ταῖς
328 925 521 1008 ἐπιθυμίαις
530 928 695 1008 χορηγῶν,
705 921 883 1006 δυνήσεται
895 925 992 987 τοῦδε
1003 921 1080 1005 ἐφι-

73 1021 201 1088 κέσθαι.
223 1027 258 1087 τί
270 1021 311 1106 δή
332 1045 429 1100 ποτε;
452 1018 503 1087 ὅτι
520 1027 610 1086 πάσα
625 1017 757 1105 ἀνάγκη
776 1016 837 1086 τὸν
857 1018 1078 1086 ἀναλίσκοντα

72 1115 111 1184 τά
132 1121 255 1185 ἑαυτοῦ
274 1127 411 1197 πολλαῖς
431 1124 638 1201 περιπίπτειν
658 1115 805 1203 ἀηδίαις,
831 1124 929 1184 τοῦτο
951 1116 1012 1199 μὲν
1033 1123 1078 1204 τῷ

72 1223 219 1307 μαγιίρφ
238 1223 348 1295 κακῶς
369 1215 569 1283 σκευάσαντι
592 1211 628 1280 ιδ
644 1212 731 1295 ὅρον
747 1215 936 1302 μαχόμενον
954 1209 977 1299 ἢ
993 1219 1022 1280 εί
1033 1208 1077 1297 μη

72 1314 208 1397 μάχοιτο
217 1321 332 1398 φαῦλα
343 1311 432 1396 παρά
443 1319 542 1380 τοῦτο
552 1314 711 1379 ἐσθίοντα
719 1310 760 1378 τά
771 1311 837 1393 ὄψα
847 1316 902 1379 καὶ
912 1318 973 1377 τοῦ
982 1309 1079 1397 ἡδέος

72 1409 294 1496 ὑστεροῦντα,
316 1410 467 1480 τοῦτοδὲ
483 1418 528 1500 τςδ
548 1417 783 1496 οἰκονομοῦντι
796 1407 838 1477 τά
853 1408 936 1478 κατά
950 1407 1012 1494 τὴν
1029 1413 1079 1474 οί-

73 1517 164 1592 κίαν,
182 1516 212 1577 εί
224 1508 268 1594 μη
283 1517 391 1590 καλῶς
402 1515 610 1594 οίκονομοί-η,
625 1509 822 1593 μαχόμενον.
846 1504 867 1593 η’
880 1505 940 1592 οὐχ
954 1503 1076 1585 οὕτως;
1094 1528 1144 1582 051

158 1614 255 1674 m.
277 1604 333 1692 Νη
348 1613 431 1691 Δία,
447 1601 546 1689 κάμοὶ
563 1607 663 1671 δοκεῖ.

154 1711 253 1771 ΠΑΡ.
280 1712 334 1794 Τῷ
348 1705 408 1790 μὲν
422 1695 487 1770 οὖν
499 1699 684 1792 Ἐπικούρῳ
698 1701 807 1770 πάντα
822 1708 1016 1789 ξυμβαίνειν
1032 1705 1078 1765 εί-

73 1802 146 1887 κός,
172 1800 256 1870 ἀίστε
271 1799 429 1871 οὐδέποτε
450 1804 598 1881 τεύξεται
613 1809 675 1869 τοῦ
695 1806 825 1879 τέλους·
854 1809 899 1888 τῷ
918 1801 952 1868 δέ
968 1824 1078 1883 παρα-

72 1909 150 1990 σίτῳ
167 1899 245 1986 οὔτε
264 1903 422 1987 μάγειρός
436 1905 525 1968 ἐστιν
542 1892 570 1991 ᾦ
580 1900 779 1987 χαλεπήναι,
795 1900 872 1968 οὔτε
883 1897 985 1985 ἀγρὸς
1002 1897 1078 1965 οὔτε

72 1998 249 2083 οἰκονόμος
272 1997 348 2067 οὔτε
368 1997 530 2085 ἀργύρια,
555 1997 640 2082 ὑπὲρ
668 1991 717 2066 ἀν
736 1998 955 2084 ἀπολομένων
976 1994 1078 2082 ἀχθε-

73 2101 182 2181 σθείη,
197 2100 251 2162 καὶ
266 2098 373 2164 πάντα
388 2104 463 2184 ἔχει,
479 2097 563 2166 όόστε
575 2102 629 2167 καὶ
641 2101 745 2186 φάγοι
757 2102 812 2167 καὶ
822 2105 892 2165 πίοι
904 2099 1007 2183 μόνος
1018 2088 1079 2164 οὗ·

72 2219 125 2270 τος
140 2191 208 2259 ὑπὸ
224 2194 382 2281 μηδενός,
400 2187 447 2262 οἷν
462 2198 610 2274 ἐκείνους
627 2195 773 2283 ἀνάγκη,
790 2194 1038 2281 ἐνοχλούμενος.

158 2295 208 2359 13.
222 2289 308 2362 Ἀλλ’
323 2291 373 2360 ὅτι
385 2293 448 2378 μὲν
458 2297 553 2380 τέχνη
568 2297 657 2362 ἐστὶν
667 2322 688 2381 η
698 2295 908 2381 παρασιτική,
925 2292 988 2362 κάκ
999 2294 1078 2361 τοό-

72 2416 139 2456 των
159 2393 301 2458 καὶτῶν
322 2390 433 2460 ἀλλων
456 2398 579 2471 ἱκανῶς
601 2397 772 2462 δέδεικται.
811 2392 931 2461 λοιπόν
951 2391 1004 2460 ὅτι
1024 2395 1079 2459 καὶ

72 2486 190 2574 ἀρίστη
202 2493 359 2575 δεικτέον,
379 2494 541 2559 καὶτοῦτο
553 2489 613 2578 οὐχ
623 2491 746 2578 ἀπλολς,
764 2491 848 2561 ἀλλά
860 2500 993 2576 πρῶτον
1004 2493 1076 2577 μέν,

73 2584 123 2654 ὅτι
138 2611 236 2674 κοινη
251 2595 369 2654 πασοιν
384 2593 534 2676 διαφέρει
549 2597 617 2657 τῶν
630 2600 772 2677 τεχνῶν,
791 2589 893 2658 είτα”
873 2616 923 2657 οτι
940 2591 994 2655 καὶ
1010 2592 1077 2674 ίδίᾳ

74 2686 222 2809 εκάστης
251 2712 348 2794 κοινη
333 2682 480 2773 ’μέν’
438 2714 502 2755 ουν
521 2686 662 2756 ἀπασῶν
677 2689 765 2756 οὕτω
782 2690 948 2772 διαφέρει
970 2688 1078 2769 πάσης
1107 2700 1110 2705 “

73 2783 136 2869 γάρ
159 2787 275 2902 τέχνης
299 2783 428 2872 ἀνάγκη
451 2788 634 2872 προσάγειν
655 2789 807 2873 μάθησιν
834 2787 941 2854 πόνον
967 2785 1078 2872 φόβον

73 2882 218 2969 πληγάς,
229 2883 326 3008 άπερ
342 2882 406 2951 οὐκ
421 2883 546 2952 έστιν”
526 2905 615 2964 οστις
635 2884 698 2954 οάκ
715 2881 759 2953 ἀν
774 2886 968 2966 ἀπεύξαιτο·
994 2884 1077 2952 ναό-

73 3009 133 3067 την
148 2980 236 3050 δέ
201 3008 263 3067 την
277 2986 411 3070 τέχνην,
429 2982 473 3062 ὡς
487 2990 590 3071 ἔοικε,
612 2985 723 3070 μόνην
737 2991 840 3064 ἔξεστι
855 2994 979 3069 μαθεῖν
995 2982 1077 3051 ἀνευ

74 3082 193 3149 πόνον.
215 3087 263 3159 τίς
273 3080 339 3168 γάρ
349 3078 415 3148 ἀπδ
431 3087 568 3152 δείπνου
579 3085 659 3150 ποτὲ
670 3082 801 3169 ἀπηλθε
812 3092 947 3168 κλαίων,
967 3081 1077 3166 ὥσπερ

73 3178 166 3258 τινάς
182 3183 220 3248 ἐκ
236 3188 303 3248 τῶν
323 3184 561 3250 διδασκαλείου
583 3179 730 3267 ὁρῶμεν,
753 3188 800 3258 τίς
816 3179 847 3248 δ’
866 3182 918 3249 ἐπὶ
941 3185 1079 3249 δεῖπνον
1094 3199 1147 3254 θολ

74 3277 182 3346 άπιοδν
205 3289 305 3366 οφθη
326 3283 545 3366 σκυθρωπός,
566 3279 677 3361 ὥσπερ
700 3285 734 3348 οί
749 3287 794 3358 είς
810 3278 850 3346 τά
868 3285 1079 3348 διδασκαλεῖα

75 3387 271 3460 φοινιδντεςς
297 3381 352 3448 καὶ
373 3377 478 3467 μηνὸ
504 3381 566 3466 μὲν
586 3379 767 3462 παράσιτος
792 3377 878 3446 ἐκεδν
901 3375 1002 3457 αὐτὸς
1026 3380 1080 3446 ἐπὶ

75 3478 213 3543 δεῖπνον
234 3484 360 3626 ἐρχιειῖαι
382 3479 470 3564 μάλα
489 3484 665 3564 ἐπιθυμῶν
682 3486 739 3564 τῆς
758 3482 887 3564 τέχνης,
911 3481 946 3626 ο3ί
964 3478 1000 3546 δέ
1020 3473 1079 3557 τάς

159 3587 263 3626 LUCIAN.
325 3613 331 3625 .
