2625 4092
231 263 273 326 68
594 266 883 326 AOYKIANOY

229 426 310 495 ούδέ
324 428 424 503 νόσος
438 424 517 495 οὐδὲ
529 427 674 512 κάματος
689 429 722 506 ές
732 435 863 496 τοιοῦτο
875 436 970 513 σῶμα
984 430 1169 515 ἐμπεσόντα
1180 432 1243 519 ρᾳ-

230 530 309 603 δίως
328 528 488 610 ἐλέγξειεν
509 521 553 592 ἀν
568 522 644 592 οὐδ’
663 528 914 612 ἐπικρατήσειεν
930 524 1099 613 εὐμαρῶς·
1128 526 1243 594 τάέν-

230 629 337 693 δοθεν
349 623 415 709 γὰρ
428 617 466 692 εύ
477 625 744 710 παρεσκεύασται
758 622 848 714 αύτῷ
861 626 916 692 καὶ
928 624 968 691 τά
984 632 1046 705 ἔξω
1058 626 1147 711 μάλα
1158 651 1243 708 καρ-

228 730 331 806 τεροῖς
347 726 533 809 πέφρακται
547 723 632 808 πρός
646 723 747 809 αύτά,
770 722 815 804 ὦς
828 723 873 811 μὴ
889 729 1044 808 παριέναι
1062 730 1094 805 ἐς
1109 723 1147 793 τό
1163 735 1243 794 scam

228 823 310 909 μηδὲ
335 826 582 909 παραδέχεσθαι
607 825 689 911 μήτε
713 824 811 911 ἥλιον
830 824 935 892 αὐτόν
960 826 1040 912 μήτε
1062 830 1166 908 κρύος
1190 830 1243 895 ἐπὶ

228 920 318 1008 λύμη
337 929 398 989 τοῦ
414 922 575 1008 σώματος.
608 924 692 1004 πρός
708 950 744 991 τε
761 922 799 991 τό
822 921 956 991 ἐνδιδὸν
979 927 1016 992 έν
1035 939 1104 1003 τοῖς
1125 926 1244 1003 πόνοις

228 1016 371 1086 πολύτὸ
399 1017 532 1105 θερμόν
552 1017 587 1089 τό
611 1024 756 1089 ἔνδοθεν
778 1025 950 1107 ἐπιρρέον,
977 1020 1035 1089 ἀτε
1057 1025 1093 1090 ἐκ
1113 1031 1243 1091 πολλοῦ

158 1124 211 1182 909
229 1121 613 1203 προπαρεσκευασμένον
628 1121 684 1186 καὶ
697 1121 730 1196 ἐς
747 1116 809 1203 τὴν
823 1117 1009 1204 ἀναγκαίαν
1025 1128 1140 1206 χρείαν
1157 1119 1243 1187 ἀπο-

228 1224 400 1301 κείμενον,
422 1214 612 1302 ἀναπληροῖ
631 1215 737 1295 εύθύς
758 1219 906 1301 ἐπάρδον
920 1224 960 1305 τῇ
977 1215 1065 1307 ἀκμῇ
1081 1220 1137 1287 καὶ
1157 1217 1243 1285 ἀκα-

228 1318 353 1401 μάτους
362 1318 414 1384 ἐπὶ
423 1325 579 1384 πλεῖστον
588 1320 778 1401 παρέχεται·
791 1313 828 1382 τό
838 1312 903 1401 γάρ
913 1323 1124 1400 προπονῆσαι
1133 1314 1242 1383 πολλὰ

228 1417 282 1481 καὶ
298 1430 485 1500 προκαμεῖν
503 1412 565 1482 οὐκ
581 1412 753 1482 ἀνάλωσιν
770 1421 827 1499 τῆς
846 1414 977 1499 ίσχύος,
998 1411 1072 1482 ἀλλ’
1089 1416 1243 1481 ἐπίδοσιν

229 1513 414 1598 ἐργάζεται,
432 1516 486 1580 καὶ
503 1511 783 1598 ἀναρριπιζομένη
798 1519 923 1580 πλείων
936 1519 1094 1597 γίγνεται.
1118 1518 1170 1580 27.
1188 1514 1242 1579 καὶ

227 1609 295 1696 μὴν
316 1613 371 1679 καί
389 1607 569 1697 δρομικοὺς
591 1608 675 1679 είναι
699 1608 869 1697 ἀσκοῦμεν
889 1607 1014 1689 αύτούς
1033 1611 1066 1689 ἐς
1083 1610 1191 1696 μῆκός
1208 1636 1242 1677 τε

228 1713 378 1794 διαρκεῖν
393 1712 557 1789 ἐθίζοντες
572 1711 626 1777 καὶ
641 1712 673 1786 ἐς
688 1706 725 1775 τό
741 1711 778 1776 έν
790 1716 907 1794 βραχεῖ
918 1707 1090 1776 ὠκύτατον
1101 1712 1243 1776 ἐπικου-

228 1813 394 1893 φίζοντες·
418 1811 473 1876 καὶ
490 1806 507 1875 ὁ
526 1810 649 1894 δρόμος
664 1808 706 1875 ού
722 1807 806 1891 πρὸς
821 1806 859 1876 τό
876 1805 1018 1893 στερρόν
1032 1812 1087 1876 καὶ
1104 1806 1242 1876 ἀντίτυ-

228 1932 310 1991 πον,
328 1903 411 1974 ἀλλά
424 1910 461 1975 ἐν
472 1908 595 1999 ψάμμῳ
611 1916 748 1997 βαθείᾳ,
764 1913 850 1975 ἔνθα
861 1907 938 1976 οὔτε
949 1916 1091 1995 βεβαίως
1105 1907 1243 1991 ἀπερεῖ-

227 2027 284 2073 σαι
307 2001 369 2089 τὴν
389 2006 491 2091 βόσιν
514 2005 591 2073 ούτε
613 2009 817 2091 ἐπιστηρίξαι
837 2006 957 2095 ῥᾴδιον
979 2003 1242 2091 ὑποσυρομένου

226 2099 312 2184 πρός
327 2100 363 2170 τό
382 2100 520 2171 ὑπεῖκον
534 2111 595 2171 τοῦ
612 2103 722 2182 ποδός.
746 2101 898 2173 ἀλλὰκαὶ
912 2101 1165 2190 ὑπεράλλεσθαι
1180 2105 1242 2171 τά-

226 2225 330 2284 φρον,
358 2205 389 2267 εί
407 2202 493 2285 δέοι,
517 2197 591 2287 ἢεῖ
606 2230 638 2270 τι
656 2201 737 2271 ἀλλο
759 2202 935 2291 ἐμπόδιον,
963 2206 1019 2273 καλ
1038 2202 1122 2287 πρὸς
1138 2210 1240 2270 τοῦτο

225 2297 408 2365 ἀσκοῦνται
422 2296 513 2386 ἡμῖν,
530 2306 576 2369 έτι
592 2304 645 2369 καὶ
657 2307 860 2389 μολυβδίδας
869 2311 1101 2389 χειροπληθεῖς
1116 2306 1153 2369 ἐν
1164 2316 1242 2369 ταῖν
1299 2337 1300 2404 χ

225 2411 338 2484 χεροῖν
350 2403 488 2482 ἔχοντες.
515 2398 583 2468 είτα
598 2403 673 2483 περὶ
686 2398 844 2469 ἀκοντίου
855 2409 956 2488 βολῆς
974 2404 1007 2481 ές
1024 2410 1127 2488 μηκος
1138 2400 1241 2487 ἆμιλ-
1299 2409 1301 2458 λ

226 2503 359 2564 λύνται.
395 2495 477 2576 εἶδες
498 2498 606 2567 δὲκαὶ
627 2498 709 2567 ἀλλο
726 2528 757 2567 τι
777 2504 815 2569 ἐν
835 2507 881 2591 τῷ
896 2509 1070 2593 γυμνασίῳ
1090 2509 1241 2588 χαλκοῦν

226 2601 402 2682 περιφερὲς
423 2595 538 2666 ἀσπίδι
558 2606 662 2688 μικρᾷ
678 2596 785 2678 ἐοικός
801 2598 925 2685 όχανον
940 2597 1004 2668 ούκ
1022 2601 1142 2689 έχούση
1159 2598 1241 2668 οὐδὲ

226 2705 432 2780 τελαμῶνας.
450 2700 503 2765 καὶ
516 2698 697 2783 ἐπειράθης
706 2725 745 2783 γε
761 2696 867 2766 αύτού
877 2702 1034 2784 κειμένου
1043 2701 1136 2787 ἐντῷ
1148 2708 1240 2788 μέσῳ

225 2797 281 2864 καί
295 2796 402 2863 ἐδόκει
414 2816 467 2863 σοι
477 2795 566 2883 βαρύ
581 2798 635 2863 καὶ
647 2797 840 2882 δύσληπτον
851 2793 917 2864 ὑπὸ
929 2796 1108 2882 λειότητος·
1129 2801 1240 2864 ἐκεῖνο

155 2906 207 2963 910
225 2900 342 2962 τοίνυν
351 2894 423 2962 ἀνω
432 2922 467 2963 τε
476 2893 741 2978 ἀναρριπτούσιν
751 2902 796 2974 είς
806 2893 865 2962 τόν
874 2894 956 2979 ἀέρα
966 2898 1021 2963 καὶ
1032 2898 1064 2973 ἐς
1073 2893 1109 2961 τὸ
1121 2895 1240 2980 πόρρω

224 2996 500 3080 φιλοτιμούμενοι
515 2993 605 3073 ὅστις
622 2998 675 3062 ἐπὶ
688 2997 850 3080 μήκιστον
867 2998 996 3073 ἐξέλθοι
1011 2995 1067 3062 καί
1081 2992 1162 3072 τούς
1176 2992 1240 3061 ἀλ-

224 3100 305 3169 λους
320 3089 561 3178 ὑπερβάλοιτο,
584 3097 638 3161 καὶ
654 3092 674 3160 ὁ
692 3096 796 3172 πόνος
820 3086 919 3172 οὗτος
940 3092 1052 3179 ὤμους
1073 3118 1108 3159 τε
1124 3090 1240 3160 αὐτῶν

224 3192 383 3272 κρατύνει
404 3192 458 3258 καὶ
477 3191 578 3257 τόνον
593 3206 662 3269 τοῖς
678 3190 794 3275 ἄκροις
812 3195 993 3278 ἐντίθησιν.
1029 3200 1079 3261 28.
1095 3189 1113 3258 ὁ
1132 3190 1240 3278 πηλός

224 3288 260 3357 δέ
284 3285 379 3374 καὶὴ
403 3290 513 3373 κόνις,
537 3288 622 3372 άπερ
646 3310 700 3357 σοι
722 3292 914 3376 γελοιότερα
935 3295 968 3372 ἐξ
990 3288 1091 3375 ἀρχῆς
1111 3296 1239 3375 ἔδοξεν,

224 3387 389 3472 ἀκουσον,
413 3380 440 3455 ό
461 3391 648 3476 θαυμάσιε,
672 3389 752 3457 ὅτου
774 3393 871 3458 ἕνεκα
887 3388 1121 3479 ὑποβέβληται.
1142 3399 1238 3473 πρύ-

223 3514 284 3556 τον
294 3489 373 3573 μέν,
391 3484 434 3565 ὡς
445 3485 490 3574 μὴ
503 3490 555 3556 ἐπὶ
566 3487 602 3556 τό
615 3488 775 3572 κραταιόν
786 3485 807 3575 ἡ
818 3496 941 3567 πτῶσις
953 3486 1066 3567 αὐτοῖς
1074 3496 1237 3574 γίγνοιτο,
