2625 4092
487 301 678 363 λΠΠΙΛΣ.
1026 307 1084 369 121

71 486 146 527 των
165 458 435 546 ἀλεξιφάρμακον
456 466 585 546 ἔχοντες
604 460 666 548 τὴν
689 462 853 551 άλήθειαν
876 469 931 536 καί
953 467 1013 536 τόν
1035 470 1086 536 ἐπὶ

72 564 159 625 πᾶσι
175 556 279 645 λόγον
292 556 417 644 ὀρθόν,
437 550 463 649 ᾦ
479 564 672 648 χρωμένους
684 559 770 647 ἡμᾶς
786 561 887 632 οὐδὲν
902 565 946 651 μὴ
963 568 1086 654 ταράξῃ

73 666 147 726 τῶν
162 666 271 727 κενῶν
286 660 342 725 καὶ
358 665 507 744 ματαίων
521 659 651 729 τούτων
666 664 878 749 ψευσμάτων.

478 870 681 881 *naua—n.—

273 1062 479 1131 ΙΠΠΙΑΣ
504 1070 541 1128 Η
565 1062 899 1134 ΒΑΛΑΝΕΙΟΝ.
1101 1080 1136 1137 σθ

166 1240 195 1303 l.
222 1242 297 1303 Τῶν
320 1243 438 1322 σοφῶν
459 1239 607 1316 ἐκείνους
627 1245 768 1323 μαλιστα
788 1242 894 1324 ἔγωγέ
913 1264 998 1325 φημι
1016 1245 1087 1309 δεῖν

76 1337 245 1415 ἐπαινεῖν,
267 1331 385 1401 ὁπόσοι
404 1332 447 1421 μὴ
474 1336 596 1421 λόγους
611 1336 719 1421 μόνον
735 1336 863 1415 δεξιοὺς
884 1340 1086 1423 παρέσχοντο

76 1430 165 1517 ὑπὲρ
180 1439 249 1501 τῶν
265 1436 469 1520 πραγμάτων
484 1435 648 1517 ἑκάστων,
667 1431 750 1502 άλλά
766 1437 821 1501 καί
837 1439 947 1519 ἔργοις
962 1434 1088 1522 ὁμοίοις
1105 1503 1108 1506 .

76 1529 138 1609 τάς
153 1536 222 1597 τῶν
243 1529 355 1616 λόγων
376 1527 569 1616 ὑποσχέσεις
591 1530 834 1599 ἐπιστώσαντο.
859 1535 913 1599 καί
936 1532 1001 1620 γάρ
1019 1542 1087 1604 τῶν

77 1636 203 1715 ίατρῶυ
224 1628 295 1717 ὅγε
309 1636 395 1697 νοῦν
410 1634 494 1714 ἔχων
514 1627 556 1696 οὐ
572 1627 650 1707 τούς
666 1628 784 1714 άριστα
800 1627 883 1714 ὑπὲρ
901 1637 957 1717 τῆς
972 1636 1087 1719 τέχνης

78 1734 184 1797 εἰπεῖν
194 1730 404 1813 δυναμένους
414 1736 656 1812 μεταστελεῖται
667 1734 796 1806 νοσῶν,
814 1724 897 1796 άλλά
910 1726 989 1807 τούς
1000 1736 1087 1814 πρά·

79 1831 135 1905 ξαί
146 1853 176 1893 τι
192 1823 264 1894 κατ’
282 1823 388 1911 αὐτην
402 1823 670 1911 μεμελετηκότας.
692 1823 840 1911 άμείνων
854 1829 891 1893 δὲ
903 1830 957 1894 καλ
968 1849 1088 1913 μουσι-

79 1926 155 2005 κός,
182 1923 288 2010 οἶμαι,
306 1930 367 1992 τοῦ
384 1927 568 2008 διακρίνειν
591 1922 747 2009 ῥυθμοὺς
766 1925 822 1991 καλ
837 1920 999 2010 ἁρμονίας
1016 1928 1103 1992 ἔπιε

79 2025 247 2107 σταμίνου
263 2020 282 2089 ὁ
301 2025 356 2091 καὶ
379 2031 482 2102 ψᾶλαι
502 2024 556 2089 καλ
574 2029 746 2108 κιθαρίσαι
766 2020 866 2101 αὐτὸς
887 2025 1085 2109 δυνάμενος.

79 2129 113 2189 τί
123 2118 189 2207 γάρ
207 2120 250 2187 άν
265 2142 317 2189 σοι
332 2129 400 2188 τῶν
417 2126 610 2205 στρατηγῶν
625 2124 753 2207 λέγοιμι
767 2118 846 2198 τοὺς
861 2121 996 2199 είκότως
1013 2119 1087 2204 οἰρίὸ

79 2241 180 2297 στους
201 2223 395 2305 κριθέντας,
424 2218 475 2286 ὅτι
495 2216 536 2286 οὐ
557 2218 688 2286 τάττειν
706 2217 813 2306 μόνον
835 2221 890 2287 καλ
912 2233 1089 2306 παραινεῖν

78 2311 167 2404 ἦσαν
182 2314 322 2401 άγαθοί,
342 2313 490 2384 ἀλλὰκαὶ
503 2316 734 2401 προμάχεσθαι
747 2322 814 2382 τῶν
827 2313 939 2383 άλλων
955 2318 1009 2382 καὶ
1020 2341 1088 2401 χειό

79 2413 505 2500 ρόςέργαίπιδείκνυσθαις
516 2411 666 2481 οἷοντῶν
675 2414 777 2481 πάλαι
787 2416 848 2499 μὲν
860 2411 1087 2498 Ἀγαμέμνονα
1104 2417 1135 2480 67

79 2516 133 2581 καί
147 2510 309 2599 Ἀχιλλέα,
332 2520 400 2581 τῶν
416 2512 507 2580 κάτω
527 2515 562 2579 δὲ
578 2510 638 2579 τόν
651 2510 867 2595 Ἀλέξανδρον
880 2514 934 2578 καί
948 2511 1089 2593 Πύρρον

79 2624 177 2697 ίσμεν
191 2610 380 2698 γεγονότας.
410 2617 438 2677 2.
454 2607 536 2693 πρὸς
552 2608 591 2696 δὴ
607 2618 640 2677 τί
653 2607 747 2677 ταῦτ’
764 2615 866 2695 ἔφην;
889 2606 930 2675 οὐ
950 2606 1014 2692 γάρ
1029 2605 1089 2674 άλ-

78 2720 144 2787 λως
156 2702 306 2792 ίστορίαν
317 2710 570 2777 ἐπιδείκνυσθαι
581 2709 787 2796 βουλόμενος
798 2708 1014 2792 ἐπεμνήσθην
1025 2701 1089 2770 αὐ-

78 2814 164 2892 τῶν,
190 2804 263 2876 ἀλλ’
283 2804 335 2874 ότι
351 2810 404 2875 καὶ
422 2814 490 2874 τῶν
510 2813 704 2892 μηχανικῶν·
721 2808 869 2883 ἐκείνους
884 2804 979 2884 ἄξιον
999 2813 1089 2871 θαυ·

78 2905 210 2993 μάζειν,
226 2902 344 2973 ὁπόσοι
356 2908 394 2973 ἐν
404 2913 445 2993 τη
455 2911 584 2994 θεωρία
597 2906 741 2990 λαμπροὶ
752 2904 927 2988 γενόμενοι
939 2904 993 2970 καί
1003 2928 1088 2987 μνη·

79 3004 212 3090 μόσυνα
230 3001 320 3089 ὅμως
335 3012 392 3089 της
407 3007 521 3090 τέχνης
536 3006 588 3070 καὶ
604 3003 781 3087 πράγματα
796 3014 864 3079 τοῖς
878 2997 948 3085 μετ’
966 2997 1089 3077 αὐτους

78 3106 272 3170 κατέλιπον·
295 3105 363 3169 ἐπεὶ
382 3105 465 3187 οἵγε
481 3114 548 3178 τοῖς
563 3102 673 3185 λόγοις
688 3100 804 3185 μόνοις
819 3100 1088 3184 ίγγεγυμνασμί*

78 3228 132 3269 νοι
144 3204 299 3287 σοφισταὶ
308 3196 352 3268 άν
361 3199 496 3278 εἰκότως
507 3206 634 3285 μᾶλλον
645 3193 667 3283 ἢ
678 3199 777 3283 σοφοὶ
789 3206 953 3265 καλοῖντο.
975 3202 1085 3263 τοιοῦ·

77 3327 137 3366 τον
152 3296 321 3381 άκοόομευ
335 3296 395 3363 τὸν
410 3295 606 3382 Ἀρχιμήδην
623 3297 782 3379 γενέσθαι
797 3298 850 3363 καί
871 3292 931 3362 τόν
947 3297 1089 3362 Κνίδιον

77 3398 293 3479 Σῶστρατον,
310 3393 444 3482 τὸνμὲν
454 3401 649 3483 Πτολεμαίῳ
659 3395 906 3479 χειρωσάμενον
916 3390 978 3478 την
989 3396 1085 3477 Μίμ-

78 3523 140 3580 φιν
155 3492 239 3561 ἄνευ
256 3499 448 3576 πολιορκίας
463 3489 660 3579 ἀποστροφῇ
670 3494 724 3559 καὶ
739 3494 897 3575 διαιρέσει
908 3496 969 3556 τοῦ
985 3514 1083 3556 ποτα-
