2625 4092
357 300 496 360 ΘΕΩΝ
516 301 791 359 mamm.
1016 296 1081 361 389

63 490 131 531 που
141 462 244 544 όνπερ
256 466 309 529 καλ
320 463 482 546 Ζάμολξις
495 464 615 538 δοῦλος
628 456 678 527 οἷν
689 461 927 546 παρενεγράφη
938 459 1001 529 οῦκ
1013 460 1077 530 οἷδ’

64 562 155 641 ὅπως
167 562 350 629 διαλαθών.
376 566 425 628 10.
441 565 548 627 καίτοι
558 558 669 624 πάντα
680 566 794 635 ταῦτα,
810 551 937 642 εἷθεοί,
951 564 1077 644 με’τρια.

64 661 110 729 σῦ
122 667 174 747 δέ,
191 655 218 729 ιθ
230 661 474 741 κυνοπρόσωπε
489 661 543 725 καὶ
555 658 709 725 σινδόσιν
719 660 897 744 ἐσταλμένε
905 659 1078 745 Αἰγύπτιε,

64 768 116 839 τίς
128 758 171 843 εἶ,
189 753 394 847 άβέλτισιε,
411 755 433 844 ἢ
449 765 518 835 πῶς
538 754 641 835 ἀξιοῖς
655 753 738 834 θεὸς
756 754 841 824 εἶναι
855 754 1027 838 ῦλαιιτῦνς
1048 763 1082 827 τί

65 864 102 930 δὲ
118 861 323 949 βουλόμενος
338 862 392 926 καλ
414 857 431 923 ὁ
450 865 599 936 ποικίλος
616 849 714 934 οὗτος
727 865 849 941 ταῦρος
864 855 882 925 ὁ
900 866 1081 947 Μεμφίτης

64 972 303 1042 προσκυνεῖται
322 957 377 1024 καὶ
394 963 455 1044 χρᾷ
470 956 525 1022 καὶ
539 953 713 1040 προφήτας
727 960 807 1041 ἔχεις
830 957 1028 1043 αίσχάνομαι
1042 961 1080 1028 δὲ

65 1062 175 1145 ἱβιδας
190 1058 244 1123 καὶ
259 1057 427 1141 πιθήκους
445 1060 549 1121 εἰπεῖν
566 1057 619 1121 καὶ
637 1055 780 1139 τράγους
796 1059 851 1123 καὶ
868 1056 951 1124 ἄλλα
966 1066 1079 1146 πολλῷ

63 1155 257 1242 γελοιότερα
273 1152 336 1222 οὐκ
352 1151 414 1222 οἶδ’
427 1152 517 1231 ὅπως
532 1155 564 1233 ἐξ
579 1155 756 1239 Αἰγύπτου
771 1158 1034 1242 παραβυσθέντα
1047 1159 1080 1235 ἐς

62 1254 125 1324 τόν
140 1252 300 1337 οὐρανόν,
318 1250 454 1338 δὶῦμεῖς,
473 1244 596 1335 ιδθεοί,
611 1260 682 1331 πῶς
693 1249 854 1339 ἀνέχεσθε
869 1252 1012 1336 ὁρῶντες
1023 1254 1077 1324 ἐπ’

63 1348 173 1438 ίσηςῆ
189 1354 387 1438 καὶμᾶλλον
408 1350 504 1437 ὑμῶν
523 1352 822 1438 προσκννοῦμενας
843 1349 940 1441 ἢσά,
961 1347 1077 1440 άΖεῦ,

63 1464 135 1535 πῶς
151 1458 279 1539 φέρεις,
295 1452 430 1521 ἐπειδάν
445 1460 543 1536 κριοῦ
559 1453 681 1536 κε’ρατα
697 1454 834 1538 φύσωσί
846 1476 917 1535 σοις

153 1561 202 1623 ll.
224 1560 350 1623 ΖΕΥΣ.
374 1550 501 1638 Αίσχρά
520 1550 562 1631 ὡς
577 1550 713 1638 άληθῶς
734 1560 838 1620 ταῦτα
855 1551 921 1639 φὴς
942 1552 982 1620 τά
1003 1556 1078 1639 περὶ
1097 1558 1148 1613 534

62 1662 133 1722 νῦν
148 1659 358 1739 Αἰγυπτίων·
389 1651 477 1737 ὅμως
495 1650 526 1719 δ’
545 1644 626 1737 οῦν,
650 1644 817 1737 εόΜῦμε,
839 1651 879 1721 τά
894 1653 1000 1722 πολλά
1015 1651 1079 1722 αῦ-

62 1761 134 1820 τῶν
154 1752 330 1839 αἰνίγματά
348 1753 416 1819 ἐστι
439 1751 494 1818 καὶ
511 1749 553 1817 οῦ
572 1751 663 1817 πάνυ
683 1747 745 1836 χρὴ
762 1760 948 1837 καταγελᾶν
968 1750 1078 1839 άμάη-

62 1876 126 1919 τον
141 1850 230 1919 ὄντα.

152 1956 275 2019 ΜΩΜ.
298 1951 399 2017 Πάνυ
418 1956 504 2032 γοῦν
521 1957 731 2035 μυστηρίων,
756 1942 784 2015 ὦ
806 1956 889 2033 Ζεῦ,
915 1954 968 2018 δεῖ
986 1949 1076 2037 ἡμῖν,

63 2046 112 2128 ὡς
123 2052 246 2117 είδέναι
257 2045 362 2125 θεοὺς
376 2047 438 2133 μὲν
453 2046 533 2125 τοῦς
547 2049 667 2131 θεούς,
686 2047 940 2131 κυνοκεφάλους
951 2050 987 2117 δὲ
999 2046 1078 2128 τοῦς

62 2147 331 2229 κυνοκεφάλους.

151 2253 276 2314 ΖΕΥΣ.
293 2243 369 2331 Ἔα,
387 2252 489 2331 φημί,
508 2242 634 2327 ιδπερὶ
650 2252 718 2313 τῶν
730 2251 939 2330 Αἰγυπτίων·
960 2245 1078 2313 ἄλλοτε

63 2342 223 2429 γάρπερὶ
243 2344 373 2411 τούτων
390 2344 640 2428 ἐπισκεψόμεθα
656 2346 708 2412 ἐπὶ
724 2350 851 2430 σχολῆς.
881 2342 924 2411 σὺ
942 2346 977 2411 δὲ
998 2342 1078 2422 τοῦς
1147 2386 1150 2394 ‚

62 2442 286 2526 ἅλλουςλέγε.

155 2547 203 2609 12.
220 2547 344 2608 ΜΩΜ.
371 2540 439 2610 Τὸν
457 2544 676 2627 Τροφώνιον,
692 2534 718 2609 ὦ
733 2550 815 2627 Ζεῦ,
836 2544 891 2610 καὶ
906 2539 926 2607 ὃ
936 2542 1078 2626 μάλιστά
1157 2607 1159 2614 ,

63 2666 106 2728 με
118 2637 307 2723 ἀποπνίγει,
323 2636 384 2705 τδν
396 2638 607 2726 Ἀμφίλοχον,
623 2636 661 2717 ὃς
672 2643 813 2725 ἐναγοῦς
825 2637 1013 2724 α’νθριόπου
1025 2643 1080 2709 καὶ

63 2743 272 2824 μητραλοιόυ
295 2734 367 2814 νλδς
383 2733 431 2803 ὢν
452 2738 651 2823 μαντεύεται
666 2734 685 2806 ὁ
702 2752 857 2823 γενναῖος
880 2740 916 2804 ἐν
933 2744 1079 2828 Κιλικία,

63 2833 274 2920 ψευδόμενος
290 2832 329 2900 τά
351 2834 457 2904 πολλά
472 2838 527 2904 καὶ
547 2835 720 2923 γοητεύων
742 2851 813 2904 τοῖν
830 2840 927 2903 δυοῖν
943 2833 1079 2923 ὀβολοῖν

65 2938 173 3004 ἕνεκα.
207 2941 390 3019 τοιγαροῦν
411 2932 522 3003 οὐκέτι
539 2935 600 3021 σύ,
628 2930 856 3020 αἶ’Ἀπολλον,
880 2934 1077 3021 εὐδοκιμεῖς,

64 3029 150 3100 άλλά
172 3030 236 3119 ἤδη
256 3040 321 3109 τοῖς
342 3039 438 3112 λίθος
458 3037 512 3101 καὶ
534 3042 597 3113 πᾶς
614 3034 727 3122 βωμὸς
746 3038 950 3125 χρησμῳδεῖ,
977 3030 1014 3112 ὂς
1034 3029 1078 3099 ἂν

64 3134 164 3221 ἐλαίῳ
187 3139 354 3220 περιχυθῇ
376 3134 430 3199 καὶ
451 3134 640 3217 στεφάνους
656 3140 712 3220 ἔχη
735 3136 790 3200 καὶ
813 3132 933 3219 γόητος
954 3128 1079 3216 άνδρδς

66 3226 254 3314 εὐπορήσῃ,
278 3225 343 3298 οἷοι
365 3238 484 3299 πολλοί
499 3238 590 3299 εἰσιν.
624 3230 688 3317 ἤδη
708 3235 762 3299 καὶ
783 3230 1079 3317 ὁΠολυδάμαντος

66 3332 128 3394 τοῦ
149 3325 301 3413 α’θλητοῦ
315 3326 455 3414 ἀνδριάς
469 3336 557 3398 ἰᾶται
574 3328 652 3408 τοῦς
671 3334 892 3415 πυρέττοντας
906 3333 943 3397 ἐν
958 3328 1078 3415 Ὀλυμ-

67 3435 126 3517 πίῳ
148 3430 203 3495 καὶ
226 3425 243 3495 ὁ
261 3433 451 3516 Θεαγένους
471 3432 507 3498 ἐν
520 3430 637 3520 Θάσῳ,
659 3434 714 3499 καὶ
727 3429 860 3513 Ἕκτορι
877 3428 1026 3496 θῦουσιν
1041 3431 1080 3494 ἐν

63 3526 146 3618 Ἰλίῳ
168 3530 222 3595 καὶ
246 3532 470 3622 Πρωτεσιλάῳ
491 3528 693 3614 καταντικρὺ
716 3533 753 3599 ἐν
776 3532 986 3619 Χερρονήσῳ.
1015 3523 1076 3612 ἀφ’
