<?xml version="1.0" encoding="UTF-8"?>
<!DOCTYPE html PUBLIC "-//W3C//DTD XHTML 1.0 Transitional//EN"
    "http://www.w3.org/TR/xhtml1/DTD/xhtml1-transitional.dtd">
<html xmlns="http://www.w3.org/1999/xhtml" xml:lang="en" lang="en">
 <head>
  <title>
</title>
<meta http-equiv="Content-Type" content="text/html;charset=utf-8" />
  <meta name='ocr-system' content='tesseract 3.04.00' />
  <meta name='ocr-capabilities' content='ocr_page ocr_carea ocr_par ocr_line ocrx_word'/>
</head>
<body>
  <div class='ocr_page' id='page_1' title='image "./lucianisamosate04jacogoog/lucianisamosate04jacogoog_0357.png"; bbox 0 0 2625 4092; ppageno 0'>
   <div class='ocr_carea' id='block_1_1' title="bbox 373 285 1093 348">
    <p class='ocr_par' dir='ltr' id='par_1_1' title="bbox 373 285 1093 348">
     <span class='ocr_line' id='line_1_1' title="bbox 373 285 1093 348; baseline 0.003 -3"><span class='ocrx_word' id='word_1_1' title='bbox 373 289 432 345; x_wconf 83' lang='lat' dir='ltr'><strong><em>TA</em></strong></span> <span class='ocrx_word' id='word_1_2' title='bbox 453 287 584 344; x_wconf 86' lang='grc' dir='ltr'><em>ΠΡΟΣ</em></span> <span class='ocrx_word' id='word_1_3' title='bbox 603 285 813 344; x_wconf 85' lang='grc' dir='ltr'><em>ΚΡΟΝΟΝ.</em></span> <span class='ocrx_word' id='word_1_4' title='bbox 1031 285 1093 348; x_wconf 83' lang='lat'><strong><em>301</em></strong></span> 
     </span>
    </p>
   </div>
   <div class='ocr_carea' id='block_1_2' title="bbox 83 442 1095 1712">
    <p class='ocr_par' dir='ltr' id='par_1_2' title="bbox 83 442 1095 1220">
     <span class='ocr_line' id='line_1_2' title="bbox 83 442 1095 532; baseline -0.002 -17"><span class='ocrx_word' id='word_1_5' title='bbox 83 451 316 532; x_wconf 76' lang='grc' dir='ltr'><strong><em>παραδοθέντε</em></strong></span> <span class='ocrx_word' id='word_1_6' title='bbox 335 459 406 513; x_wconf 91' lang='grc' dir='ltr'><strong><em>τοῖν</em></strong></span> <span class='ocrx_word' id='word_1_7' title='bbox 423 444 602 512; x_wconf 76' lang='grc' dir='ltr'><strong><em>δεσπόταιν</em></strong></span> <span class='ocrx_word' id='word_1_8' title='bbox 618 444 808 530; x_wconf 81' lang='grc' dir='ltr'><strong><em>μανθάνειν</em></strong></span> <span class='ocrx_word' id='word_1_9' title='bbox 822 442 844 511; x_wconf 82' lang='grc' dir='ltr'><strong><em>ἀ</em></strong></span> <span class='ocrx_word' id='word_1_10' title='bbox 859 444 923 529; x_wconf 84' lang='grc' dir='ltr'><strong><em>πρὸ</em></strong></span> <span class='ocrx_word' id='word_1_11' title='bbox 938 454 1016 531; x_wconf 82' lang='grc' dir='ltr'><strong><em>τοῦ,</em></strong></span> <span class='ocrx_word' id='word_1_12' title='bbox 1035 447 1095 513; x_wconf 88' lang='grc' dir='ltr'><strong><em>τδν</em></strong></span> 
     </span>
     <span class='ocr_line' id='line_1_3' title="bbox 84 540 1095 634; baseline 0 -21"><span class='ocrx_word' id='word_1_13' title='bbox 84 546 148 634; x_wconf 79' lang='grc' dir='ltr'><strong><em>μέν</em></strong></span> <span class='ocrx_word' id='word_1_14' title='bbox 169 543 376 612; x_wconf 76' lang='grc' dir='ltr'><strong><em>ἀποπλύνειν</em></strong></span> <span class='ocrx_word' id='word_1_15' title='bbox 396 541 455 620; x_wconf 88' lang='grc' dir='ltr'><strong><em>τάς</em></strong></span> <span class='ocrx_word' id='word_1_16' title='bbox 476 543 633 628; x_wconf 76' lang='grc' dir='ltr'><strong><em>ῥυπώσας</em></strong></span> <span class='ocrx_word' id='word_1_17' title='bbox 654 549 722 611; x_wconf 90' lang='grc' dir='ltr'><strong><em>τῶν</em></strong></span> <span class='ocrx_word' id='word_1_18' title='bbox 745 540 882 610; x_wconf 85' lang='grc' dir='ltr'><strong><em>ὀθονῶν</em></strong></span> <span class='ocrx_word' id='word_1_19' title='bbox 902 542 962 610; x_wconf 83' lang='grc' dir='ltr'><strong><em>τόν</em></strong></span> <span class='ocrx_word' id='word_1_20' title='bbox 978 553 1095 629; x_wconf 81' lang='grc' dir='ltr'><strong><em>Ληκυ-</em></strong></span> 
     </span>
     <span class='ocr_line' id='line_1_4' title="bbox 83 633 1093 727; baseline -0.002 -17"><span class='ocrx_word' id='word_1_21' title='bbox 83 653 214 727; x_wconf 86' lang='grc' dir='ltr'><strong><em>θίωνα,</em></strong></span> <span class='ocrx_word' id='word_1_22' title='bbox 229 640 290 708; x_wconf 85' lang='grc' dir='ltr'><strong><em>τόν</em></strong></span> <span class='ocrx_word' id='word_1_23' title='bbox 306 641 519 723; x_wconf 76' lang='grc' dir='ltr'><strong><em>Μυρόπνουν</em></strong></span> <span class='ocrx_word' id='word_1_24' title='bbox 534 639 570 706; x_wconf 76' lang='grc' dir='ltr'><strong><em>δέ</em></strong></span> <span class='ocrx_word' id='word_1_25' title='bbox 586 633 687 718; x_wconf 78' lang='grc' dir='ltr'><strong><em>αὖθις</em></strong></span> <span class='ocrx_word' id='word_1_26' title='bbox 702 638 857 707; x_wconf 77' lang='grc' dir='ltr'><strong><em>ἀκεῖσθαι</em></strong></span> <span class='ocrx_word' id='word_1_27' title='bbox 872 647 940 708; x_wconf 92' lang='grc' dir='ltr'><strong><em>τῶν</em></strong></span> <span class='ocrx_word' id='word_1_28' title='bbox 954 646 1093 726; x_wconf 79' lang='grc' dir='ltr'><strong><em>ίματίων</em></strong></span> 
     </span>
     <span class='ocr_line' id='line_1_5' title="bbox 84 737 1094 826; baseline -0.001 -19"><span class='ocrx_word' id='word_1_29' title='bbox 84 739 126 807; x_wconf 85' lang='grc' dir='ltr'><strong><em>τά</em></strong></span> <span class='ocrx_word' id='word_1_30' title='bbox 140 739 353 826; x_wconf 89' lang='grc' dir='ltr'><strong><em>διερρωγότα,</em></strong></span> <span class='ocrx_word' id='word_1_31' title='bbox 366 739 494 826; x_wconf 75' lang='grc' dir='ltr'><strong><em>μαλάχῃ</em></strong></span> <span class='ocrx_word' id='word_1_32' title='bbox 507 764 544 822; x_wconf 91' lang='grc' dir='ltr'><strong><em>γε</em></strong></span> <span class='ocrx_word' id='word_1_33' title='bbox 554 737 720 821; x_wconf 88' lang='grc' dir='ltr'><strong><em>πρότερον</em></strong></span> <span class='ocrx_word' id='word_1_34' title='bbox 728 739 991 823; x_wconf 87' lang='grc' dir='ltr'><strong><em>μαστιγωθέντα,</em></strong></span> <span class='ocrx_word' id='word_1_35' title='bbox 1004 744 1094 806; x_wconf 76' lang='grc' dir='ltr'><strong><em>ἔπει-</em></strong></span> 
     </span>
     <span class='ocr_line' id='line_1_6' title="bbox 83 834 1093 921; baseline 0.005 -19"><span class='ocrx_word' id='word_1_36' title='bbox 83 865 126 902; x_wconf 84' lang='grc' dir='ltr'><strong><em>τα</em></strong></span> <span class='ocrx_word' id='word_1_37' title='bbox 143 841 196 905; x_wconf 81' lang='grc' dir='ltr'><strong><em>καὶ</em></strong></span> <span class='ocrx_word' id='word_1_38' title='bbox 208 846 331 906; x_wconf 83' lang='grc' dir='ltr'><strong><em>τοῦτον</em></strong></span> <span class='ocrx_word' id='word_1_39' title='bbox 345 840 580 921; x_wconf 76' lang='grc' dir='ltr'><strong><em>παραδοθῆναι</em></strong></span> <span class='ocrx_word' id='word_1_40' title='bbox 590 849 659 912; x_wconf 89' lang='grc' dir='ltr'><strong><em>τοῖς</em></strong></span> <span class='ocrx_word' id='word_1_41' title='bbox 671 850 858 919; x_wconf 77' lang='grc' dir='ltr'><strong><em>πιττωταῖς,</em></strong></span> <span class='ocrx_word' id='word_1_42' title='bbox 876 834 920 914; x_wconf 84' lang='grc' dir='ltr'><strong><em>ῶς</em></strong></span> <span class='ocrx_word' id='word_1_43' title='bbox 935 835 1093 908; x_wconf 76' lang='grc' dir='ltr'><strong><em>ἀπόλοιτο</em></strong></span> 
     </span>
     <span class='ocr_line' id='line_1_7' title="bbox 83 932 1094 1022; baseline -0.001 -19"><span class='ocrx_word' id='word_1_44' title='bbox 83 938 368 1022; x_wconf 76' lang='grc' dir='ltr'><strong><em>παρατιλλόμενος</em></strong></span> <span class='ocrx_word' id='word_1_45' title='bbox 383 934 422 1001; x_wconf 86' lang='grc' dir='ltr'><strong><em>τὰ</em></strong></span> <span class='ocrx_word' id='word_1_46' title='bbox 440 941 571 1019; x_wconf 89' lang='grc' dir='ltr'><strong><em>πρῶτα,</em></strong></span> <span class='ocrx_word' id='word_1_47' title='bbox 595 932 736 1021; x_wconf 75' lang='grc' dir='ltr'><strong><em>ῥυπώσῃ</em></strong></span> <span class='ocrx_word' id='word_1_48' title='bbox 751 936 886 1015; x_wconf 83' lang='grc' dir='ltr'><strong><em>προσέτι</em></strong></span> <span class='ocrx_word' id='word_1_49' title='bbox 901 939 956 1001; x_wconf 83' lang='grc' dir='ltr'><strong><em>καὶ</em></strong></span> <span class='ocrx_word' id='word_1_50' title='bbox 973 961 1094 1020; x_wconf 85' lang='grc' dir='ltr'><strong><em>γυναι-</em></strong></span> 
     </span>
     <span class='ocr_line' id='line_1_8' title="bbox 83 1027 1093 1122; baseline 0.001 -22"><span class='ocrx_word' id='word_1_51' title='bbox 83 1041 159 1122; x_wconf 82' lang='grc' dir='ltr'><strong><em>κείᾳ-</em></strong></span> <span class='ocrx_word' id='word_1_52' title='bbox 175 1041 213 1121; x_wconf 75' lang='grc' dir='ltr'><strong><em>τῇ</em></strong></span> <span class='ocrx_word' id='word_1_53' title='bbox 228 1043 339 1120; x_wconf 76' lang='grc' dir='ltr'><strong><em>πίττῃ,</em></strong></span> <span class='ocrx_word' id='word_1_54' title='bbox 358 1031 426 1101; x_wconf 76' lang='grc' dir='ltr'><strong><em>εἶτα</em></strong></span> <span class='ocrx_word' id='word_1_55' title='bbox 441 1035 474 1110; x_wconf 89' lang='grc' dir='ltr'><strong><em>ές</em></strong></span> <span class='ocrx_word' id='word_1_56' title='bbox 488 1030 548 1098; x_wconf 84' lang='grc' dir='ltr'><strong><em>τόν</em></strong></span> <span class='ocrx_word' id='word_1_57' title='bbox 562 1027 672 1117; x_wconf 85' lang='grc' dir='ltr'><strong><em>Αἷμον</em></strong></span> <span class='ocrx_word' id='word_1_58' title='bbox 690 1030 877 1117; x_wconf 76' lang='grc' dir='ltr'><strong><em>ἀναχθέντα</em></strong></span> <span class='ocrx_word' id='word_1_59' title='bbox 895 1032 1025 1120; x_wconf 86' lang='grc' dir='ltr'><strong><em>γυμνὸν</em></strong></span> <span class='ocrx_word' id='word_1_60' title='bbox 1041 1036 1093 1102; x_wconf 78' lang='grc' dir='ltr'><strong><em>ἐπὶ</em></strong></span> 
     </span>
     <span class='ocr_line' id='line_1_9' title="bbox 83 1129 891 1220; baseline -0.001 -20"><span class='ocrx_word' id='word_1_61' title='bbox 83 1141 144 1220; x_wconf 77' lang='grc' dir='ltr'><strong><em>τῆς</em></strong></span> <span class='ocrx_word' id='word_1_62' title='bbox 157 1135 269 1218; x_wconf 83' lang='grc' dir='ltr'><strong><em>χιόνος</em></strong></span> <span class='ocrx_word' id='word_1_63' title='bbox 285 1137 399 1219; x_wconf 87' lang='grc' dir='ltr'><strong><em>μένειν</em></strong></span> <span class='ocrx_word' id='word_1_64' title='bbox 409 1136 723 1218; x_wconf 84' lang='grc' dir='ltr'><strong><em>συμπεποδισμένον</em></strong></span> <span class='ocrx_word' id='word_1_65' title='bbox 739 1129 786 1198; x_wconf 81' lang='grc' dir='ltr'><strong><em>τῶ</em></strong></span> <span class='ocrx_word' id='word_1_66' title='bbox 801 1132 891 1199; x_wconf 87' lang='grc' dir='ltr'><strong><em>πόδε.</em></strong></span> 
     </span>
    </p>

    <p class='ocr_par' dir='ltr' id='par_1_3' title="bbox 83 1227 1095 1410">
     <span class='ocr_line' id='line_1_10' title="bbox 171 1227 1095 1317; baseline 0 -19"><span class='ocrx_word' id='word_1_67' title='bbox 171 1237 302 1299; x_wconf 85' lang='grc' dir='ltr'><em>ΔΡΑΠ.</em></span> <span class='ocrx_word' id='word_1_68' title='bbox 320 1240 391 1300; x_wconf 84' lang='grc' dir='ltr'><strong><em>Φεῶ</em></strong></span> <span class='ocrx_word' id='word_1_69' title='bbox 408 1238 539 1315; x_wconf 84' lang='grc' dir='ltr'><strong><em>κακῶν,</em></strong></span> <span class='ocrx_word' id='word_1_70' title='bbox 561 1237 626 1316; x_wconf 85' lang='grc' dir='ltr'><strong><em>φεῦ</em></strong></span> <span class='ocrx_word' id='word_1_71' title='bbox 642 1237 709 1296; x_wconf 88' lang='grc' dir='ltr'><strong><em>τῶν</em></strong></span> <span class='ocrx_word' id='word_1_72' title='bbox 723 1238 853 1315; x_wconf 89' lang='grc' dir='ltr'><strong><em>κακῶν,</em></strong></span> <span class='ocrx_word' id='word_1_73' title='bbox 871 1227 1013 1317; x_wconf 85' lang='grc' dir='ltr'><strong><em>ὀττοτοῖ,</em></strong></span> <span class='ocrx_word' id='word_1_74' title='bbox 1029 1257 1095 1298; x_wconf 89' lang='grc' dir='ltr'><strong><em>πα-</em></strong></span> 
     </span>
     <span class='ocr_line' id='line_1_11' title="bbox 83 1332 256 1410; baseline -0.012 -11"><span class='ocrx_word' id='word_1_75' title='bbox 83 1332 256 1410; x_wconf 87' lang='grc' dir='ltr'><strong><em>παιπαιάξ.</em></strong></span> 
     </span>
    </p>

    <p class='ocr_par' dir='ltr' id='par_1_4' title="bbox 84 1425 1095 1712">
     <span class='ocr_line' id='line_1_12' title="bbox 171 1425 1093 1512; baseline -0.002 -15"><span class='ocrx_word' id='word_1_76' title='bbox 171 1437 305 1497; x_wconf 70' lang='lat' dir='ltr'><strong><em>Am.</em></strong></span> <span class='ocrx_word' id='word_1_77' title='bbox 327 1434 369 1496; x_wconf 89' lang='grc' dir='ltr'><strong><em>Τι’</em></strong></span> <span class='ocrx_word' id='word_1_78' title='bbox 377 1435 475 1495; x_wconf 85' lang='grc' dir='ltr'><strong><em>τοῦτο</em></strong></span> <span class='ocrx_word' id='word_1_79' title='bbox 488 1434 691 1511; x_wconf 80' lang='grc' dir='ltr'><strong><em>παρεντίθης</em></strong></span> <span class='ocrx_word' id='word_1_80' title='bbox 704 1433 771 1493; x_wconf 87' lang='grc' dir='ltr'><strong><em>τῶν</em></strong></span> <span class='ocrx_word' id='word_1_81' title='bbox 785 1435 951 1512; x_wconf 76' lang='grc' dir='ltr'><strong><em>τραγικῶν</em></strong></span> <span class='ocrx_word' id='word_1_82' title='bbox 963 1425 1006 1495; x_wconf 74' lang='grc' dir='ltr'><strong><em>σε)</em></strong></span> <span class='ocrx_word' id='word_1_83' title='bbox 1020 1432 1093 1495; x_wconf 86' lang='grc' dir='ltr'><strong><em>δια-</em></strong></span> 
     </span>
     <span class='ocr_line' id='line_1_13' title="bbox 84 1523 1095 1615; baseline -0.005 -18"><span class='ocrx_word' id='word_1_84' title='bbox 84 1529 214 1615; x_wconf 85' lang='grc' dir='ltr'><strong><em>λόγων;</em></strong></span> <span class='ocrx_word' id='word_1_85' title='bbox 236 1525 309 1595; x_wconf 92' lang='grc' dir='ltr'><strong><em>ἀλλ’</em></strong></span> <span class='ocrx_word' id='word_1_86' title='bbox 321 1526 504 1595; x_wconf 78' lang='grc' dir='ltr'><strong><em>ἀκολούθει</em></strong></span> <span class='ocrx_word' id='word_1_87' title='bbox 515 1523 605 1608; x_wconf 88' lang='grc' dir='ltr'><strong><em>παρά</em></strong></span> <span class='ocrx_word' id='word_1_88' title='bbox 615 1523 695 1603; x_wconf 78' lang='grc' dir='ltr'><strong><em>τοὺς</em></strong></span> <span class='ocrx_word' id='word_1_89' title='bbox 707 1524 868 1606; x_wconf 71' lang='grc' dir='ltr'><strong><em>πιττωτάς</em></strong></span> <span class='ocrx_word' id='word_1_90' title='bbox 877 1525 953 1612; x_wconf 75' lang='grc' dir='ltr'><strong><em>ἤδη,</em></strong></span> <span class='ocrx_word' id='word_1_91' title='bbox 965 1525 1095 1592; x_wconf 85' lang='grc' dir='ltr'><strong><em>ἀποδυ-</em></strong></span> 
     </span>
     <span class='ocr_line' id='line_1_14' title="bbox 85 1622 1092 1712; baseline -0.002 -20"><span class='ocrx_word' id='word_1_92' title='bbox 85 1627 231 1712; x_wconf 82' lang='grc' dir='ltr'><strong><em>σάμενός</em></strong></span> <span class='ocrx_word' id='word_1_93' title='bbox 244 1651 283 1710; x_wconf 88' lang='grc' dir='ltr'><strong><em>γε</em></strong></span> <span class='ocrx_word' id='word_1_94' title='bbox 297 1625 461 1710; x_wconf 88' lang='grc' dir='ltr'><strong><em>πρότερον</em></strong></span> <span class='ocrx_word' id='word_1_95' title='bbox 477 1623 539 1710; x_wconf 80' lang='grc' dir='ltr'><strong><em>τὴν</em></strong></span> <span class='ocrx_word' id='word_1_96' title='bbox 553 1633 705 1709; x_wconf 80' lang='grc' dir='ltr'><strong><em>λεοντῆν,</em></strong></span> <span class='ocrx_word' id='word_1_97' title='bbox 720 1622 764 1701; x_wconf 80' lang='grc' dir='ltr'><strong><em>ὡς</em></strong></span> <span class='ocrx_word' id='word_1_98' title='bbox 775 1630 933 1712; x_wconf 71' lang='grc' dir='ltr'><strong><em>γνωσθῇς</em></strong></span> <span class='ocrx_word' id='word_1_99' title='bbox 944 1622 1022 1702; x_wconf 85' lang='grc' dir='ltr'><strong><em>ὄνος</em></strong></span> <span class='ocrx_word' id='word_1_100' title='bbox 1035 1622 1092 1691; x_wconf 80' lang='grc' dir='ltr'><strong><em>ῶν.</em></strong></span> 
     </span>
    </p>
   </div>
   <div class='ocr_carea' id='block_1_3' title="bbox 491 1823 690 1833">
    <p class='ocr_par' dir='ltr' id='par_1_5' title="bbox 491 1823 690 1833">
     <span class='ocr_line' id='line_1_15' title="bbox 491 1823 690 1833; baseline 0 -1"><span class='ocrx_word' id='word_1_101' title='bbox 491 1823 690 1833; x_wconf 77' lang='lat'><strong><em>———</em></strong></span> 
     </span>
    </p>
   </div>
   <div class='ocr_carea' id='block_1_4' title="bbox 302 2028 1163 2100">
    <p class='ocr_par' dir='ltr' id='par_1_6' title="bbox 302 2028 1163 2100">
     <span class='ocr_line' id='line_1_16' title="bbox 302 2028 1163 2100; baseline 0.007 -6"><span class='ocrx_word' id='word_1_102' title='bbox 302 2031 370 2095; x_wconf 72' lang='grc' dir='ltr'><strong><em>ΤΑ</em></strong></span> <span class='ocrx_word' id='word_1_103' title='bbox 407 2029 577 2096; x_wconf 85' lang='grc' dir='ltr'><em>ΠΡΟΣ</em></span> <span class='ocrx_word' id='word_1_104' title='bbox 614 2028 882 2096; x_wconf 85' lang='grc' dir='ltr'><strong><em>ΚΡΟΝΟΝ.</em></strong></span> <span class='ocrx_word' id='word_1_105' title='bbox 1111 2045 1163 2100; x_wconf 78' lang='grc'><strong><em>385</em></strong></span> 
     </span>
    </p>
   </div>
   <div class='ocr_carea' id='block_1_5' title="bbox 85 2196 1163 3576">
    <p class='ocr_par' dir='ltr' id='par_1_7' title="bbox 85 2196 1093 2491">
     <span class='ocr_line' id='line_1_17' title="bbox 173 2196 1093 2290; baseline 0 -19"><span class='ocrx_word' id='word_1_106' title='bbox 173 2211 200 2271; x_wconf 90' lang='lat' dir='ltr'><strong><em>l.</em></strong></span> <span class='ocrx_word' id='word_1_107' title='bbox 218 2212 389 2273; x_wconf 71' lang='grc' dir='ltr'><strong><em>ΙΕΡΕῬΣ.</em></strong></span> <span class='ocrx_word' id='word_1_108' title='bbox 408 2196 447 2271; x_wconf 76' lang='grc' dir='ltr'><em>Ὦ</em></span> <span class='ocrx_word' id='word_1_109' title='bbox 461 2202 589 2287; x_wconf 86' lang='grc' dir='ltr'><strong><em>Κρόνε,</em></strong></span> <span class='ocrx_word' id='word_1_110' title='bbox 609 2202 651 2270; x_wconf 82' lang='grc' dir='ltr'><strong><em>συ</em></strong></span> <span class='ocrx_word' id='word_1_111' title='bbox 666 2202 731 2289; x_wconf 85' lang='grc' dir='ltr'><strong><em>γὰρ</em></strong></span> <span class='ocrx_word' id='word_1_112' title='bbox 749 2210 859 2283; x_wconf 80' lang='grc' dir='ltr'><strong><em>ἔοικας</em></strong></span> <span class='ocrx_word' id='word_1_113' title='bbox 872 2202 986 2290; x_wconf 84' lang='grc' dir='ltr'><strong><em>ἀρχειν</em></strong></span> <span class='ocrx_word' id='word_1_114' title='bbox 1002 2204 1039 2272; x_wconf 92' lang='grc' dir='ltr'><strong><em>τό</em></strong></span> <span class='ocrx_word' id='word_1_115' title='bbox 1055 2231 1093 2290; x_wconf 86' lang='grc' dir='ltr'><strong><em>γε</em></strong></span> 
     </span>
     <span class='ocr_line' id='line_1_18' title="bbox 85 2305 1093 2394; baseline 0.003 -22"><span class='ocrx_word' id='word_1_116' title='bbox 85 2313 154 2372; x_wconf 86' lang='grc' dir='ltr'><strong><em>νῦν</em></strong></span> <span class='ocrx_word' id='word_1_117' title='bbox 169 2306 252 2374; x_wconf 84' lang='grc' dir='ltr'><strong><em>εἶναι</em></strong></span> <span class='ocrx_word' id='word_1_118' title='bbox 269 2308 323 2375; x_wconf 84' lang='grc' dir='ltr'><strong><em>καὶ</em></strong></span> <span class='ocrx_word' id='word_1_119' title='bbox 339 2307 393 2374; x_wconf 82' lang='grc' dir='ltr'><strong><em>σοὶ</em></strong></span> <span class='ocrx_word' id='word_1_120' title='bbox 404 2308 542 2374; x_wconf 87' lang='grc' dir='ltr'><strong><em>τέθυται</em></strong></span> <span class='ocrx_word' id='word_1_121' title='bbox 557 2308 611 2374; x_wconf 78' lang='grc' dir='ltr'><strong><em>καὶ</em></strong></span> <span class='ocrx_word' id='word_1_122' title='bbox 625 2310 873 2393; x_wconf 84' lang='grc' dir='ltr'><strong><em>κεκαλλιέρηται</em></strong></span> <span class='ocrx_word' id='word_1_123' title='bbox 890 2305 969 2390; x_wconf 88' lang='grc' dir='ltr'><strong><em>παρ’</em></strong></span> <span class='ocrx_word' id='word_1_124' title='bbox 985 2306 1093 2394; x_wconf 78' lang='grc' dir='ltr'><strong><em>ἡμῶν,</em></strong></span> 
     </span>
     <span class='ocr_line' id='line_1_19' title="bbox 85 2400 1065 2491; baseline 0.002 -21"><span class='ocrx_word' id='word_1_125' title='bbox 85 2412 120 2471; x_wconf 88' lang='grc' dir='ltr'><strong><em>τί</em></strong></span> <span class='ocrx_word' id='word_1_126' title='bbox 129 2400 171 2470; x_wconf 84' lang='grc' dir='ltr'><strong><em>ἀν</em></strong></span> <span class='ocrx_word' id='word_1_127' title='bbox 183 2405 323 2490; x_wconf 80' lang='grc' dir='ltr'><strong><em>μάλιστα</em></strong></span> <span class='ocrx_word' id='word_1_128' title='bbox 334 2407 386 2473; x_wconf 81' lang='grc' dir='ltr'><strong><em>ἐπὶ</em></strong></span> <span class='ocrx_word' id='word_1_129' title='bbox 397 2412 465 2472; x_wconf 88' lang='grc' dir='ltr'><strong><em>τῶν</em></strong></span> <span class='ocrx_word' id='word_1_130' title='bbox 476 2409 577 2489; x_wconf 80' lang='grc' dir='ltr'><strong><em>λερῶν</em></strong></span> <span class='ocrx_word' id='word_1_131' title='bbox 587 2406 723 2490; x_wconf 75' lang='grc' dir='ltr'><strong><em>αἰτήσας</em></strong></span> <span class='ocrx_word' id='word_1_132' title='bbox 735 2405 871 2491; x_wconf 78' lang='grc' dir='ltr'><strong><em>λάβοιμι</em></strong></span> <span class='ocrx_word' id='word_1_133' title='bbox 881 2402 971 2489; x_wconf 88' lang='grc' dir='ltr'><strong><em>παρά</em></strong></span> <span class='ocrx_word' id='word_1_134' title='bbox 983 2413 1065 2486; x_wconf 71' lang='grc' dir='ltr'><strong><em>σοῶς</em></strong></span> 
     </span>
    </p>

    <p class='ocr_par' dir='ltr' id='par_1_8' title="bbox 86 2502 1094 2884">
     <span class='ocr_line' id='line_1_20' title="bbox 174 2502 1094 2588; baseline 0.001 -18"><span class='ocrx_word' id='word_1_135' title='bbox 174 2510 367 2572; x_wconf 89' lang='grc' dir='ltr'><em>ΚΡΟΝΟΣ.</em></span> <span class='ocrx_word' id='word_1_136' title='bbox 400 2509 506 2570; x_wconf 83' lang='grc' dir='ltr'><strong><em>Τοῦτο</em></strong></span> <span class='ocrx_word' id='word_1_137' title='bbox 524 2505 586 2588; x_wconf 77' lang='grc' dir='ltr'><strong><em>μέν</em></strong></span> <span class='ocrx_word' id='word_1_138' title='bbox 608 2502 713 2570; x_wconf 80' lang='grc' dir='ltr'><strong><em>αὐτόν</em></strong></span> <span class='ocrx_word' id='word_1_139' title='bbox 727 2524 765 2570; x_wconf 86' lang='grc' dir='ltr'><strong><em>σε</em></strong></span> <span class='ocrx_word' id='word_1_140' title='bbox 787 2511 895 2581; x_wconf 88' lang='grc' dir='ltr'><strong><em>καλῶς</em></strong></span> <span class='ocrx_word' id='word_1_141' title='bbox 914 2509 979 2588; x_wconf 75' lang='grc' dir='ltr'><strong><em>ἔχει</em></strong></span> <span class='ocrx_word' id='word_1_142' title='bbox 1000 2505 1094 2571; x_wconf 82' lang='grc' dir='ltr'><strong><em>ἐσκέ-</em></strong></span> 
     </span>
     <span class='ocr_line' id='line_1_21' title="bbox 87 2599 1094 2688; baseline 0 -20"><span class='ocrx_word' id='word_1_143' title='bbox 87 2599 206 2688; x_wconf 83' lang='grc' dir='ltr'><strong><em>φθαιὸ</em></strong></span> <span class='ocrx_word' id='word_1_144' title='bbox 221 2628 251 2669; x_wconf 91' lang='grc' dir='ltr'><strong><em>τι</em></strong></span> <span class='ocrx_word' id='word_1_145' title='bbox 265 2622 317 2668; x_wconf 92' lang='grc' dir='ltr'><strong><em>σοι</em></strong></span> <span class='ocrx_word' id='word_1_146' title='bbox 333 2599 503 2684; x_wconf 80' lang='grc' dir='ltr'><strong><em>εὐκταῖον,</em></strong></span> <span class='ocrx_word' id='word_1_147' title='bbox 523 2599 609 2686; x_wconf 83' lang='grc' dir='ltr'><strong><em>εἰμὴ</em></strong></span> <span class='ocrx_word' id='word_1_148' title='bbox 625 2603 681 2666; x_wconf 81' lang='grc' dir='ltr'><strong><em>καὶ</em></strong></span> <span class='ocrx_word' id='word_1_149' title='bbox 691 2600 812 2685; x_wconf 83' lang='grc' dir='ltr'><strong><em>μάντιν</em></strong></span> <span class='ocrx_word' id='word_1_150' title='bbox 823 2599 892 2686; x_wconf 80' lang='grc' dir='ltr'><strong><em>ἅμα</em></strong></span> <span class='ocrx_word' id='word_1_151' title='bbox 906 2603 1033 2679; x_wconf 77' lang='grc' dir='ltr'><strong><em>ἐθέλεις</em></strong></span> <span class='ocrx_word' id='word_1_152' title='bbox 1047 2599 1094 2668; x_wconf 81' lang='grc' dir='ltr'><strong><em>εἶ-</em></strong></span> 
     </span>
     <span class='ocr_line' id='line_1_22' title="bbox 86 2695 1093 2785; baseline -0.003 -18"><span class='ocrx_word' id='word_1_153' title='bbox 86 2725 144 2767; x_wconf 92' lang='grc' dir='ltr'><strong><em>ναι</em></strong></span> <span class='ocrx_word' id='word_1_154' title='bbox 161 2695 221 2766; x_wconf 84' lang='grc' dir='ltr'><strong><em>τὸν</em></strong></span> <span class='ocrx_word' id='word_1_155' title='bbox 237 2697 396 2785; x_wconf 76' lang='grc' dir='ltr'><strong><em>ἄρχοντα,</em></strong></span> <span class='ocrx_word' id='word_1_156' title='bbox 415 2700 536 2767; x_wconf 81' lang='grc' dir='ltr'><strong><em>εἰδέναι</em></strong></span> <span class='ocrx_word' id='word_1_157' title='bbox 551 2703 585 2765; x_wconf 90' lang='grc' dir='ltr'><strong><em>τί</em></strong></span> <span class='ocrx_word' id='word_1_158' title='bbox 596 2719 649 2764; x_wconf 91' lang='grc' dir='ltr'><strong><em>σοι</em></strong></span> <span class='ocrx_word' id='word_1_159' title='bbox 663 2696 761 2782; x_wconf 77' lang='grc' dir='ltr'><strong><em>ἥδιον</em></strong></span> <span class='ocrx_word' id='word_1_160' title='bbox 775 2705 894 2766; x_wconf 76' lang='grc' dir='ltr'><strong><em>αἰτεῖν·</em></strong></span> <span class='ocrx_word' id='word_1_161' title='bbox 923 2696 987 2784; x_wconf 81' lang='grc' dir='ltr'><strong><em>ε’γῶ</em></strong></span> <span class='ocrx_word' id='word_1_162' title='bbox 1005 2699 1041 2766; x_wconf 74' lang='grc' dir='ltr'><strong><em>δὲ</em></strong></span> <span class='ocrx_word' id='word_1_163' title='bbox 1052 2700 1093 2765; x_wconf 81' lang='grc' dir='ltr'><strong><em>τό</em></strong></span> 
     </span>
     <span class='ocr_line' id='line_1_23' title="bbox 87 2792 841 2884; baseline -0.001 -20"><span class='ocrx_word' id='word_1_164' title='bbox 87 2823 127 2884; x_wconf 89' lang='grc' dir='ltr'><strong><em>γε</em></strong></span> <span class='ocrx_word' id='word_1_165' title='bbox 142 2795 268 2863; x_wconf 88' lang='grc' dir='ltr'><strong><em>δυνατά</em></strong></span> <span class='ocrx_word' id='word_1_166' title='bbox 285 2794 347 2864; x_wconf 84' lang='grc' dir='ltr'><strong><em>οὐκ</em></strong></span> <span class='ocrx_word' id='word_1_167' title='bbox 363 2795 539 2863; x_wconf 80' lang='grc' dir='ltr'><strong><em>ἀνανεύσω</em></strong></span> <span class='ocrx_word' id='word_1_168' title='bbox 554 2792 637 2878; x_wconf 80' lang='grc' dir='ltr'><strong><em>πρὸς</em></strong></span> <span class='ocrx_word' id='word_1_169' title='bbox 652 2793 714 2880; x_wconf 79' lang='grc' dir='ltr'><strong><em>τὴν</em></strong></span> <span class='ocrx_word' id='word_1_170' title='bbox 731 2793 841 2882; x_wconf 79' lang='grc' dir='ltr'><strong><em>εὐχήν.</em></strong></span> 
     </span>
    </p>

    <p class='ocr_par' dir='ltr' id='par_1_9' title="bbox 87 2892 1163 3576">
     <span class='ocr_line' id='line_1_24' title="bbox 172 2892 1095 2980; baseline -0.001 -16"><span class='ocrx_word' id='word_1_171' title='bbox 172 2901 254 2964; x_wconf 85' lang='grc' dir='ltr'><em>ΙΕΡ.</em></span> <span class='ocrx_word' id='word_1_172' title='bbox 275 2893 371 2962; x_wconf 83' lang='grc' dir='ltr'><strong><em>Ἀλλά</em></strong></span> <span class='ocrx_word' id='word_1_173' title='bbox 384 2895 485 2962; x_wconf 84' lang='grc' dir='ltr'><strong><em>πόλοι</em></strong></span> <span class='ocrx_word' id='word_1_174' title='bbox 496 2899 668 2980; x_wconf 82' lang='grc' dir='ltr'><strong><em>ἔσκεμμαι·</em></strong></span> <span class='ocrx_word' id='word_1_175' title='bbox 689 2897 753 2979; x_wconf 78' lang='grc' dir='ltr'><strong><em>ἐρῶ</em></strong></span> <span class='ocrx_word' id='word_1_176' title='bbox 764 2893 829 2979; x_wconf 82' lang='grc' dir='ltr'><strong><em>γὰρ</em></strong></span> <span class='ocrx_word' id='word_1_177' title='bbox 840 2893 880 2962; x_wconf 88' lang='grc' dir='ltr'><strong><em>τά</em></strong></span> <span class='ocrx_word' id='word_1_178' title='bbox 891 2892 989 2963; x_wconf 88' lang='grc' dir='ltr'><strong><em>κοινά</em></strong></span> <span class='ocrx_word' id='word_1_179' title='bbox 1001 2900 1095 2964; x_wconf 80' lang='grc' dir='ltr'><strong><em>ταυτὶ</em></strong></span> 
     </span>
     <span class='ocr_line' id='line_1_25' title="bbox 87 2991 1094 3081; baseline 0.001 -21"><span class='ocrx_word' id='word_1_180' title='bbox 87 2995 143 3060; x_wconf 80' lang='grc' dir='ltr'><strong><em>καὶ</em></strong></span> <span class='ocrx_word' id='word_1_181' title='bbox 157 2994 332 3079; x_wconf 84' lang='grc' dir='ltr'><strong><em>πρόχειρα,</em></strong></span> <span class='ocrx_word' id='word_1_182' title='bbox 349 3001 495 3060; x_wconf 81' lang='grc' dir='ltr'><strong><em>πλοῦτον</em></strong></span> <span class='ocrx_word' id='word_1_183' title='bbox 507 2995 561 3060; x_wconf 84' lang='grc' dir='ltr'><strong><em>καὶ</em></strong></span> <span class='ocrx_word' id='word_1_184' title='bbox 574 2991 702 3078; x_wconf 84' lang='grc' dir='ltr'><strong><em>χρυσόν</em></strong></span> <span class='ocrx_word' id='word_1_185' title='bbox 718 2991 827 3061; x_wconf 81' lang='grc' dir='ltr'><strong><em>πολδν</em></strong></span> <span class='ocrx_word' id='word_1_186' title='bbox 841 2996 897 3062; x_wconf 80' lang='grc' dir='ltr'><strong><em>καὶ</em></strong></span> <span class='ocrx_word' id='word_1_187' title='bbox 908 2993 1023 3081; x_wconf 88' lang='grc' dir='ltr'><strong><em>ἀγρῶν</em></strong></span> <span class='ocrx_word' id='word_1_188' title='bbox 1037 2999 1094 3061; x_wconf 87' lang='grc' dir='ltr'><strong><em>δε-</em></strong></span> 
     </span>
     <span class='ocr_line' id='line_1_26' title="bbox 87 3089 1095 3180; baseline 0.004 -24"><span class='ocrx_word' id='word_1_189' title='bbox 87 3090 215 3175; x_wconf 87' lang='grc' dir='ltr'><strong><em>σπότην</em></strong></span> <span class='ocrx_word' id='word_1_190' title='bbox 231 3090 316 3159; x_wconf 77' lang='grc' dir='ltr'><strong><em>εἶναι</em></strong></span> <span class='ocrx_word' id='word_1_191' title='bbox 332 3094 386 3159; x_wconf 82' lang='grc' dir='ltr'><strong><em>καὶ</em></strong></span> <span class='ocrx_word' id='word_1_192' title='bbox 401 3089 596 3176; x_wconf 79' lang='grc' dir='ltr'><strong><em>ἀνδράποδα</em></strong></span> <span class='ocrx_word' id='word_1_193' title='bbox 608 3089 716 3159; x_wconf 73' lang='grc' dir='ltr'><strong><em>πολλοὶ</em></strong></span> <span class='ocrx_word' id='word_1_194' title='bbox 731 3100 911 3178; x_wconf 80' lang='grc' dir='ltr'><strong><em>κεκτῆσθαι</em></strong></span> <span class='ocrx_word' id='word_1_195' title='bbox 922 3095 977 3162; x_wconf 77' lang='grc' dir='ltr'><strong><em>καὶ</em></strong></span> <span class='ocrx_word' id='word_1_196' title='bbox 989 3096 1095 3180; x_wconf 78' lang='grc' dir='ltr'><strong><em>ἐσθῆ-</em></strong></span> 
     </span>
     <span class='ocr_line' id='line_1_27' title="bbox 87 3191 1094 3280; baseline 0.002 -21"><span class='ocrx_word' id='word_1_197' title='bbox 87 3220 145 3272; x_wconf 92' lang='grc' dir='ltr'><strong><em>τας</em></strong></span> <span class='ocrx_word' id='word_1_198' title='bbox 161 3191 316 3272; x_wconf 76' lang='grc' dir='ltr'><strong><em>εὐανθεῖς</em></strong></span> <span class='ocrx_word' id='word_1_199' title='bbox 330 3196 384 3262; x_wconf 82' lang='grc' dir='ltr'><strong><em>καλ</em></strong></span> <span class='ocrx_word' id='word_1_200' title='bbox 399 3191 548 3280; x_wconf 80' lang='grc' dir='ltr'><strong><em>μαλακὰς</em></strong></span> <span class='ocrx_word' id='word_1_201' title='bbox 559 3195 613 3261; x_wconf 80' lang='grc' dir='ltr'><strong><em>καὶ</em></strong></span> <span class='ocrx_word' id='word_1_202' title='bbox 628 3191 780 3278; x_wconf 86' lang='grc' dir='ltr'><strong><em>ἀργυρον</em></strong></span> <span class='ocrx_word' id='word_1_203' title='bbox 793 3195 847 3260; x_wconf 77' lang='grc' dir='ltr'><strong><em>καὶ</em></strong></span> <span class='ocrx_word' id='word_1_204' title='bbox 862 3196 1026 3278; x_wconf 83' lang='grc' dir='ltr'><strong><em>ἐλέφαντα</em></strong></span> <span class='ocrx_word' id='word_1_205' title='bbox 1039 3194 1094 3261; x_wconf 78' lang='grc' dir='ltr'><strong><em>καὶ</em></strong></span> 
     </span>
     <span class='ocr_line' id='line_1_28' title="bbox 87 3282 1093 3376; baseline 0 -18"><span class='ocrx_word' id='word_1_206' title='bbox 87 3282 191 3358; x_wconf 81' lang='grc' dir='ltr'><strong><em>τᾶλλα</em></strong></span> <span class='ocrx_word' id='word_1_207' title='bbox 208 3288 316 3358; x_wconf 89' lang='grc' dir='ltr'><strong><em>ὁπόσα</em></strong></span> <span class='ocrx_word' id='word_1_208' title='bbox 331 3298 430 3376; x_wconf 78' lang='grc' dir='ltr'><strong><em>τίμια.</em></strong></span> <span class='ocrx_word' id='word_1_209' title='bbox 451 3291 582 3358; x_wconf 80' lang='grc' dir='ltr'><strong><em>τούτων</em></strong></span> <span class='ocrx_word' id='word_1_210' title='bbox 592 3283 670 3375; x_wconf 77' lang='grc' dir='ltr'><strong><em>οὖν,</em></strong></span> <span class='ocrx_word' id='word_1_211' title='bbox 687 3282 840 3374; x_wconf 78' lang='grc' dir='ltr'><strong><em>ῶάριστε</em></strong></span> <span class='ocrx_word' id='word_1_212' title='bbox 851 3293 979 3376; x_wconf 90' lang='grc' dir='ltr'><strong><em>Κρόνε,</em></strong></span> <span class='ocrx_word' id='word_1_213' title='bbox 997 3297 1093 3360; x_wconf 83' lang='grc' dir='ltr'><strong><em>δίδον</em></strong></span> 
     </span>
     <span class='ocr_line' id='line_1_29' title="bbox 87 3387 1163 3477; baseline 0.003 -21"><span class='ocrx_word' id='word_1_214' title='bbox 87 3416 160 3475; x_wconf 90' lang='grc' dir='ltr'><strong><em>μοι,</em></strong></span> <span class='ocrx_word' id='word_1_215' title='bbox 177 3387 221 3468; x_wconf 78' lang='grc' dir='ltr'><strong><em>ῶς</em></strong></span> <span class='ocrx_word' id='word_1_216' title='bbox 232 3417 262 3458; x_wconf 89' lang='grc' dir='ltr'><strong><em>τι</em></strong></span> <span class='ocrx_word' id='word_1_217' title='bbox 274 3392 329 3458; x_wconf 81' lang='grc' dir='ltr'><strong><em>καὶ</em></strong></span> <span class='ocrx_word' id='word_1_218' title='bbox 339 3388 443 3457; x_wconf 79' lang='grc' dir='ltr'><strong><em>αὐτόν</em></strong></span> <span class='ocrx_word' id='word_1_219' title='bbox 454 3389 641 3458; x_wconf 84' lang='grc' dir='ltr'><strong><em>ἀπολαῦσαι</em></strong></span> <span class='ocrx_word' id='word_1_220' title='bbox 652 3397 710 3475; x_wconf 80' lang='grc' dir='ltr'><strong><em>τῆς</em></strong></span> <span class='ocrx_word' id='word_1_221' title='bbox 721 3397 780 3474; x_wconf 78' lang='grc' dir='ltr'><strong><em>σῆς</em></strong></span> <span class='ocrx_word' id='word_1_222' title='bbox 791 3387 891 3476; x_wconf 77' lang='grc' dir='ltr'><strong><em>ἀρχῆς</em></strong></span> <span class='ocrx_word' id='word_1_223' title='bbox 901 3393 983 3477; x_wconf 75' lang='grc' dir='ltr'><strong><em>μηδὲ</em></strong></span> <span class='ocrx_word' id='word_1_224' title='bbox 994 3390 1090 3476; x_wconf 86' lang='grc' dir='ltr'><strong><em>ἀμοι-</em></strong></span> <span class='ocrx_word' id='word_1_225' title='bbox 1109 3411 1163 3466; x_wconf 75' lang='grc'><strong><em>386</em></strong></span> 
     </span>
     <span class='ocr_line' id='line_1_30' title="bbox 88 3485 882 3576; baseline -0.003 -22"><span class='ocrx_word' id='word_1_226' title='bbox 88 3513 151 3571; x_wconf 90' lang='grc' dir='ltr'><strong><em>ρον</em></strong></span> <span class='ocrx_word' id='word_1_227' title='bbox 168 3485 251 3556; x_wconf 83' lang='grc' dir='ltr'><strong><em>εἶναι</em></strong></span> <span class='ocrx_word' id='word_1_228' title='bbox 266 3488 373 3576; x_wconf 90' lang='grc' dir='ltr'><strong><em>μόνον</em></strong></span> <span class='ocrx_word' id='word_1_229' title='bbox 389 3486 492 3556; x_wconf 82' lang='grc' dir='ltr'><strong><em>αὐτόν</em></strong></span> <span class='ocrx_word' id='word_1_230' title='bbox 509 3487 562 3556; x_wconf 89' lang='grc' dir='ltr'><strong><em>διά</em></strong></span> <span class='ocrx_word' id='word_1_231' title='bbox 581 3485 705 3566; x_wconf 86' lang='grc' dir='ltr'><strong><em>παντός</em></strong></span> <span class='ocrx_word' id='word_1_232' title='bbox 720 3495 781 3554; x_wconf 84' lang='grc' dir='ltr'><strong><em>τοῦ</em></strong></span> <span class='ocrx_word' id='word_1_233' title='bbox 796 3494 882 3568; x_wconf 83' lang='grc' dir='ltr'><strong><em>βίον.</em></strong></span> 
     </span>
    </p>
   </div>
   <div class='ocr_carea' id='block_1_6' title="bbox 0 0 1324 4092">
    <p class='ocr_par' dir='ltr' id='par_1_10' title="bbox 0 0 1324 4092">
     <span class='ocr_line' id='line_1_31' title="bbox 0 0 1324 4092; baseline 0 0"><span class='ocrx_word' id='word_1_234' title='bbox 0 0 1324 4092; x_wconf 95' lang='lat' dir='ltr'><strong><em> </em></strong></span> 
     </span>
    </p>
   </div>
  </div>
 </body>
</html>
