2625 4092
219 281 284 346 456
581 281 881 342 ΛΟΤΚΙΑΝΟῬ

225 451 442 514 ΤΡΟΦΕΤΣ.
465 440 526 530 Μὴ
542 442 586 530 μὴ
602 441 647 510 σύ
661 448 782 526 ταῦτα,
798 446 904 527 μωρέ,
920 442 965 528 μή
980 467 1021 526 με
1037 469 1210 528 κερτομει,

188 605 192 612 .
221 542 266 629 μή
283 538 319 628 μ’
338 538 383 619 ὥς
396 543 472 618 νέος
490 540 652 626 νόμπαξε,
671 536 763 606 τοῦτ’
780 536 876 618 εέδως
890 537 940 608 ότι
1292 541 1293 616 Ϊ

222 645 259 710 ἐν
274 655 344 718 ταῖς
358 638 520 725 ἀνάγκαις
533 649 598 717 πάς
609 642 719 724 γέρων
733 639 822 706 ἐστὶν
836 639 920 716 νέος.
1291 625 1293 716 δ

222 745 346 806 πείθου
361 738 508 822 λέγοντι·
530 735 568 804 τὸ
581 740 685 818 πέρας
699 733 743 802 ἂν
758 734 955 820 όποσπάσω,

166 843 208 907 50
223 843 321 923 ἔστην
336 833 354 902 ὁ
371 838 532 922 πρέσβυς,
548 834 638 901 οὐδ’
656 834 675 902 ό
693 839 767 914 νέος
783 843 909 913 πίπτεις
923 841 1032 920 χαμαί.

222 940 452 1001 samm
485 931 538 1001 Σύ
560 930 593 1000 δ’
616 929 662 1000 άν
678 939 824 1022 σφαλῇς,
847 935 1021 1010 πέπτωκας
1041 931 1178 1012 ἄπονος
1195 932 1236 1001 dv
1293 939 1294 1008 ἶ

198 1070 200 1073 ·
801 1033 918 1115 γέρων.

222 1136 396 1216 προθυμία
409 1126 475 1216 γάρ
489 1130 526 1196 έν
541 1131 678 1215 γέρουσι
694 1132 885 1211 παρέπεται,

222 1235 339 1311 πρᾶξις
353 1227 389 1295 δέ
403 1227 533 1304 τούτοις
548 1225 658 1294 οὐκέτ’
676 1229 764 1294 ἐστὶν
780 1225 925 1304 εὔτονος.

225 1332 440 1394 mom.
468 1332 510 1394 Τι’
520 1352 578 1412 μοι
593 1333 728 1414 σοφίζῃ,
745 1324 807 1393 κού
822 1329 927 1410 λέγεις
941 1328 1002 1415 οἵω
1013 1324 1134 1416 τρόπῳ

166 1437 208 1499 55
222 1427 326 1502 πόνος
341 1432 512 1510 προσῆλθε
529 1433 593 1492 σοῦ
610 1423 713 1503 ποδὸς
728 1431 846 1511 κοίλην
858 1426 975 1512 βάσινς

222 1530 453 1591 samm.
473 1523 664 1608 Δρόμοισιν
679 1521 808 1607 άσκών,
828 1530 961 1606 κοῦφον
976 1518 1019 1599 ὡς
1033 1530 1126 1590 τιθῶ
1143 1526 1238 1608 πόδα,

223 1627 347 1708 τρέχων
362 1627 488 1706 έτεινα,
504 1624 559 1689 καὶ
573 1629 805 1708 συνεμμίχθην
820 1621 923 1711 πόνῳ.

151 1738 204 1794 668
227 1726 444 1789 ΤΡΟΦΕΓΣ.
466 1720 577 1788 Πάλιν
589 1718 699 1806 τρέχ’,
715 1717 760 1798 ὥς
774 1745 823 1798 τις
837 1717 945 1800 εἶπεν,
961 1715 1000 1796 ὃς
1013 1719 1217 1806 καθήμενος

166 1929 209 1992 60
223 1924 452 1988 amors.
477 1914 616 1986 Οὐκοῦν
630 1922 781 1985 παλαίων
796 1913 841 1994 ὡς
854 1918 968 1984 θέλων
982 1914 1210 2003 παρεμβολὴν

222 2025 338 2105 βαλεῖν
353 2015 510 2100 ἐπλήγην.
532 2022 631 2083 τοῦτο
647 2011 688 2102 δὴ
706 2019 842 2082 πίστευέ
855 2040 921 2100 μοι.

225 2119 440 2182 mom.
456 2120 559 2192 Πολος
569 2112 770 2199 στρατιώτης
780 2117 932 2200 γέγονας,
946 2114 1003 2181 ἵνα
1015 2112 1235 2200 παρεμβολὴν

220 2210 335 2298 βαλών
351 2209 395 2278 σύ
412 2220 554 2300 πληγῇςς
578 2219 787 2293 περικυκλεῐς
801 2217 908 2297 ψευδῆ
926 2209 1039 2298 λόγον.

222 2307 282 2376 τόν
296 2306 401 2377 αὐτόν
418 2308 510 2396 ἡμεῖς
525 2319 656 2396 εἴχομεν
671 2309 773 2395 λόγον
789 2313 866 2378 ποτὲ

106 2397 111 2409 ’
164 2420 205 2483 65
220 2411 338 2496 μηδενὶ
355 2412 506 2495 λέγοντες
522 2406 585 2495 τὴν
600 2405 766 2496 άλήθειαν
783 2418 900 2494 φίλων.

221 2515 288 2576 νῦν
304 2506 335 2574 δ’
354 2512 486 2595 εἰσορᾷς
503 2506 652 2586 ἅπαντας
669 2512 702 2588 ἐξ
719 2561 813 2577 .....

221 2605 239 2675 ό
254 2609 360 2687 πόνος
374 2605 405 2675 δ’
422 2611 527 2689 ε’λιξας
541 2611 689 2693 ἐμμελῶς
704 2611 903 2694 διαστρέφει.

220 2715 401 2778 ΙΑΤΡΟΣ.
423 2710 729 2791 Ποῑποττιαθεύρω
745 2705 881 2776 κλεινόν
894 2704 1089 2792 Ὠκόπουν,
1106 2713 1215 2792 φίλοι,

220 2805 280 2875 τόν
295 2808 382 2875 πόδα
397 2815 568 2875 πονοῦντα
582 2808 637 2875 καὶ
652 2808 753 2895 βάσιυ
767 2809 986 2893 παρειμένους

166 2913 206 2977 70
220 2904 333 2992 ἰατρός
347 2901 397 2975 δν
407 2903 472 2993 γάρ
489 2911 610 2975 ἔκλυον
625 2905 691 2975 ὑπὸ
710 2914 812 2992 φίλου
828 2903 919 2985 τινός
1000 2927 1003 2934 “

222 3009 390 3092 πάσχοντα
406 3004 498 3076 δεινά
514 3015 635 3075 τοῦτον
649 3005 779 3096 ἀστάτῳ
793 3007 906 3073 πάθει.

220 3104 294 3176 ἀλλ’
312 3104 412 3184 αὐτός
428 3099 526 3186 οὗτος
536 3104 635 3194 έγγός
652 3103 810 3191 ὀμμάτων
824 3109 913 3190 έμων

221 3221 323 3273 κεῖται
338 3204 409 3274 κατ’
431 3205 531 3293 εὐνῆς
546 3205 663 3284 ὕπτιος
679 3205 892 3292 βεβλημένος.

221 3303 406 3390 ἀσπάζομαί
418 3328 455 3370 σε
471 3301 554 3386 πρός
568 3311 678 3388 θεῶν,
695 3307 749 3370 καὶ
764 3302 826 3370 σόν
841 3303 951 3377 πάθος

165 3407 204 3470 75
219 3411 252 3468 τί
266 3411 380 3483 τοῦτο;
403 3406 516 3485 λέξον,
531 3400 698 3485 Ώκάπου,
714 3400 799 3486 τάχ’,
819 3401 863 3479 ὡς
878 3407 981 3489 μάθω

150 3513 202 3568 669
223 3507 252 3566 εἰ
265 3501 328 3583 γάρ
343 3501 502 3584 μάθοιμι,
519 3497 621 3585 τυχόν
634 3510 713 3578 ἴσως
727 3502 861 3582 ι’άσομαι
892 3521 894 3524 ’
