2625 4092
235 291 273 350 14
583 295 888 354 AOYKIANOY

232 460 362 536 είρηκα·
390 449 483 537 ὑμεῖς
500 450 535 518 δὲ
549 451 613 538 ήδη
629 467 780 521 σκοπεῖτε
797 457 918 540 ποτέρᾳ
930 450 1025 539 ἡμῶν
1041 453 1179 540 ἄμεινον
1192 448 1236 540 ήν

231 545 321 638 αὐτῷ
338 564 498 618 συνεῖναι,

316 655 365 720 18.
378 650 569 735 ΕΡΜ.’Ἀγε
580 648 631 734 δή,
647 647 692 736 μή
704 652 847 736 μέλλετε,
865 650 1141 736 ψηφοφορήσατε,
1152 648 1236 716 ἀνά-

231 767 343 832 στητε·
366 751 420 814 καλ
435 745 547 826 άλλοις
560 745 621 832 χρή
641 747 794 827 δικάζειν.

314 851 407 912 ΔΙΚ.
433 844 563 922 Πάσαις
577 840 597 929 ἡ
613 841 794 930 Ἀκαδημία
808 861 923 926 κρατεῖ
936 845 1024 931 πλήν
1038 853 1124 930 μιᾶς.

313 950 418 1010 ΕΡΜ.
441 943 641 1026 Παράδοξον
662 941 779 1023 οῦδέν,
802 942 889 1010 εἶναί
906 971 981 1011 τινα
1003 944 1058 1011 καί
1078 951 1119 1029 τῇ
1134 949 1236 1032 Μέθη

229 1046 417 1125 τιθέμενον,
447 1045 496 1108 19.
519 1046 680 1107 καθίσατε
697 1044 731 1108 oc
748 1049 789 1128 τῇ
804 1049 897 1130 Στοᾷ
911 1040 996 1124 πρός
1013 1038 1075 1127 τήν
1091 1039 1236 1127 Ἡδονήν

230 1138 386 1223 λαχόντες
396 1141 472 1219 περὶ
483 1145 544 1204 τοῦ
555 1141 698 1221 ἐραστοῦ
714 1137 876 1218 δικάζειν·
899 1142 1069 1226 ἐγκέχυται
1084 1137 1120 1206 τό
1133 1138 1233 1221 ὕδωρ.

229 1234 248 1321 ἡ
264 1235 512 1322 κατάγραφοςὴ
528 1233 568 1301 τά
586 1243 719 1304 ποικίλα
735 1234 778 1303 σῦ
791 1235 855 1322 ήδη
871 1241 954 1323 λέγε.

312 1340 362 1400 20.
382 1340 515 1402 ΣΤΟΑ.
541 1332 613 1402 Οῦκ
631 1332 743 1418 ἀγνοῶ
754 1341 825 1419 μέν,
844 1329 1002 1418 ῶάνδρες
1015 1343 1176 1417 δικασταί,
1192 1334 1237 1412 ῶς

229 1430 314 1514 πρὸς
330 1429 552 1516 εὐπρόσωπόν
562 1458 619 1517 μοι
633 1430 696 1516 τήν
707 1430 878 1502 ἀντίδικον
889 1431 907 1500 ὁ
920 1436 1018 1520 λόγος
1030 1441 1136 1516 ἔσται,
1152 1432 1236 1502 ἀλλά
1303 1492 1304 1509 2

228 1531 282 1599 καὶ
304 1527 401 1615 ὑμῶν
414 1529 494 1609 τοῦς
514 1529 659 1608 πολλοῦς
676 1528 745 1613 ὁρῶ
769 1529 852 1613 πρὸς
867 1535 930 1617 μέν
947 1537 1076 1619 ἐκείνην
1093 1533 1233 1618 ἀποβλέ-
1303 1602 1304 1627 3

228 1654 352 1705 ποντας
369 1632 423 1696 καὶ
443 1635 639 1715 μειδιῶντας
660 1627 743 1712 πρὸς
764 1628 887 1716 αῦτήν,
913 1635 995 1717 ἐμοῦ
1016 1633 1051 1700 δὲ
1065 1657 1237 1715 καταφρο-

227 1734 386 1812 νοῦντας,
403 1725 453 1795 ότι
470 1731 506 1796 έν
519 1737 589 1818 χρῶ
604 1732 766 1814 κέκαρμαι
779 1730 832 1796 καὶ
845 1727 1044 1812 ἀρρενωπόν
1059 1735 1169 1816 βλέπω
1181 1731 1237 1796 καὶ

227 1825 414 1911 σκυθρωπὴ
438 1831 544 1894 δοκῶ·
573 1825 663 1912 ὅμως
679 1830 731 1907 δέ,
753 1824 798 1913 ήν
819 1829 998 1914 ἐθελήσητε
1013 1825 1157 1895 ἀκοῦσαί
1168 1853 1238 1912 μου
1304 1850 1305 1855 ’

226 1924 407 2010 λεγούσης,
429 1932 548 2008 θαρρῶ
569 1923 656 1993 πολι)
673 1925 861 2011 δικαιότερα
876 1927 998 2012 ταύτης
1011 1929 1107 2007 ἐρεῖν.
1136 1933 1238 1992 τοῦτο

226 2024 291 2110 γάρ
308 2049 359 2089 τοι
376 2025 430 2092 καὶ
444 2022 480 2091 τὸ
497 2025 606 2108 παρὸν
622 2025 770 2111 ἐγκλημά
787 2028 892 2102 ἐστιν,
915 2022 967 2092 ότι
988 2023 1095 2102 οὕτως
1111 2027 1238 2106 ἑταιρι-

157 2141 208 2193 815
229 2129 294 2199 κῶς
309 2124 533 2208 ἐσκευασμένη
553 2130 599 2208 τῷ
620 2126 782 2212 ἐπαγωγῷ
803 2131 859 2207 τῆς
874 2121 982 2203 ὅψεως
997 2119 1140 2209 ἐραστήν
1154 2118 1240 2206 ἐμὸν

226 2219 333 2302 ἀνδρα
354 2218 428 2288 τότε
450 2220 612 2305 σῶφρονα
634 2219 695 2288 τόν
714 2222 903 2289 Διονύσιον
922 2227 1129 2306 φενακίσασα
1150 2218 1240 2303 πρὸς

226 2317 347 2403 ἑαυτήν
362 2323 577 2405 περιέσπασε,
594 2324 648 2387 καὶ
663 2318 706 2405 ήν
720 2346 757 2405 γε
776 2326 810 2388 οί
823 2318 887 2402 πρὸ
903 2318 1000 2406 ὑμῶν
1012 2325 1109 2404 δίκην
1122 2322 1239 2385 ἐδίκα-

225 2427 347 2506 σαυτῇ
363 2417 543 2508 Ἀκαδημίηι
561 2423 615 2487 καὶ
635 2427 675 2506 τῇ
692 2423 813 2508 Μέθη,
837 2418 964 2505 ἀδελφή
985 2427 1043 2505 της
1063 2417 1239 2504 παρούσης

226 2523 318 2604 δίκης
333 2521 437 2587 ἐστίν·
461 2518 638 2600 ἐξετάζεται
653 2515 719 2603 γάρ
735 2522 772 2586 ἐν
785 2526 831 2606 τῷ
848 2520 988 2603 παρόντι
1006 2519 1148 2602 πότερον
1162 2526 1236 2603 χοί-

225 2644 295 2699 ρων
311 2622 409 2705 δίκην
425 2618 516 2685 κάτω
532 2618 732 2695 νενευκότας
747 2615 932 2704 ἡδομένους
943 2615 1004 2704 χρή
1023 2627 1124 2704 βιοῦν
1134 2615 1239 2685 οὐδέν

224 2714 350 2803 σεμνὸν
367 2713 447 2785 οῦδὲ
459 2717 675 2803 μεγαλόφρον
690 2720 908 2795 ἐπινοοῦντας
922 2713 943 2803 ή
959 2720 996 2784 έν
1011 2718 1155 2805 δευτέρω
1172 2722 1238 2781 τοῦ

224 2825 331 2893 καλῶς
343 2822 474 2901 ἔχοντος
485 2813 714 2901 ἡγησαμένους
724 2814 761 2882 τῦ
770 2814 916 2901 τερπνόν
925 2820 1125 2897 ἐλευθέρους
1138 2818 1237 2882 ἐλευ-

223 2918 332 2998 θέρως
347 2923 564 2998 φιλοσοφεῖν,
586 2914 668 2999 μήτε
688 2915 725 2981 τό
742 2913 899 3001 ἀλγεινόν
915 2913 958 2994 ῶς
977 2914 1105 3000 ἀμαχον
1122 2913 1239 2981 δεδιό-

222 3039 280 3088 τας
296 3011 378 3098 μήτε
392 3010 429 3078 τδ
444 3009 510 3097 ήδῦ
523 3010 791 3094 ἀνδραποδωδῶς
805 3019 1091 3098 προαιρουμένους
1105 3012 1160 3079 καλ
1171 3009 1239 3096 τήν

225 3110 441 3196 εὐδαιμονίαν
457 3117 633 3195 ζητοῦντας
644 3114 682 3178 ἐν
692 3118 739 3200 τῶ
753 3115 858 3196 μέλιτι
869 3113 924 3179 καὶ
938 3125 1006 3186 ταῖς
1017 3109 1136 3194 ἰσχάσι.
1161 3134 1239 3174 τοι-

223 3217 307 3276 αῦτα
327 3206 391 3293 γάρ
413 3207 498 3295 αῦτη
519 3214 656 3278 δελέατα
675 3225 743 3287 τοῖς
767 3208 920 3297 ἀνοήτοις
935 3216 1156 3293 προτείνουσα
1178 3208 1239 3274 καὶ

222 3311 513 3393 μορμολυττομένη
535 3316 580 3398 τῷ
599 3311 692 3399 πόνφ
710 3309 911 3394 προσάγεται
927 3305 1039 3374 αὐτῶν
1053 3302 1132 3383 τοῦς
1147 3314 1238 3372 πολ-

222 3407 319 3488 λοῦς,
341 3409 379 3474 ἐν
396 3401 446 3484 οἷς
467 3407 521 3474 καὶ
540 3403 600 3473 τόν
617 3411 763 3475 δείλαιον
784 3410 914 3476 ἐκεῖνον
930 3403 1115 3492 ἀφηνιάσαι
1133 3402 1238 3491 ήμῶν

222 3508 354 3589 ἐποίησε
367 3511 533 3572 νοσοῦντα
552 3505 740 3591 τηρήσασα·
768 3503 810 3572 οῦ
828 3503 893 3591 γάρ
913 3499 957 3571 ἀν
972 3502 1133 3588 ὑγιαίνων
1149 3505 1236 3571 ποτὲ
