2625 4092
234 289 298 352 440
574 255 902 366 [Αοναικνοτη

236 472 286 518 σει
301 458 361 517 τοῦ
375 451 482 518 τόπου
493 458 735 536 μεγαλουργίας
748 450 901 540 ἠράσθη,
916 453 1019 521 τόντε
1031 460 1172 541 βασιλέα
1181 464 1240 522 τῶν

235 551 287 614 ἐπὶ
309 547 371 634 τῆν
389 554 512 631 Τροίαν
531 550 610 614 ποτε
630 545 769 634 Ἀχαιῶν
791 553 1011 637 ἐνθυμηθείς,
1035 550 1080 630 ῶς
1099 550 1166 636 τῆν
1180 553 1241 620 Εὔ-

234 653 332 729 βοιαν
348 653 404 732 τῆς
417 651 578 723 Βοιωτίας
592 642 754 731 ἀπέτεμεν
771 645 911 734 Εὐρίπῳ
926 656 971 735 τῶ
987 653 1061 731 περὶ
1076 648 1141 734 τῆν
1158 659 1241 718 Χαλ-

236 749 326 828 κίδα,
351 749 397 810 ἔτι
411 770 449 827 γε
464 741 532 828 μῆν
547 744 603 810 καλ
621 742 682 809 τόν
696 753 859 829 Δαρεῖον,
884 744 927 825 ῶς
945 745 1156 829 ὁΒόσπορος
1177 752 1242 833 ἐγε-

235 841 383 926 φνρῶθη
400 839 490 930 αύτῷ
508 842 559 907 ἐπὶ
573 837 652 918 τούς
669 841 828 920 Σκύθας·
857 841 897 909 τά
916 847 952 910 δέ
967 847 1091 927 Ξέρξου
1107 849 1167 912 καὶ
1185 842 1241 926 πρὸ

235 940 365 1005 τούτων
379 949 457 1016 ἴσως
469 939 642 1022 ἐνενόησε,
659 941 795 1023 μέγιστα
807 946 875 1006 τῶν
886 949 1145 1026 μεγαλουργιῶν
1157 941 1241 1024 ὄντα,

162 1053 217 1106 638
237 1033 383 1118 καὶπρὸς
394 1036 524 1111 τούτοις
536 1031 579 1111 ῶς
590 1042 635 1122 τῷ
647 1033 695 1102 δι’
707 1033 824 1121 όλίγου
839 1037 993 1123 άλλῆλοις
1004 1042 1152 1125 ἐπιμῖξαι
1164 1040 1242 1106 πάν-

236 1161 293 1212 τας
304 1143 425 1200 είσοιτο
436 1131 498 1217 τῆν
510 1129 648 1200 Ἑλλάδα
660 1141 818 1218 λαμπρῶς
830 1137 1003 1202 ἑστιᾶσθαι
1017 1151 1085 1213 τοῖς
1099 1140 1242 1215 ἔξωθεν·

235 1236 272 1299 αί
283 1228 348 1316 γάρ
363 1231 523 1313 τύραννοι
540 1233 659 1315 φύσεις
670 1231 838 1316 μεθύουσι
854 1223 931 1316 μέν,
951 1237 1072 1312 διψῶσι
1087 1236 1128 1301 δέ
1137 1260 1186 1320 πη
1197 1238 1241 1300 καὶ

236 1329 377 1396 ἀκοῦσαι
396 1336 528 1395 τοιοῦτο
546 1331 692 1413 φθέγμα.
734 1333 765 1396 3.
787 1333 966 1411 προελθών
983 1334 1019 1397 δὲ
1039 1339 1098 1416 τῆς
1123 1339 1242 1416 σκηνῆς

234 1426 345 1511 ύμνον
357 1426 419 1513 μὲν
433 1423 642 1511 Ἀμφιτρίτης
658 1451 694 1492 τε
710 1430 765 1492 καὶ
779 1432 992 1505 Ποσειδῶνος
1008 1421 1068 1517 ῆσε
1082 1432 1141 1496 καὶ
1160 1424 1241 1518 ᾆσμα

236 1521 278 1591 ού
292 1527 374 1609 μέγα
390 1527 579 1611 Μελικέρτη
594 1549 629 1589 τε
643 1525 697 1589 καὶ
712 1527 898 1611 Λευκοθέα.
921 1521 1098 1607 ὀρέξαντος
1111 1523 1147 1592 δ’
1161 1525 1241 1614 αύτῷ

233 1629 361 1708 χρυσῆν
377 1625 532 1688 δίκελλαν
551 1629 613 1687 τού
635 1619 698 1706 τῆν
713 1619 853 1688 Ἑλλάδα
871 1620 1179 1703 έπιτροπεύσαντος
1199 1625 1240 1690 ἐπὶ

235 1717 297 1804 τῆν
313 1711 742 1807 όρυχῆνῇξεκροτούμενός
757 1723 860 1786 τεκαὶ
876 1717 1055 1807 ᾀδόμενος,
1074 1723 1133 1790 καὶ
1149 1732 1241 1788 καθι-

201 1893 204 1895 A
235 1816 376 1901 κόμενος
389 1823 446 1902 τῆς
457 1823 517 1902 γῆς
528 1823 613 1899 τρίς,
629 1815 735 1901 οἶμαι,
751 1831 819 1894 τοῖς
831 1843 865 1883 τε
875 1814 937 1902 τῆν
948 1815 1055 1902 άρχῆν
1065 1841 1241 1887 πεπιστευ

235 1921 348 2000 μένοις
362 1917 695 2002 παρακελευσάμενος
711 1915 877 1993 ξυντόνως
892 1913 1059 1982 ἅπτεσθαι
1070 1923 1137 1982 τοῦ
1149 1923 1242 2000 ἔργον
1288 1919 1289 1922 ’

235 2011 329 2101 άνῆει
352 2019 396 2090 είς
413 2011 476 2100 τῆν
490 2015 668 2096 Κόρινθον
688 2011 729 2079 τά
746 2011 947 2095 Ἡρακλέους
966 2018 1078 2080 δοκῶν
1099 2012 1242 2100 ὑπερβε·

233 2118 379 2199 βλῆσθαι
398 2111 516 2178 πάντα.
550 2113 659 2197 οἱμὲν
680 2109 720 2197 δῆ
738 2115 774 2178 ἐκ
794 2119 854 2178 τοῦ
875 2116 1108 2197 δεσμωτηρίου
1132 2110 1174 2178 τά
1191 2137 1242 2178 πε-
1288 2189 1289 2192 ς

233 2211 343 2295 τρῶδη
361 2236 395 2275 τε
411 2212 466 2276 καὶ
482 2211 627 2295 δύσεργα
639 2210 836 2293 έξεπόνουν,
851 2205 872 2294 ῆ
886 2207 1022 2291 στρατιά
1035 2211 1072 2275 δέ
1082 2206 1126 2274 τά
1139 2209 1242 2294 γεῶδη

233 2336 268 2376 τε
283 2312 335 2376 καὶ
352 2313 498 2376 ἐπίπεδα.
526 2313 556 2376 4.
573 2309 719 2395 ἑβδόμην
734 2313 772 2375 δέ
791 2333 858 2374 που
873 2311 928 2375 καὶ
942 2310 1096 2392 πέμπτην
1119 2307 1242 2394 ἡμέραν

233 2406 555 2494 προσεζενγμένων
535 2417 671 2530 ημῶν
640 2435 685 2474 τω
674 2407 817 2494 Ἰσθμῶ
828 2409 949 2494 κατέβη
959 2433 1008 2484 τις
1019 2410 1055 2473 έκ
1065 2415 1242 2490 Κορίνθου
1288 2455 1289 2460 1

169 2540 172 2546 ·
233 2508 331 2590 λόγος
350 2503 444 2573 ούπω
467 2507 576 2592 σοφῆς
601 2505 645 2586 ῶς
666 2505 706 2592 δῆ
731 2513 792 2572 τού
810 2509 969 2587 Νέρωνος
996 2509 1242 2592 μετεγνωκότος
1288 2523 1289 2574 λ

162 2619 214 2676 639
233 2606 294 2691 τῆν
311 2608 425 2692 τομῆν.
454 2612 584 2691 έφασαν
606 2607 641 2673 δέ
656 2603 736 2684 τούς
752 2611 956 2690 Αἰγυπτίους
971 2614 1243 2689 γεωμετρούντας

232 2713 289 2789 τῆς
305 2707 461 2786 εκατέρας
477 2706 643 2790 θαλάττης
658 2702 716 2783 τάς
736 2705 854 2789 φύσεις
870 2703 932 2770 ούκ
947 2707 1117 2782 ίσοπέδοις
1133 2703 1289 2781 αὐταῖς

233 2817 425 2887 συντυχεῖν,
443 2801 516 2870 ἄλλ’
532 2800 775 2888 ὑψηλοτέραν
758 2807 965 2889 ηγονμένους
979 2799 1040 2888 τῆν
1052 2805 1089 2869 έκ
1105 2811 1172 2870 τοῦ
1183 2812 1243 2871 Λε-

232 2908 329 2985 χαίου
343 2903 418 2983 περὶ
433 2908 473 2988 τῆ
486 2908 608 2990 Αἰγίνη
626 2907 826 2970 δεδοικέναι·
853 2902 1020 2986 πελάγους
1037 2898 1105 2984 γάρ
1123 2903 1243 2970 τοσού-

231 3024 294 3064 του
309 2999 400 3088 νῆσφ
415 3003 630 3086 ἐπιχυθέντος
641 2998 706 3068 κάν
720 3001 929 3088 ὑποβρύχιον
940 2997 1175 3084 ἀπενεχθῆναι
1187 2999 1245 3085 τῆν

232 3108 387 3183 Αἴγιναν.
410 3101 554 3181 Νέρωνα
566 3102 602 3168 δὲ
617 3108 674 3185 τῆς
692 3103 753 3186 μὲν
767 3107 828 3166 τοῦ
840 3099 974 3183 Ἰσθμοῦ
989 3105 1092 3184 τομῆς
1109 3098 1193 3168 οὐδ’
1207 3097 1246 3168 ῶν

233 3205 343 3282 Θαλῆς
356 3197 581 3285 μετέστησενὸ
597 3199 790 3285 σοφώτατός
800 3224 835 3265 τε
846 3199 900 3264 καὶ
912 3197 1164 3282 φνσικιότατος·
1188 3208 1246 3268 τοῦ

232 3296 298 3379 γάρ
313 3310 423 3381 τεμεῖν
439 3294 543 3364 αὐτὸν
556 3297 622 3384 ἤρα
637 3305 764 3382 μᾶλλον
778 3291 800 3382 ῆ
815 3302 876 3362 τοῦ
890 3300 1031 3383 δημοσίᾳ
1045 3295 1156 3385 ᾅδειν.
1182 3307 1213 3366 5.
1228 3299 1245 3382 ῆ

233 3401 269 3460 δε
287 3402 355 3460 τῶν
372 3391 554 3475 Ἑσπερίων
570 3399 683 3462 ἐθνῶν
706 3401 834 3478 κίνησις
851 3397 904 3460 καὶ
926 3392 1083 3472 ὀξύτατος
1106 3395 1156 3474 ῶς
1180 3408 1246 3464 τῶν

231 3493 358 3574 ἐκείνης
373 3498 438 3556 νῦν
447 3489 640 3577 ἁπτόμενος,
656 3491 762 3577 ὄνομα
773 3494 809 3558 δὲ
819 3490 908 3579 αὐτῶ
916 3497 1050 3578 Βίνδαξ,
1065 3491 1246 3582 ἀπήγαγεν
