2625 4092
442 309 747 375 ΑΝΑΧΑΡΣΙΣἸ
1056 306 1098 369 59

87 462 175 536 ἀλλά
194 465 243 534 νσά
263 508 305 519 -
325 466 446 555 σχολὴν
467 465 533 553 γάρ
549 464 676 553 ἀγομεν
692 470 747 536 καὶ
762 467 823 554 σύ,
850 467 894 548 ὡς
908 469 990 556 φής,
1013 494 1098 552 προ-

88 571 186 653 θυμῇ
201 561 338 635 ἀκούειν
354 606 397 619 -
410 563 697 651 ἀναδραμούμεθα
714 568 836 654 ῥηιδίως
855 564 938 651 πρὸς
952 565 1014 652 τὴν
1035 563 1098 652 ἀρ-

88 662 152 750 χὴν
166 660 292 731 καὶτὸν
302 660 421 731 κοινὰν
432 660 564 749 ἀγῶνα,
580 659 626 728 δι’
637 659 680 729 ὅν
693 689 778 749 φημι
790 662 899 730 πάντα
908 669 1012 730 ταῦτα
1024 665 1098 730 ἐπι-

89 757 301 846 τηδεύεσθαι.

177 865 312 928 ΑΝΑΧ.
325 857 494 944 Ἄμεινον,
511 848 682 944 ἀΣόλων,
700 856 823 938 οὕτως·
844 857 925 927 καθ’
938 856 1019 927 ὁδδν
1029 857 1096 945 γάρ

89 953 134 1027 ἀν
145 955 225 1044 ἡμῖν
239 954 257 1025 ὁ
276 955 374 1042 λόγος
382 963 511 1042 μᾶλλον
524 960 713 1042 προχωροίη
727 956 782 1023 καί
797 954 870 1043 τίχ’
886 952 930 1024 ἀν
940 965 1020 1037 ίσως
1030 956 1095 1026 ἀπὸ

89 1057 219 1124 τούτων
234 1061 410 1142 πεισθείην
427 1050 506 1140 μηδ’
526 1056 664 1121 ἐκείνων
684 1057 732 1121 έτι
749 1061 951 1139 καταγελᾶν,
975 1064 1009 1123 εί
1019 1081 1094 1122 τινα
1111 1072 1165 1128 89⁶

89 1160 193 1239 ίδοιμι
214 1154 469 1241 σεμνυνόμενον
484 1156 604 1240 κοτίνςο
624 1145 646 1236 ἢ
666 1156 786 1240 σελίνῳ
809 1152 1093 1238 ἐστεφανωμένον.

89 1251 163 1323 ἀλλ’
185 1259 215 1322 εί
228 1256 335 1339 δοκεῖ,
350 1256 383 1331 ἐς
397 1250 433 1321 τό
449 1251 589 1320 σύσκιον
603 1252 709 1317 ἐκεῖσε
724 1246 929 1329 ἀπελθόντες
945 1257 1094 1318 καθίσω·

88 1379 152 1440 μεν
164 1353 217 1421 ἐπί
233 1357 302 1418 τῶν
314 1350 450 1434 θάκων,
474 1347 518 1427 ὡς
531 1346 575 1436 μὴ
595 1352 763 1434 ἐνοχλοῖεν
778 1344 857 1435 ἡμῖν
872 1353 907 1416 οί
918 1351 1095 1434 έπικεκρα-

88 1450 183 1537 γύτες
206 1464 275 1528 τοῖς
295 1455 510 1518 παλαίουσιν·
541 1446 649 1525 ἄλλως
669 1472 705 1513 τε
728 1486 764 1497 -
787 1445 951 1533 είρήσεται
970 1446 1036 1531 γάρ
1052 1486 1095 1497 -

88 1545 168 1615 οὐδὲ
182 1544 243 1614 τὸν
264 1544 360 1633 ἥλιον
381 1551 428 1615 έτι
445 1547 568 1633 ῥηιδίως
584 1542 743 1631 ἀνέχομαι
762 1543 844 1626 ὀξύν
859 1546 914 1613 καὶ
935 1543 1094 1631 φλογώδη

8 1676 9 1681 ’
88 1648 291 1732 ἐμπίπτοντα
311 1652 423 1733 γυμνῇ
444 1654 483 1733 τῇ
497 1650 642 1731 κεφαλῇ·
670 1640 731 1710 τδν
744 1642 809 1728 γάρ
823 1642 922 1712 πῖλόν
936 1668 993 1728 μοι
1009 1638 1095 1726 ἀφε-

87 1752 159 1812 λεῖν
180 1751 320 1810 οίκοθεν
334 1746 463 1828 ἐδοξεν,
486 1740 530 1820 ὡς
548 1742 593 1829 μὴ
610 1740 715 1826 μόνος
729 1745 766 1809 ἐν
783 1739 863 1827 ύμῖν
878 1746 1032 1828 ξενίζοιμι
1048 1750 1096 1832 τῷ

87 1841 237 1928 σχήματι.
258 1836 280 1926 ἡ
297 1840 333 1907 δὲ
349 1838 419 1924 ὥρα
434 1846 497 1907 τοῦ
511 1845 606 1917 έτονς
621 1837 641 1905 ὅ
657 1866 689 1906 τι
705 1863 768 1921 περ
784 1838 820 1906 τὸ
836 1839 1094 1925 πυρωδέστατόν

87 1942 174 2023 ἐστι,
188 1943 250 2004 τοῦ
261 1933 414 2021 ἀστέρος,
430 1933 471 2003 ὃν
484 1934 578 2021 ὑμεῖς
592 1936 680 2003 κύνα
694 1939 793 2021 φατέ,
809 1937 917 2003 πάντα
927 1937 1093 2021 καταφλέ-

87 2060 207 2123 γοντος
216 2038 272 2103 καὶ
284 2032 344 2102 τάν
353 2031 435 2120 ἀέρα
447 2032 548 2120 ξηρὸν
559 2036 613 2101 καί
624 2039 745 2120 διακαῇ
754 2038 914 2117 τιθέντος,
924 2033 945 2101 ὅ
954 2061 989 2101 τε
999 2032 1093 2120 ἥλιος

86 2129 170 2200 κατά
182 2137 390 2218 μεσημβρίαν
401 2129 464 2218 ἤδη
473 2128 556 2215 ὑπὲρ
568 2140 716 2216 κεφαλῆς
724 2133 929 2216 ἐπικείμενος
939 2128 1094 2218 φλογμὸν

87 2236 208 2297 τοῦτον
225 2225 267 2295 ού
287 2226 438 2313 φορητὸν
453 2230 567 2314 ἐπάγει
582 2244 650 2307 τοῖς
669 2230 829 2313 σώμασιν.
859 2228 942 2297 ὥστε
961 2231 1016 2297 καὶ
1029 2234 1094 2296 σοῦ

85 2325 266 2411 θαυμάζω,
284 2323 373 2403 ὅπως
388 2324 526 2411 γηραιὸς
539 2324 602 2413 ἤδη
617 2324 797 2413 ἅνθρωπος
812 2324 889 2393 οὔτε
902 2330 996 2406 ίδίεις
1009 2321 1094 2408 πρὸς

87 2421 124 2491 τό
149 2421 282 2501 θάλπος
303 2420 414 2508 ὥσπερ
437 2422 502 2509 ἐγὼ
526 2423 603 2491 οὔτε
623 2421 710 2502 ὅλως
731 2426 959 2514 ἐνοχλουμένη)
983 2430 1093 2501 ἔοικας

87 2518 167 2588 οάδέ
184 2523 392 2605 περιβλέπεις
413 2519 553 2588 σύσκιόν
570 2547 601 2588 τι
621 2526 707 2587 ἔνθα
721 2518 891 2609 ὑποδύση,
914 2519 998 2588 ἀλλά
1015 2524 1092 2609 δέχη

86 2614 147 2686 τάν
163 2613 261 2702 ἥλιον
275 2612 434 2703 εὐμαρῶς.

173 2721 275 2782 ΣΟΛ.
306 2718 351 2781 OC
368 2714 501 2799 μάταιοι
521 2711 586 2799 γάρ
608 2705 702 2781 οὗτοι
719 2714 834 2800 πόνοι,
856 2708 883 2781 ἀ
904 2712 1092 2801 Ἀνάχαρσι,

87 2814 197 2881 καλαί
215 2825 363 2897 συνεχεῖς
384 2813 421 2878 ἐν
439 2818 485 2901 τῷ
512 2818 606 2899 πηλῷ
629 2812 840 2897 κυβιστήσεις
858 2815 913 2880 καλ
934 2817 970 2881 αλ
991 2808 1092 2879 ὑπαί-

87 2920 181 2993 θριοι
195 2911 233 2976 ἐν
245 2916 287 2997 τῇ
300 2909 425 2999 φάμμφ
438 2916 657 2991 ταλαιπωρίαι
675 2916 773 2975 τοῦτο
787 2906 868 2995 ἡμῖν
886 2907 923 2977 τό
942 2905 1092 2995 ἀμυντή-

87 3035 163 3094 ριον
179 3008 360 3092 παρέχουσι
379 3004 463 3091 πρὸς
481 3004 540 3084 τὰς
561 3014 623 3073 τοῦ
644 3003 741 3091 ἡλίου
761 3005 880 3091 βολίς,
908 3007 963 3074 καὶ
979 3003 1091 3073 ούκέτι

86 3112 188 3175 πίλου
202 3103 360 3189 δεύμεθα,
378 3102 487 3190 ὅςτὴν
501 3101 617 3171 ἀκτῖνα
628 3104 773 3171 κωλύσει
787 3114 1023 3173 καθικνεῖσθαι
1034 3110 1093 3189 τῇς

86 3207 243 3289 κεφαλῆς.
265 3198 415 3288 ἀπίωμεν
429 3198 460 3269 δ’
478 3194 551 3269 ούν.
576 3205 623 3269 17.
641 3206 695 3268 καὶ
708 3198 852 3288 ὅπωςμῇ
863 3199 1019 3285 καθάπερ
1030 3201 1091 3268 νύ·
1108 3216 1161 3273 896

86 3325 162 3386 μοις
176 3301 346 3385 προσέξεις
360 3294 409 3377 οἷς
428 3295 472 3365 ἀν
488 3302 573 3386 λέγω
587 3324 672 3383 προς
686 3302 738 3381 σε’,
762 3297 805 3378 ὡς
822 3303 855 3379 ἐξ
874 3297 1019 3377 ἅπαντος
1033 3321 1091 3366 τι·

87 3396 221 3465 στεύειν
235 3393 365 3481 αὐτοῖς,
385 3394 459 3464 ἀλλ’
477 3403 561 3465 ἔνθα
577 3395 619 3464 ἀν
635 3416 688 3464 σοι
703 3395 747 3482 μὴ
763 3396 876 3480 ὀρθῶς
888 3424 920 3464 τι
933 3400 1090 3482 λέγεσθαι

86 3498 182 3581 δοκῇ,
195 3493 380 3579 ἀντιλέγειν
394 3491 500 3573 εὐθύς
510 3496 565 3563 καὶ
576 3495 773 3562 διευθύνειν
784 3492 844 3561 τὸν
855 3494 972 3587 λόγον·
993 3498 1090 3560 δυοῖν
