2625 4092
229 292 922 356 ΔΗΜΟΣΘΕΝΟΤΣΕΓΚΩΜΙΟΝ.
1017 288 1079 353 377

76 458 111 527 δὲ
126 454 227 525 αύτὸν
241 454 462 542 ὑπερηγάμην
476 462 537 523 τοῦ
551 481 586 522 τε
603 458 818 542 φρονήματος
832 456 887 522 καὶ
902 459 960 540 τῆς
977 452 1078 520 σννί-
1095 471 1148 523 515

75 573 169 639 σεως,
191 552 309 641 άκλινῆ
324 554 386 641 τὴν
410 552 520 641 ψυχὴν
536 550 589 621 ἐπ’
609 550 716 639 ὀρθῆς
739 555 775 622 ἐν
790 549 933 630 άπάσαις
950 550 1080 636 φνλάτ-

76 674 170 721 τοντα
185 660 371 739 τρικυμίαις
391 660 447 739 τῆς
466 651 566 738 τύχης
583 655 636 718 καὶ
653 648 738 736 πρὸς
752 651 858 737 μηδὲν
873 659 942 717 τάν
958 654 1080 716 δεινῶν

77 750 254 819 ἐνδιδόντα.
287 754 341 819 καὶ
363 756 532 819 Φίλιππον
555 752 590 817 δὲ
613 746 676 836 τὴν
697 747 781 836 ἐμὴν
803 748 943 835 γνύμην
964 752 1080 833 ἔχοντα

75 852 147 935 περὶ
157 847 299 934 τάνδρός
309 847 513 935 ἠπιστάμην·
529 849 637 938 τούτῳ
647 850 709 933 μέν
720 874 758 934 γε
769 852 972 934 δημηγορίας
983 840 1080 932 ἐξαγ-

77 954 247 1033 γελθείσης
259 944 450 1033 Ἀθήνησίν
468 970 547 1013 ποτε
561 947 817 1031 καθαπτομίνης
832 951 892 1011 τοῦ
909 951 1079 1012 Φιλίππου

76 1048 128 1113 καί
143 1050 382 1132 Παρμενίωνος
396 1041 665 1132 ἠγανακτηκότος
686 1050 745 1109 καί
760 1068 793 1110 τι
812 1042 867 1110 καὶ
889 1038 1079 1111 σκωπτικὸν

76 1150 120 1221 είς
140 1140 200 1210 τόν
215 1143 443 1228 Δημοσθένην
467 1139 674 1224 ἐπειπόντος,
697 1134 736 1207 Ὦ
757 1147 976 1227 Παρμενίων,
1003 1145 1078 1225 ἔφη,

75 1244 198 1319 δίκαιος
218 1238 475 1326 όΔημοσθίνης
494 1244 681 1324 παρρησίας
699 1238 892 1323 τυγχάνειν·
920 1235 1022 1323 μόνος
1042 1237 1083 1322 γέ

74 1363 125 1406 τοι
139 1344 205 1405 τῶν
219 1340 272 1407 ἐπὶ
288 1344 346 1424 τῆς
354 1333 510 1414 Ἑλλάδος
525 1340 735 1422 δημαγωγῶν
749 1332 900 1421 οὐδαμοῦ
916 1349 984 1413 τοῖς
994 1334 1080 1402 άπα-

73 1444 242 1521 λογισμοίς
262 1437 480 1521 ἐγγέγραπται
503 1440 571 1501 τῶν
592 1436 681 1519 ἐμῦν
701 1430 946 1518 άναλωμάτων,
973 1439 1080 1501 καίτοι

73 1540 199 1619 μᾶλλον
219 1530 414 1619 ἠβουλόμην
433 1528 454 1617 ἢ
481 1540 710 1619 γραμματεῦσι
733 1535 789 1600 καί
812 1544 1081 1618 τριταγωνισταῖς

72 1626 216 1717 ἐμαυτόν
224 1633 487 1700 πεπιστευκέναι.
503 1638 570 1697 νῦν
581 1629 613 1698 δ’
626 1634 764 1698 ἐκείνων
775 1633 837 1716 μὲν
848 1632 984 1709 ἕκαστος
993 1626 1080 1697 άπο-

70 1732 251 1817 γέγραπται
262 1735 402 1816 χρυσίον
414 1729 495 1808 ξύλα
507 1729 633 1813 πόρους
647 1732 823 1815 θρέμματα
839 1736 903 1815 γῆν
917 1726 960 1794 ού
970 1736 1080 1797 Βοιω-

71 1834 143 1905 τίας
157 1824 232 1893 οὐδ’
249 1832 333 1895 ἔνθα
347 1825 435 1914 τιμὴ
452 1826 532 1912 παρ’
548 1830 631 1912 ἐμοῦ
645 1827 813 1914 λαβόντες.
835 1825 929 1914 ἡμεῖς
943 1827 980 1894 δὲ
993 1833 1081 1894 θάτ-

71 1922 131 1992 τον
146 1923 188 1992 άν
202 1932 271 1993 τῶν
281 1932 472 2006 Βυζαντίων
487 1924 523 1994 τό
539 1940 643 2011 τεῖχος
656 1927 790 2011 ἕλοιμεν
804 1941 964 2012 μηχαναῖς
974 1921 995 2012 ἢ
1005 1935 1080 2010 Λη-

70 2024 243 2109 μοσθένην
255 2033 389 2114 χρυσίῳ.
412 2027 463 2095 34.
482 2022 544 2111 ἐγά
559 2028 605 2109 δι’,
621 2018 871 2109 όΠαρμενίων,
887 2029 961 2111 ἔφη,
978 2030 1007 2091 εί
1016 2027 1078 2111 μίν
1098 2040 1148 2095 516

72 2146 119 2197 τις
138 2117 315 2205 Ἀθηναίας
337 2116 384 2189 όν
405 2124 442 2190 ἐν
461 2120 618 2209 Ἀθήναις
639 2124 749 2205 λέγων
768 2122 825 2207 ἐμὲ
846 2128 903 2206 τῆς
924 2124 1081 2206 πατρίδος

69 2226 233 2309 προτιμᾷ,
255 2219 385 2299 τούτοις
401 2218 564 2307 ἀργύριον
578 2220 640 2307 μὲν
660 2223 811 2305 προέμην
831 2217 891 2305 άν,
914 2226 1031 2306 φιλίαν
1046 2215 1078 2285 δ’

70 2316 134 2387 ούκ
153 2318 212 2387 άν·
247 2326 277 2388 εί
291 2323 331 2388 δί
347 2348 396 2400 τις
417 2318 502 2406 ὑπὲρ
517 2327 575 2408 τῆς
597 2322 755 2402 πατρίδος
775 2320 832 2404 ἐμὲ
853 2333 956 2405 μισεῖ,
973 2319 1081 2407 τούτῳ

68 2426 293 2504 προοπολεμω
314 2422 376 2505 μὲν
399 2417 443 2498 ὡς
466 2417 647 2503 ἀκροπόλει
666 2418 721 2483 καὶ
741 2424 837 2502 τείχει
858 2420 913 2485 καί
929 2424 1081 2500 νεωρίοις

67 2521 124 2586 καί
139 2519 274 2609 τάφρῳ,
288 2517 450 2605 θαυμάζω
464 2520 501 2585 δὲ
515 2524 574 2605 τῆς
586 2515 703 2602 άρετῆς
717 2518 772 2584 καὶ
786 2522 954 2602 μακαρίζω
967 2542 1006 2602 γε
1019 2524 1081 2581 τοῦ

67 2615 234 2703 κτήματος
247 2617 309 2702 τὴν
328 2617 437 2684 πόλιν.
461 2618 515 2683 καὶ
532 2613 611 2691 τούς
626 2617 688 2700 μὲν
705 2621 768 2694 ἔξω
784 2620 842 2699 τῆς
857 2621 966 2699 χρείας
981 2613 1081 2698 γενό-

66 2739 171 2800 μενος
186 2712 291 2800 ἥδιστ’
315 2710 360 2781 άν
382 2716 682 2800 προσαπολέσαιμι,
704 2709 765 2778 τόν
780 2713 816 2779 δὲ
836 2719 1021 2797 βουλοίμην
1036 2707 1080 2776 άν

66 2817 236 2883 ἐνταυθοῖ
247 2811 328 2897 παρ’
342 2812 423 2900 ἡμῖν
439 2827 550 2898 τυχεῖν
563 2814 749 2897 γενόμενον
764 2818 892 2895 μᾶλλον
906 2806 928 2895 ἢ
945 2807 1007 2894 τὴν
1019 2805 1079 2874 Ἰλ-

65 2919 198 2995 λυριῶν
212 2915 317 2980 ἵππον
331 2914 385 2981 καί
404 2918 599 2998 Τριβαλλῶν
614 2912 670 2979 καὶ
683 2916 753 2977 πᾶν
768 2906 804 2975 τό
819 2908 1079 2994 μισθοφορικόν,

64 3016 126 3095 τῆς
143 3008 259 3078 ὅπλων
271 3018 345 3098 βίας
358 3008 421 3097 τὴν
434 3017 495 3077 τοῦ
509 3010 614 3095 λόγου
633 3007 741 3077 πειθώ
755 3009 810 3075 καὶ
824 3003 861 3073 τό
876 3013 934 3092 της
947 3005 1082 3092 γνάμης

64 3111 229 3194 ἐμβριθὲς
242 3109 372 3196 ούδαμῆ
383 3111 488 3186 τιθεὶς
503 3108 668 3190 δεύτερον.
693 3112 744 3175 35.
761 3103 843 3191 πρὸς
857 3112 1080 3190 Παρμενίωνα

63 3205 131 3290 μὲν
143 3214 257 3275 ταῦτα.
279 3208 452 3284 τοιούτους
465 3208 504 3273 δέ
511 3233 603 3283 τινας
613 3207 668 3276 καὶ
677 3204 824 3292 πρόςέμὲ
834 3203 955 3290 λόγους
966 3201 1080 3288 ἐποιή-

63 3327 166 3371 σατο·
191 3312 258 3373 τῶν
273 3302 338 3391 γάρ
353 3302 435 3392 μετά
450 3311 658 3383 Διοπείθους
666 3301 860 3391 Ἀθήνηθεν
875 3300 1079 3387 ἀπεσταλμέ-

64 3428 150 3488 νων,
169 3402 234 3489 ὲγώ
246 3402 309 3489 μὲν
324 3400 412 3489 είχον
427 3399 483 3470 διδ
496 3406 684 3485 φροντίδος,
703 3399 721 3470 ὁ
737 3399 769 3468 δ’
788 3394 827 3468 εύ
837 3400 926 3487 μάλα
938 3399 1081 3485 γελάσας

61 3506 146 3583 ἔφη’
179 3498 234 3569 Σύ
249 3498 280 3567 δ’
304 3497 442 3569 άστικδν
463 3497 648 3585 στρατηγόν
665 3494 687 3585 ἢ
703 3500 908 3584 στρατιώτην
930 3502 1081 3572 δέδοικας
