2625 4092
361 293 483 385 ΠΕΡΙ
502 294 802 356 ΠΑΡΑΣΙΤΟΤ.
1044 296 1085 359 47

76 444 185 530 οὗτος.
209 454 281 521 ἐπεὶἸ
293 458 341 529 τίς
352 453 388 518 έν
403 460 589 542 παλαίστρᾳ
601 454 788 540 φιλόσοφος
801 452 822 542 ή
834 456 943 545 ῥήτωρ
958 454 1087 536 ἀποδάς

76 550 168 631 ἄξιος
184 556 410 636 συγκριθῆναι
425 558 612 635 παρασίτου
627 558 673 642 τῷ
684 554 830 637 σόματι;
850 551 872 641 ἢ
887 562 935 632 τίς
950 557 987 622 ἐν
998 580 1087 641 μυμ-

76 656 180 740 νασίῳ
200 650 330 716 τούτων
344 644 465 732 ὀφθεὶς
485 645 548 716 οὐκ
570 648 712 734 αἰσχύνη
733 657 861 735 μᾶλλον
876 660 938 720 τοῦ
960 663 1086 737 χωρίου

75 752 146 815 ἐστί
149 775 160 829 3
181 749 235 814 καὶ
252 743 321 832 μήν
334 751 371 815 έν
386 749 504 836 ἐρημίᾳ
519 747 650 814 τούτων
664 745 773 827 οὐδεὶς
784 744 829 817 ἀν
843 748 1007 838 ὑποσταίη
1019 760 1087 837 θη-

76 852 151 927 ρίον
170 842 274 930 ὁμόσε
290 846 361 929 ίόν,
389 842 407 911 ὁ
428 843 465 913 δὲ
485 843 668 928 παράσιτος
681 842 766 912 αάτά
785 872 821 913 τε
836 848 973 916 ἐπιόντα
993 850 1085 934 μένει

75 945 130 1010 καὶ
147 947 274 1029 δέχεται
288 946 411 1032 ῥᾳδίως
427 940 656 1028 μεμελετηκώς
673 939 786 1010 αὐτῶν
801 947 838 1012 ἐν
854 960 923 1023 τοῖς
939 950 1087 1024 δείπνοις

75 1055 318 1126 καταφρονεῖν,
335 1043 390 1110 καὶ
404 1039 482 1107 οὔτε
497 1046 619 1125 ἔλαφος
630 1038 709 1108 οὔτε
720 1050 781 1121 σῦς
795 1040 901 1111 αάτδν
911 1045 1083 1129 ἐκπλήττει

74 1138 262 1223 πεφρικώς,
284 1136 368 1205 ἀλλά
383 1133 448 1205 κάν
464 1137 517 1206 ἐπ’
534 1136 672 1206 αάτὸνὸ
690 1146 752 1217 σῦς
765 1137 827 1207 τὸν
841 1138 964 1210 ὀδόντα
980 1142 1083 1229 θήρη,

74 1241 129 1307 καὶ
146 1235 164 1305 ὁ
184 1238 366 1319 παράσιτος
386 1240 438 1305 ἐπὶ
459 1236 520 1305 τόν
541 1246 607 1305 σῦν
622 1236 808 1325 ἀντιθήγει.
841 1238 922 1320 τούς
935 1242 998 1327 μὲν
1017 1239 1084 1327 γάρ

74 1337 185 1423 λαγώς
199 1338 312 1405 διώκει
326 1346 454 1424 μᾶλλον
464 1344 531 1404 τῶν
546 1344 670 1405 κυνῶν.
693 1341 729 1405 ἐν
744 1342 780 1406 δὲ
792 1336 833 1425 δή
848 1347 1023 1429 συμποσίῳ
1036 1346 1084 1417 τίς

73 1433 119 1503 ἀν
134 1440 189 1504 καὶ
208 1435 424 1522 ἁμιλλήσαιτο
442 1444 612 1525 παρασίτῳ
627 1434 700 1520 ήτοι
715 1443 864 1519 παίζοντι
878 1434 901 1523 ή
918 1442 1085 1519 ἐσθίοντι;

73 1543 122 1615 τίς
133 1534 165 1603 δ’
179 1531 223 1602 ἀν
234 1542 363 1621 μᾶλλον
373 1534 542 1621 εὐφράναι
552 1532 632 1611 τούς
645 1536 833 1619 συμπότας;
850 1538 993 1621 πότερόν
1003 1562 1083 1608 ποτε
1101 1554 1155 1610 876

74 1628 174 1711 οὗτος
187 1632 280 1722 ᾅδων
290 1635 345 1702 καὶ
357 1636 530 1709 σκάπτων,
545 1629 566 1717 ή
579 1632 762 1716 ἄνθρωπος
773 1633 818 1720 μή
829 1644 949 1721 γελῶν,
965 1641 1002 1704 ἐν
1012 1661 1084 1720 τρι-

73 1736 187 1820 βωνίῳ
209 1737 375 1816 κείμενος,
401 1738 446 1809 είς
463 1730 525 1817 τήν
540 1740 606 1816 γῆν
621 1729 728 1817 ὁρῶν,
755 1732 866 1815 ὥσπερ
888 1737 941 1802 ἐπὶ
957 1738 1084 1813 πένθος

72 1827 148 1915 οὐχὶ
163 1835 209 1907 είς
220 1827 410 1915 συμπόσιον
423 1828 533 1915 ήκων;
548 1831 603 1898 καὶ
617 1836 729 1915 ἔμοιγε
744 1834 845 1915 δοκεῖ,
861 1835 899 1898 ἐν
909 1839 1084 1923 συμποσίῳ

73 1928 262 2013 φιλόσοφος
275 1927 430 1995 τοιοῦτόν
444 1931 535 1996 ἐστιν
551 1924 625 1995 οἷον
640 1931 678 1995 έν
694 1938 859 2021 βαλανείῳ
873 1931 976 1999 κύων.

160 2032 210 2094 52.
231 2029 317 2109 Φέρε
336 2024 376 2111 δή
397 2033 500 2094 ταῦτα
515 2022 655 2112 ἀφέντες
670 2025 722 2093 ἐπ’
744 2025 848 2095 αὐτὸν
862 2027 926 2116 ήδη
942 2035 1083 2115 βαδίζω-

71 2152 137 2212 μεν
153 2123 215 2193 τὸν
230 2131 307 2211 βίον
323 2132 384 2192 τοῦ
398 2131 584 2207 παρασίτου
599 2133 803 2206 σκοποῦντες
819 2125 888 2212 ἅμα
905 2132 960 2197 καὶ
975 2154 1084 2212 παρα-

72 2225 254 2312 βάλλοντες
273 2226 398 2312 έκείνῳ.
428 2230 563 2305 πρῶτον
580 2230 699 2291 τοίνυν
720 2228 787 2292 ίδοι
807 2252 857 2305 τις
877 2222 921 2293 ἀν
938 2225 1000 2293 τόν
1021 2229 1084 2313 μὲν

72 2322 259 2403 παράσιτον
269 2317 321 2388 ἀεὶ
336 2322 435 2405 δόξης
447 2330 727 2406 καταφρονοῦντα
741 2325 796 2391 καὶ
807 2320 908 2391 οὐδὲν
922 2322 1013 2414 αὐτῳ
1024 2327 1086 2410 μέ-

71 2428 136 2488 λον
150 2410 199 2486 ὦν
214 2421 249 2486 ol
258 2417 436 2502 ἅνθρωποι
450 2428 578 2487 οίονται
592 2424 668 2506 περὶ
682 2418 804 2507 αὐτοῦ,
820 2422 963 2510 ῥήτορας
977 2425 1013 2490 δέ
1028 2424 1083 2491 καὶ

72 2516 284 2603 φιλοσόφους
296 2515 388 2602 εὕροι
404 2544 453 2597 τις
467 2513 512 2585 ἀν
522 2514 566 2585 οά
579 2520 690 2604 τινάς,
705 2517 790 2588 ἀλλά
803 2522 931 2598 πάντας
942 2518 1008 2587 ἀπὸ
1022 2520 1083 2587 τά·

71 2641 144 2701 φον
159 2618 214 2683 καὶ
229 2616 326 2701 δόξης
341 2620 530 2703 τριβέντας,
549 2619 604 2683 καὶ
621 2613 663 2683 οὐ
677 2617 775 2701 δόξης
788 2617 911 2703 μόνον,
930 2614 1014 2685 ἀλλά
1027 2619 1082 2686 καὶ

70 2712 92 2781 δ
105 2713 231 2781 τούτου
246 2714 376 2798 αίσχιόν
390 2715 495 2797 ἐστιν,
511 2712 572 2780 ὑπ’
590 2711 765 2799 ἀργυρίου.
787 2717 841 2782 καὶ
858 2712 876 2781 ὁ
893 2716 956 2800 μέν
972 2715 1082 2798 παρά-

69 2832 164 2891 σιτος
175 2808 282 2889 οὕτως
293 2817 358 2897 ἔχει
371 2808 456 2895 πρός
466 2808 632 2898 ἀργύριον
647 2809 692 2889 ὡς
706 2809 769 2879 οὐκ
783 2810 829 2879 ἀν
843 2838 891 2890 τις
906 2810 985 2879 οὐδὲ
998 2808 1082 2895 πρός

69 2910 130 2989 τάς
152 2911 277 2986 ἐντοῖς
297 2915 628 2994 αίμιαλοῐς·υηφι”δας
649 2906 778 2995 ἀμελῶς
797 2915 881 2995 ἔχοι,
907 2910 963 2977 καὶ
981 2908 1082 2978 οὐδὲν

68 3006 163 3094 αὐτῷ
179 3010 274 3074 δοκεῖ
291 3010 464 3093 διαφέρειν
478 3004 515 3075 τὸ
536 3012 678 3094 χρυσίον
689 3015 751 3074 τοῦ
764 3008 888 3092 πυρός·
911 3011 946 3076 οἵ
957 3035 995 3095 γε
1012 3005 1080 3095 μήν

68 3106 221 3194 ῥήτορες,
232 3106 286 3172 καὶ
297 3100 517 3189 δδεινότερόν
527 3110 606 3190 ἐστι,
617 3108 672 3173 καὶ
681 3109 715 3173 οι*
721 3113 921 3191 φιλοσοφελν
932 3108 1081 3193 φάσκον·

67 3230 123 3283 τες
134 3201 220 3286 πρὸς
231 3200 316 3270 αὐτά
328 3202 434 3281 οὕτως
445 3205 630 3273 διάκεινται
640 3204 902 3289 κακοδαιμόνως,
918 3202 1002 3272 ὥστε
1012 3210 1081 3270 τοῖν

67 3304 214 3387 μάλιστα
228 3309 295 3369 νῦν
309 3299 579 3388 εὐδοκιμούντων
594 3301 794 3387 φιλοσόφων
806 3340 843 3353 -
857 3304 932 3384 περὶ
943 3302 1006 3387 μὲν
1015 3302 1080 3386 γάρ

66 3409 138 3471 τῶν
154 3400 310 3489 ρητόρων
324 3408 358 3470 τί
371 3406 425 3471 δεῖ
434 3407 561 3488 λέγειν;
576 3442 619 3453 -
634 3398 653 3469 ὁ
668 3401 731 3487 μὲν
745 3402 888 3482 δικάζων
902 3406 1000 3488 δίκην
1012 3401 1080 3469 δά-

67 3529 142 3587 ροις
157 3498 211 3568 ἐπ’
224 3497 309 3589 αὐτῇ
321 3499 424 3587 ἑάλω,
441 3499 507 3571 όδὲ
521 3497 612 3586 παρά
623 3502 785 3587 βασιλέως
798 3498 883 3585 ὑπὲρ
893 3506 955 3568 τοῦ
966 3512 1080 3567 συνεί·
1096 3512 1152 3570 βπ
