2625 4092
215 337 278 401 258
571 341 877 400 AOYKIANOY
977 373 980 378 »

300 509 430 570 ΔΡΟΣ.
461 493 582 587 Εὖγε,
608 501 810 581 συστράτευε
828 501 951 586 μόνον,
975 495 1224 588 ῦΧελιδόνιου,

217 599 298 666 κατὰ
311 607 372 667 τοῦ
386 599 544 681 ἀλαζόνος
555 596 807 682 Ἀρισταινέτου

700 871 748 932 11.

387 985 636 1037 Τννολιαλ
671 985 754 1036 κει
783 983 1056 1036 ΧΑΡΜιΔΗΣ.

303 1123 330 1184 l.
348 1122 470 1183 ΤΡΓΦ.
484 1113 638 1199 Ἑταίραν
650 1120 689 1181 δέ
697 1142 746 1194 τις
755 1113 960 1202 παραλαβτδν
971 1121 1068 1182 πέντε
1080 1113 1226 1200 δραχμὰς

217 1212 253 1284 τό
275 1224 433 1299 μίσθωμα
454 1210 534 1291 δοῦς
559 1212 720 1280 καθεύδει
747 1211 970 1298 ἀποστραφεὶς
990 1216 1150 1296 δακρύων
1172 1213 1227 1279 καὶ

218 1319 362 1393 στένωνς
385 1309 458 1381 ἀλλ’
475 1310 552 1378 οῦτε
567 1313 722 1388 πέπωκας
735 1308 857 1398 ἡδέως,
873 1311 980 1398 οἶμαι,
999 1311 1076 1380 οὔτε
1089 1317 1226 1395 δειπνῆ-

218 1437 272 1481 σαι
294 1413 396 1499 μόνος
415 1409 600 1498 ἠθέλησας·
628 1417 742 1490 έκλαες
755 1408 820 1497 γάρ
840 1415 895 1479 καὶ
915 1411 1004 1496 παρὰ
1026 1410 1062 1478 τδ
1079 1417 1226 1497 δεῖπνον,

219 1515 335 1595 ἑτέρων
348 1512 429 1598 γάρ·
450 1514 505 1580 καὶ
520 1520 586 1579 νῦν
603 1511 637 1580 δέ
652 1509 694 1579 οῦ
710 1515 919 1590 διαλέλοιπας
935 1509 1149 1592 ἀνολολύζων
1164 1511 1228 1590 ω”ς-

218 1636 280 1691 περ
295 1611 428 1696 βρέφος.
453 1618 556 1678 ταῦτα
569 1604 649 1695 οῦν,
667 1603 695 1676 ὦ
709 1614 879 1695 Χαρμίδη,
895 1619 984 1689 τίνος
995 1613 1094 1678 ἕνεκα
1104 1625 1227 1690 ποιεῑς;

218 1705 262 1794 μὴ
277 1705 458 1796 ἀποκρύψῃ
472 1735 529 1794 με,
546 1707 589 1788 ὡς
600 1704 644 1776 ἀν
658 1710 820 1776 καὶτοῦτο
838 1707 1019 1776 ἀπολαύσω
1033 1717 1092 1795 τῆς
1105 1706 1227 1785 νυκτὸς

218 1804 461 1891 ἀγρυπνήσασα
478 1805 559 1892 μετὰ
576 1816 648 1876 σοῦ.

303 1911 439 1972 ΧΑΡΜ.
464 1903 569 1989 Ἥρως
592 1933 632 1990 με
653 1905 860 1991 ἀπόλλυσιν,
894 1899 921 1973 ὦ
950 1899 1145 1989 Τρύφαινα,
1172 1908 1227 1973 καὶ

219 1998 329 2068 οὐκέτ’
345 1999 469 2087 ἀντέχω
483 2000 567 2084 πρὸς
581 2000 617 2070 τδ
635 2004 758 2072 δεινόν.

306 2105 430 2166 ΤΡΥΦ.
450 2097 537 2167 Ἀλλ’
551 2099 675 2187 ὅτιμὲν
688 2098 750 2170 οῦκ
762 2106 844 2187 ἐμοῦ
856 2105 950 2190 ἐρᾷς,
965 2107 1085 2187 δῆλον·
1108 2099 1150 2169 οῦ
1161 2101 1226 2188 γὰρ

219 2193 262 2265 ἀν
273 2203 357 2284 ἔχων
368 2223 409 2283 με
420 2195 549 2283 ἠμέλεις
564 2202 618 2266 καὶ
633 2198 777 2268 ἀπωθοῦ
788 2203 1046 2285 περιπλέκεσθαι
1057 2201 1229 2267 θέλουσαν
1303 2226 1304 2267 3

219 2297 273 2365 καὶ
290 2300 382 2374 τέλος
399 2301 577 2383 διετείχιζες
600 2295 637 2366 τδ
660 2301 782 2385 μεταξύ
800 2297 896 2384 ἡμῶν
909 2305 956 2387 τῷ
978 2301 1095 2387 ίματίῳ
1110 2294 1229 2373 δεδιως
1303 2296 1304 2367 ᾗ

218 2393 262 2482 μὴ
279 2395 446 2480 ψαύσαιμί
460 2414 531 2462 σον.
561 2403 609 2474 τίς
624 2399 661 2464 δὲ
678 2395 768 2483 ὅμως
782 2399 890 2481 ἐκείνη
905 2400 1010 2475 ἐστίν,
1032 2396 1118 2464 εἰπέ·
1146 2396 1228 2479 τύχα
1303 2464 1304 2467 ,

148 2499 200 2556 809
219 2490 283 2576 γάρ
299 2491 383 2560 ἀντι
399 2495 451 2560 καὶ
469 2498 699 2580 συντελέσαιμι
711 2494 793 2575 πρδς
808 2494 867 2562 τὸν
881 2501 1002 2576 ἐρωτα,
1018 2490 1092 2560 οἶδα
1106 2491 1172 2578 γὰρ
1185 2491 1231 2571 ὡς
1303 2518 1304 2577 ss

218 2589 279 2676 χρὴ
294 2589 333 2656 τοὶ
349 2599 485 2658 τοιαῦτα
502 2596 741 2661 διακονεῖσθαι.

169 2681 171 2688 ⁴
303 2697 441 2759 XAPM.
471 2694 536 2758 Καὶ
556 2689 624 2777 μὴν
644 2691 744 2759 οἶσθα
766 2694 820 2758 καὶ
842 2693 932 2758 πάνυ
954 2688 1099 2776 ἀκριβῶς
1121 2687 1230 2775 αὐτὴν

220 2784 355 2872 κάκείνη
371 2791 422 2855 σέ·
446 2785 487 2855 ού
499 2786 563 2874 γὰρ
579 2787 711 2876 ἀφανὴς
727 2791 837 2871 ἑταίρα
853 2793 949 2857 ἐστίν.

304 2893 333 2954 2.
354 2893 477 2954 ΤΡΥΦ.
500 2889 583 2955 Εἰπὲ
598 2886 764 2973 τοῦνομα,
780 2880 808 2954 οἷ
823 2893 982 2971 Χαρμίδη,

304 2992 440 3053 ΧΑΡΜ.
465 2987 687 3072 Φιλημάτιον,
705 2978 732 3051 ὦ
748 2986 933 3070 Τρύφαινα.

307 3089 430 3149 Tm
449 3081 628 3165 Ὁποτέραν
639 3086 760 3170 λέγειςς
777 3085 839 3150 δύο
849 3085 914 3170 γάρ
930 3089 1004 3150 εἰσι·
1027 3081 1090 3167 την
1101 3083 1138 3148 ἐκ
1147 3088 1231 3148 Πει-
1302 3084 1303 3141 λ

220 3187 336 3263 ραιως,
359 3174 425 3267 τὴν
442 3179 516 3264 ἀρτι
537 3187 854 3269 διακεκορευμένην,
878 3175 917 3268 ἧς
935 3184 993 3269 ἐρᾷ
1010 3179 1194 3266 Δάμυλλος
1212 3176 1230 3246 δ

220 3286 280 3343 τοῦ
296 3284 360 3345 νῦν
375 3289 639 3365 στρατηγοῦντος
658 3279 748 3366 υἱός,
768 3275 790 3366 ἢ
808 3277 869 3365 τὴν
887 3282 1018 3363 ἑτέραν,
1039 3274 1084 3364 ἣν
1097 3282 1230 3364 Παγίδα

220 3377 456 3456 ἐπικαλοῦσιν;

303 3479 440 3540 ΧΑΡΜ.
468 3471 632 3560 Ἐκείνην,
659 3477 714 3543 καὶ
739 3474 869 3543 ἐάλωκα
893 3473 911 3542 ὁ
937 3479 1153 3559 κακοδαίμων
1173 3478 1228 3543 καὶ
1301 3460 1302 3473 ¹

221 3577 440 3654 συνείλημμαι
457 3567 539 3652 πρὸς
554 3569 664 3654 αὐτῆς.
