<?xml version="1.0" encoding="UTF-8"?>
<!DOCTYPE html PUBLIC "-//W3C//DTD XHTML 1.0 Transitional//EN"
    "http://www.w3.org/TR/xhtml1/DTD/xhtml1-transitional.dtd">
<html xmlns="http://www.w3.org/1999/xhtml" xml:lang="en" lang="en">
 <head>
  <title>
</title>
<meta http-equiv="Content-Type" content="text/html;charset=utf-8" />
  <meta name='ocr-system' content='tesseract 3.04.00' />
  <meta name='ocr-capabilities' content='ocr_page ocr_carea ocr_par ocr_line ocrx_word'/>
</head>
<body>
  <div class='ocr_page' id='page_1' title='image "./lucianisamosate04jacogoog/lucianisamosate04jacogoog_0204.png"; bbox 0 0 2625 4092; ppageno 0'>
   <div class='ocr_carea' id='block_1_1' title="bbox 246 283 904 345">
    <p class='ocr_par' dir='ltr' id='par_1_1' title="bbox 246 283 904 345">
     <span class='ocr_line' id='line_1_1' title="bbox 246 283 904 345; baseline -0.002 -1"><span class='ocrx_word' id='word_1_1' title='bbox 246 283 306 344; x_wconf 74' lang='lat'><strong><em>148</em></strong></span> <span class='ocrx_word' id='word_1_2' title='bbox 603 285 904 345; x_wconf 79' lang='lat' dir='ltr'><em>AOYKIANOY</em></span> 
     </span>
    </p>
   </div>
   <div class='ocr_carea' id='block_1_2' title="bbox 129 440 1303 3578">
    <p class='ocr_par' dir='ltr' id='par_1_2' title="bbox 199 440 1259 1122">
     <span class='ocr_line' id='line_1_2' title="bbox 199 440 1257 535; baseline 0.002 -23"><span class='ocrx_word' id='word_1_3' title='bbox 199 509 202 512; x_wconf 81' lang='grc'><strong><em>,</em></strong></span> <span class='ocrx_word' id='word_1_4' title='bbox 244 468 296 527; x_wconf 80' lang='grc' dir='ltr'><strong><em>γε·</em></strong></span> <span class='ocrx_word' id='word_1_5' title='bbox 320 440 403 527; x_wconf 88' lang='grc' dir='ltr'><strong><em>εἶτα,</em></strong></span> <span class='ocrx_word' id='word_1_6' title='bbox 422 441 466 522; x_wconf 79' lang='grc' dir='ltr'><strong><em>ὡς</em></strong></span> <span class='ocrx_word' id='word_1_7' title='bbox 482 451 574 529; x_wconf 80' lang='grc' dir='ltr'><strong><em>φιλεῖ</em></strong></span> <span class='ocrx_word' id='word_1_8' title='bbox 587 442 627 511; x_wconf 80' lang='grc' dir='ltr'><strong><em>τά</em></strong></span> <span class='ocrx_word' id='word_1_9' title='bbox 641 451 778 512; x_wconf 88' lang='grc' dir='ltr'><strong><em>τοιαῦτα</em></strong></span> <span class='ocrx_word' id='word_1_10' title='bbox 793 447 831 511; x_wconf 86' lang='grc' dir='ltr'><strong><em>ἐν</em></strong></span> <span class='ocrx_word' id='word_1_11' title='bbox 845 449 1006 535; x_wconf 73' lang='grc' dir='ltr'><strong><em>ξυνουσίᾳ</em></strong></span> <span class='ocrx_word' id='word_1_12' title='bbox 1021 461 1213 532; x_wconf 77' lang='grc' dir='ltr'><strong><em>προχωρεῖν</em></strong></span> <span class='ocrx_word' id='word_1_13' title='bbox 1223 457 1257 525; x_wconf 85' lang='grc' dir='ltr'><strong><em>ἐς</em></strong></span> 
     </span>
     <span class='ocr_line' id='line_1_3' title="bbox 244 540 1258 634; baseline 0.001 -25"><span class='ocrx_word' id='word_1_14' title='bbox 244 549 348 628; x_wconf 86' lang='grc' dir='ltr'><strong><em>μηκος</em></strong></span> <span class='ocrx_word' id='word_1_15' title='bbox 363 544 488 629; x_wconf 81' lang='grc' dir='ltr'><strong><em>λόγων,</em></strong></span> <span class='ocrx_word' id='word_1_16' title='bbox 505 540 522 610; x_wconf 86' lang='grc' dir='ltr'>ὁ</span> <span class='ocrx_word' id='word_1_17' title='bbox 541 545 603 628; x_wconf 77' lang='grc' dir='ltr'><strong><em>μὲν</em></strong></span> <span class='ocrx_word' id='word_1_18' title='bbox 619 547 752 611; x_wconf 80' lang='grc' dir='ltr'><strong><em>ἐπαινοῖ</em></strong></span> <span class='ocrx_word' id='word_1_19' title='bbox 763 571 793 610; x_wconf 91' lang='grc' dir='ltr'><strong><em>τι</em></strong></span> <span class='ocrx_word' id='word_1_20' title='bbox 807 540 828 629; x_wconf 86' lang='grc' dir='ltr'><strong><em>ή</em></strong></span> <span class='ocrx_word' id='word_1_21' title='bbox 844 548 974 634; x_wconf 75' lang='grc' dir='ltr'><strong><em>αἰτιῷτο</em></strong></span> <span class='ocrx_word' id='word_1_22' title='bbox 989 549 1057 611; x_wconf 80' lang='grc' dir='ltr'><strong><em>τῶν</em></strong></span> <span class='ocrx_word' id='word_1_23' title='bbox 1068 546 1258 629; x_wconf 76' lang='grc' dir='ltr'><strong><em>ἐγγεγραμ-</em></strong></span> 
     </span>
     <span class='ocr_line' id='line_1_4' title="bbox 244 640 1257 732; baseline 0.001 -22"><span class='ocrx_word' id='word_1_24' title='bbox 244 645 371 729; x_wconf 86' lang='grc' dir='ltr'><strong><em>μένων,</em></strong></span> <span class='ocrx_word' id='word_1_25' title='bbox 389 642 432 710; x_wconf 85' lang='grc' dir='ltr'><strong><em>σύ</em></strong></span> <span class='ocrx_word' id='word_1_26' title='bbox 447 645 482 710; x_wconf 74' lang='grc' dir='ltr'><strong><em>δὲ</em></strong></span> <span class='ocrx_word' id='word_1_27' title='bbox 494 641 654 727; x_wconf 78' lang='grc' dir='ltr'><strong><em>ἀποροίης</em></strong></span> <span class='ocrx_word' id='word_1_28' title='bbox 670 645 725 711; x_wconf 82' lang='grc' dir='ltr'><strong><em>καὶ</em></strong></span> <span class='ocrx_word' id='word_1_29' title='bbox 738 643 843 729; x_wconf 76' lang='grc' dir='ltr'><strong><em>μηδὲν</em></strong></span> <span class='ocrx_word' id='word_1_30' title='bbox 857 649 942 728; x_wconf 82' lang='grc' dir='ltr'><strong><em>ἔχοις</em></strong></span> <span class='ocrx_word' id='word_1_31' title='bbox 957 649 1079 728; x_wconf 80' lang='grc' dir='ltr'><strong><em>εἰπεῖν,</em></strong></span> <span class='ocrx_word' id='word_1_32' title='bbox 1094 640 1158 711; x_wconf 90' lang='grc' dir='ltr'><strong><em>ούκ</em></strong></span> <span class='ocrx_word' id='word_1_33' title='bbox 1176 643 1257 732; x_wconf 84' lang='grc' dir='ltr'><strong><em>εῦξη</em></strong></span> 
     </span>
     <span class='ocr_line' id='line_1_5' title="bbox 244 738 1259 828; baseline 0.001 -21"><span class='ocrx_word' id='word_1_34' title='bbox 244 741 316 808; x_wconf 87' lang='grc' dir='ltr'><strong><em>τότε</em></strong></span> <span class='ocrx_word' id='word_1_35' title='bbox 330 755 444 826; x_wconf 70' lang='grc' dir='ltr'><strong><em>χανεῖν</em></strong></span> <span class='ocrx_word' id='word_1_36' title='bbox 455 761 508 808; x_wconf 91' lang='grc' dir='ltr'><strong><em>σοι</em></strong></span> <span class='ocrx_word' id='word_1_37' title='bbox 519 739 581 828; x_wconf 86' lang='grc' dir='ltr'><strong><em>τήν</em></strong></span> <span class='ocrx_word' id='word_1_38' title='bbox 596 749 678 827; x_wconf 80' lang='grc' dir='ltr'><strong><em>γῆν,</em></strong></span> <span class='ocrx_word' id='word_1_39' title='bbox 695 739 777 808; x_wconf 76' lang='grc' dir='ltr'><strong><em>κατὰ</em></strong></span> <span class='ocrx_word' id='word_1_40' title='bbox 794 747 938 808; x_wconf 83' lang='grc' dir='ltr'><strong><em>σεαυτοῦ</em></strong></span> <span class='ocrx_word' id='word_1_41' title='bbox 949 738 967 806; x_wconf 88' lang='grc' dir='ltr'><strong><em>ὁ</em></strong></span> <span class='ocrx_word' id='word_1_42' title='bbox 980 741 1259 826; x_wconf 74' lang='grc' dir='ltr'><strong><em>Βελλεροφόντης</em></strong></span> 
     </span>
     <span class='ocr_line' id='line_1_6' title="bbox 244 834 1257 925; baseline -0.002 -19"><span class='ocrx_word' id='word_1_43' title='bbox 244 841 435 923; x_wconf 84' lang='grc' dir='ltr'><strong><em>περιφέρων</em></strong></span> <span class='ocrx_word' id='word_1_44' title='bbox 445 836 482 905; x_wconf 83' lang='grc' dir='ltr'><strong><em>τὸ</em></strong></span> <span class='ocrx_word' id='word_1_45' title='bbox 495 846 644 925; x_wconf 75' lang='grc' dir='ltr'><strong><em>βιβλίονς</em></strong></span> <span class='ocrx_word' id='word_1_46' title='bbox 668 845 716 906; x_wconf 87' lang='grc'><strong><em>19.</em></strong></span> <span class='ocrx_word' id='word_1_47' title='bbox 730 839 920 925; x_wconf 85' lang='grc' dir='ltr'><strong><em>Δημήτριος</em></strong></span> <span class='ocrx_word' id='word_1_48' title='bbox 931 839 967 905; x_wconf 80' lang='grc' dir='ltr'><strong><em>δὲ</em></strong></span> <span class='ocrx_word' id='word_1_49' title='bbox 979 834 997 906; x_wconf 82' lang='grc' dir='ltr'>ὁ</span> <span class='ocrx_word' id='word_1_50' title='bbox 1010 835 1158 916; x_wconf 85' lang='grc' dir='ltr'><strong><em>Κννικδς</em></strong></span> <span class='ocrx_word' id='word_1_51' title='bbox 1170 838 1257 907; x_wconf 75' lang='grc' dir='ltr'><strong><em>ἰδὼν</em></strong></span> 
     </span>
     <span class='ocr_line' id='line_1_7' title="bbox 245 934 1258 1026; baseline -0.001 -22"><span class='ocrx_word' id='word_1_52' title='bbox 245 940 282 1004; x_wconf 88' lang='grc' dir='ltr'><strong><em>ἐν</em></strong></span> <span class='ocrx_word' id='word_1_53' title='bbox 296 944 457 1026; x_wconf 79' lang='grc' dir='ltr'><strong><em>Κορίνθῳ</em></strong></span> <span class='ocrx_word' id='word_1_54' title='bbox 479 934 682 1005; x_wconf 80' lang='grc' dir='ltr'><strong><em>ἀπαίδευτόν</em></strong></span> <span class='ocrx_word' id='word_1_55' title='bbox 698 963 772 1005; x_wconf 90' lang='grc' dir='ltr'><strong><em>τινα</em></strong></span> <span class='ocrx_word' id='word_1_56' title='bbox 792 943 923 1023; x_wconf 87' lang='grc' dir='ltr'><strong><em>βιβλίον</em></strong></span> <span class='ocrx_word' id='word_1_57' title='bbox 940 935 1116 1004; x_wconf 89' lang='grc' dir='ltr'><strong><em>κάλλιστον</em></strong></span> <span class='ocrx_word' id='word_1_58' title='bbox 1131 935 1258 1022; x_wconf 77' lang='grc' dir='ltr'><strong><em>ἀναγι-</em></strong></span> 
     </span>
     <span class='ocr_line' id='line_1_8' title="bbox 245 1031 1258 1122; baseline -0.001 -21"><span class='ocrx_word' id='word_1_59' title='bbox 245 1034 434 1119; x_wconf 77' lang='grc' dir='ltr'><strong><em>νώσκοντα,</em></strong></span> <span class='ocrx_word' id='word_1_60' title='bbox 455 1032 513 1112; x_wconf 82' lang='grc' dir='ltr'><strong><em>τάς</em></strong></span> <span class='ocrx_word' id='word_1_61' title='bbox 528 1034 659 1122; x_wconf 79' lang='grc' dir='ltr'><strong><em>Βάκχας</em></strong></span> <span class='ocrx_word' id='word_1_62' title='bbox 676 1033 764 1121; x_wconf 75' lang='grc' dir='ltr'><strong><em>οἶμαι</em></strong></span> <span class='ocrx_word' id='word_1_63' title='bbox 789 1042 848 1101; x_wconf 89' lang='grc' dir='ltr'><strong><em>τοῦ</em></strong></span> <span class='ocrx_word' id='word_1_64' title='bbox 864 1031 1067 1118; x_wconf 77' lang='grc' dir='ltr'><strong><em>Εὐριπίδου,</em></strong></span> <span class='ocrx_word' id='word_1_65' title='bbox 1091 1034 1176 1102; x_wconf 86' lang='grc' dir='ltr'><strong><em>κατδι</em></strong></span> <span class='ocrx_word' id='word_1_66' title='bbox 1195 1032 1258 1100; x_wconf 83' lang='grc' dir='ltr'><strong><em>τύν</em></strong></span> 
     </span>
    </p>

    <p class='ocr_par' dir='ltr' id='par_1_3' title="bbox 129 1126 1303 3578">
     <span class='ocr_line' id='line_1_9' title="bbox 129 1126 1303 1222; baseline -0.004 -20"><span class='ocrx_word' id='word_1_67' title='bbox 129 1192 136 1202; x_wconf 93' lang='grc'><strong>.</strong></span> <span class='ocrx_word' id='word_1_68' title='bbox 244 1132 388 1218; x_wconf 78' lang='grc' dir='ltr'><strong><em>άγχελον</em></strong></span> <span class='ocrx_word' id='word_1_69' title='bbox 404 1134 439 1199; x_wconf 76' lang='grc' dir='ltr'><strong><em>δὲ</em></strong></span> <span class='ocrx_word' id='word_1_70' title='bbox 457 1126 507 1220; x_wconf 34' lang='grc' dir='ltr'><strong><em>ήν,</em></strong></span> <span class='ocrx_word' id='word_1_71' title='bbox 518 1130 578 1200; x_wconf 84' lang='grc' dir='ltr'><strong><em>τδν</em></strong></span> <span class='ocrx_word' id='word_1_72' title='bbox 598 1133 823 1220; x_wconf 75' lang='grc' dir='ltr'><strong><em>διηγούμενον</em></strong></span> <span class='ocrx_word' id='word_1_73' title='bbox 838 1130 877 1199; x_wconf 79' lang='grc' dir='ltr'><strong><em>τά</em></strong></span> <span class='ocrx_word' id='word_1_74' title='bbox 899 1139 959 1198; x_wconf 90' lang='grc' dir='ltr'><strong><em>τοῦ</em></strong></span> <span class='ocrx_word' id='word_1_75' title='bbox 973 1136 1132 1208; x_wconf 83' lang='grc' dir='ltr'><strong><em>Πενθέως</em></strong></span> <span class='ocrx_word' id='word_1_76' title='bbox 1154 1133 1257 1211; x_wconf 87' lang='grc' dir='ltr'><strong><em>πάθη</em></strong></span> <span class='ocrx_word' id='word_1_77' title='bbox 1302 1219 1303 1222; x_wconf 8' lang='lat'>¹</span> 
     </span>
     <span class='ocr_line' id='line_1_10' title="bbox 243 1227 1303 1317; baseline 0 -22"><span class='ocrx_word' id='word_1_78' title='bbox 243 1233 298 1296; x_wconf 82' lang='grc' dir='ltr'><strong><em>καί</em></strong></span> <span class='ocrx_word' id='word_1_79' title='bbox 313 1228 349 1297; x_wconf 87' lang='grc' dir='ltr'>τό</span> <span class='ocrx_word' id='word_1_80' title='bbox 367 1237 424 1316; x_wconf 81' lang='grc' dir='ltr'><strong><em>τῆς</em></strong></span> <span class='ocrx_word' id='word_1_81' title='bbox 445 1228 583 1316; x_wconf 80' lang='grc' dir='ltr'><strong><em>Ἀχαύης</em></strong></span> <span class='ocrx_word' id='word_1_82' title='bbox 599 1237 716 1317; x_wconf 77' lang='grc' dir='ltr'><strong><em>ἔργον,</em></strong></span> <span class='ocrx_word' id='word_1_83' title='bbox 738 1228 890 1314; x_wconf 89' lang='grc' dir='ltr'><strong><em>άρπάσας</em></strong></span> <span class='ocrx_word' id='word_1_84' title='bbox 910 1233 1086 1297; x_wconf 78' lang='grc' dir='ltr'><strong><em>διέσπασεν</em></strong></span> <span class='ocrx_word' id='word_1_85' title='bbox 1104 1227 1190 1296; x_wconf 87' lang='grc' dir='ltr'><strong><em>αύτό</em></strong></span> <span class='ocrx_word' id='word_1_86' title='bbox 1209 1236 1257 1296; x_wconf 85' lang='grc' dir='ltr'><strong><em>εί·</em></strong></span> <span class='ocrx_word' id='word_1_87' title='bbox 1302 1229 1303 1308; x_wconf 63' lang='grc' dir='ltr'><strong><em>λ</em></strong></span> 
     </span>
     <span class='ocr_line' id='line_1_11' title="bbox 130 1323 1303 1418; baseline 0 -24"><span class='ocrx_word' id='word_1_88' title='bbox 130 1353 133 1360; x_wconf 89' lang='lat'><em>·</em></span> <span class='ocrx_word' id='word_1_89' title='bbox 244 1328 335 1412; x_wconf 79' lang='grc' dir='ltr'><strong><em>πων,</em></strong></span> <span class='ocrx_word' id='word_1_90' title='bbox 358 1327 499 1412; x_wconf 79' lang='grc' dir='ltr'><strong><em>ἄμεινόν</em></strong></span> <span class='ocrx_word' id='word_1_91' title='bbox 521 1332 588 1397; x_wconf 79' lang='grc' dir='ltr'><strong><em>ἐστι</em></strong></span> <span class='ocrx_word' id='word_1_92' title='bbox 609 1336 654 1418; x_wconf 76' lang='grc' dir='ltr'><strong><em>τῷ</em></strong></span> <span class='ocrx_word' id='word_1_93' title='bbox 676 1337 807 1395; x_wconf 80' lang='grc' dir='ltr'><strong><em>Πενθεῖ</em></strong></span> <span class='ocrx_word' id='word_1_94' title='bbox 826 1326 912 1408; x_wconf 79' lang='grc' dir='ltr'><strong><em>άπαξ</em></strong></span> <span class='ocrx_word' id='word_1_95' title='bbox 932 1335 1168 1414; x_wconf 80' lang='grc' dir='ltr'><strong><em>σπαραχθῆναι</em></strong></span> <span class='ocrx_word' id='word_1_96' title='bbox 1192 1325 1254 1394; x_wconf 82' lang='grc' dir='ltr'><strong><em>ὑπ’</em></strong></span> <span class='ocrx_word' id='word_1_97' title='bbox 1302 1323 1303 1334; x_wconf 41' lang='lat'><em>³</em></span> 
     </span>
     <span class='ocr_line' id='line_1_12' title="bbox 178 1421 1303 1512; baseline 0 -22"><span class='ocrx_word' id='word_1_98' title='bbox 178 1440 225 1491; x_wconf 82' lang='lat'><strong><em>115</em></strong></span> <span class='ocrx_word' id='word_1_99' title='bbox 245 1428 326 1510; x_wconf 84' lang='grc' dir='ltr'><strong><em>ἐμοῦ</em></strong></span> <span class='ocrx_word' id='word_1_100' title='bbox 347 1421 368 1510; x_wconf 83' lang='grc' dir='ltr'><em>ἢ</em></span> <span class='ocrx_word' id='word_1_101' title='bbox 388 1422 455 1492; x_wconf 86' lang='grc' dir='ltr'><strong><em>ύπὸ</em></strong></span> <span class='ocrx_word' id='word_1_102' title='bbox 472 1434 535 1494; x_wconf 89' lang='grc' dir='ltr'><strong><em>σοῦ</em></strong></span> <span class='ocrx_word' id='word_1_103' title='bbox 556 1428 725 1504; x_wconf 87' lang='grc' dir='ltr'><strong><em>πολλάκις.</em></strong></span> <span class='ocrx_word' id='word_1_104' title='bbox 760 1433 863 1512; x_wconf 73' lang='grc' dir='ltr'><strong><em>ζητοῦν</em></strong></span> <span class='ocrx_word' id='word_1_105' title='bbox 884 1425 920 1493; x_wconf 77' lang='grc' dir='ltr'><strong><em>δὲ</em></strong></span> <span class='ocrx_word' id='word_1_106' title='bbox 937 1423 986 1493; x_wconf 77' lang='grc' dir='ltr'><strong><em>ἀεὶ</em></strong></span> <span class='ocrx_word' id='word_1_107' title='bbox 1006 1423 1090 1508; x_wconf 79' lang='grc' dir='ltr'><strong><em>πρὸς</em></strong></span> <span class='ocrx_word' id='word_1_108' title='bbox 1105 1424 1255 1511; x_wconf 80' lang='grc' dir='ltr'><strong><em>ἐμαυτὸν</em></strong></span> <span class='ocrx_word' id='word_1_109' title='bbox 1302 1483 1303 1490; x_wconf 72' lang='grc'><strong><em>,</em></strong></span> 
     </span>
     <span class='ocr_line' id='line_1_13' title="bbox 245 1522 1257 1611; baseline -0.002 -20"><span class='ocrx_word' id='word_1_110' title='bbox 245 1522 338 1591; x_wconf 87' lang='grc' dir='ltr'><strong><em>οῦπω</em></strong></span> <span class='ocrx_word' id='word_1_111' title='bbox 359 1525 413 1592; x_wconf 80' lang='grc' dir='ltr'><strong><em>καὶ</em></strong></span> <span class='ocrx_word' id='word_1_112' title='bbox 437 1526 581 1611; x_wconf 83' lang='grc' dir='ltr'><strong><em>τήμερον</em></strong></span> <span class='ocrx_word' id='word_1_113' title='bbox 604 1523 717 1606; x_wconf 78' lang='grc' dir='ltr'><strong><em>εὑρεῖν</em></strong></span> <span class='ocrx_word' id='word_1_114' title='bbox 737 1525 937 1610; x_wconf 75' lang='grc' dir='ltr'><strong><em>δεδύνημαι,</em></strong></span> <span class='ocrx_word' id='word_1_115' title='bbox 964 1531 1054 1602; x_wconf 90' lang='grc' dir='ltr'><strong><em>τίνος</em></strong></span> <span class='ocrx_word' id='word_1_116' title='bbox 1070 1526 1169 1592; x_wconf 79' lang='grc' dir='ltr'><strong><em>ἕνεκα</em></strong></span> <span class='ocrx_word' id='word_1_117' title='bbox 1193 1523 1257 1610; x_wconf 86' lang='grc' dir='ltr'><strong><em>τήν</em></strong></span> 
     </span>
     <span class='ocr_line' id='line_1_14' title="bbox 244 1619 1303 1718; baseline 0.001 -30"><span class='ocrx_word' id='word_1_118' title='bbox 244 1619 396 1706; x_wconf 83' lang='grc' dir='ltr'><strong><em>σπονδήν</em></strong></span> <span class='ocrx_word' id='word_1_119' title='bbox 405 1623 530 1709; x_wconf 89' lang='grc' dir='ltr'><strong><em>ταύτην</em></strong></span> <span class='ocrx_word' id='word_1_120' title='bbox 539 1623 747 1700; x_wconf 86' lang='grc' dir='ltr'><strong><em>ἐσπούδακας</em></strong></span> <span class='ocrx_word' id='word_1_121' title='bbox 757 1625 832 1706; x_wconf 80' lang='grc' dir='ltr'><strong><em>περὶ</em></strong></span> <span class='ocrx_word' id='word_1_122' title='bbox 841 1619 903 1708; x_wconf 85' lang='grc' dir='ltr'><strong><em>τήν</em></strong></span> <span class='ocrx_word' id='word_1_123' title='bbox 914 1619 1004 1708; x_wconf 81' lang='grc' dir='ltr'><strong><em>ύνήν</em></strong></span> <span class='ocrx_word' id='word_1_124' title='bbox 1014 1629 1081 1689; x_wconf 79' lang='grc' dir='ltr'><strong><em>τῶν</em></strong></span> <span class='ocrx_word' id='word_1_125' title='bbox 1092 1629 1254 1708; x_wconf 91' lang='grc' dir='ltr'><strong><em>βιβλίων·</em></strong></span> <span class='ocrx_word' id='word_1_126' title='bbox 1302 1651 1303 1718; x_wconf 62' lang='grc' dir='ltr'><strong><em>χ</em></strong></span> 
     </span>
     <span class='ocr_line' id='line_1_15' title="bbox 245 1716 1303 1807; baseline 0.001 -20"><span class='ocrx_word' id='word_1_127' title='bbox 245 1718 404 1804; x_wconf 75' lang='grc' dir='ltr'><strong><em>ὠφελείας</em></strong></span> <span class='ocrx_word' id='word_1_128' title='bbox 421 1723 483 1807; x_wconf 77' lang='grc' dir='ltr'><strong><em>μὲν</em></strong></span> <span class='ocrx_word' id='word_1_129' title='bbox 498 1719 562 1806; x_wconf 78' lang='grc' dir='ltr'><strong><em>γὰρ</em></strong></span> <span class='ocrx_word' id='word_1_130' title='bbox 576 1717 598 1807; x_wconf 88' lang='grc' dir='ltr'><strong><em>ή</em></strong></span> <span class='ocrx_word' id='word_1_131' title='bbox 614 1728 723 1807; x_wconf 87' lang='grc' dir='ltr'><strong><em>χρείας</em></strong></span> <span class='ocrx_word' id='word_1_132' title='bbox 738 1729 804 1786; x_wconf 77' lang='grc' dir='ltr'><strong><em>τῶν</em></strong></span> <span class='ocrx_word' id='word_1_133' title='bbox 822 1717 879 1786; x_wconf 79' lang='grc' dir='ltr'><strong><em>ἄττ’</em></strong></span> <span class='ocrx_word' id='word_1_134' title='bbox 899 1716 1011 1788; x_wconf 79' lang='grc' dir='ltr'><strong><em>αὐτῶν</em></strong></span> <span class='ocrx_word' id='word_1_135' title='bbox 1027 1718 1100 1787; x_wconf 84' lang='grc' dir='ltr'><strong><em>οὐδ’</em></strong></span> <span class='ocrx_word' id='word_1_136' title='bbox 1117 1716 1161 1786; x_wconf 82' lang='grc' dir='ltr'><strong><em>άν</em></strong></span> <span class='ocrx_word' id='word_1_137' title='bbox 1179 1728 1256 1807; x_wconf 87' lang='grc' dir='ltr'><strong><em>οίη-</em></strong></span> <span class='ocrx_word' id='word_1_138' title='bbox 1302 1737 1303 1756; x_wconf 68' lang='grc'>’</span> 
     </span>
     <span class='ocr_line' id='line_1_16' title="bbox 243 1815 1254 1905; baseline -0.001 -20"><span class='ocrx_word' id='word_1_139' title='bbox 243 1825 320 1904; x_wconf 91' lang='grc' dir='ltr'><strong><em>θείη</em></strong></span> <span class='ocrx_word' id='word_1_140' title='bbox 335 1846 386 1897; x_wconf 92' lang='grc' dir='ltr'><strong><em>τις</em></strong></span> <span class='ocrx_word' id='word_1_141' title='bbox 398 1827 466 1886; x_wconf 78' lang='grc' dir='ltr'><strong><em>τῶν</em></strong></span> <span class='ocrx_word' id='word_1_142' title='bbox 480 1825 535 1889; x_wconf 79' lang='grc' dir='ltr'><strong><em>καὶ</em></strong></span> <span class='ocrx_word' id='word_1_143' title='bbox 550 1817 602 1889; x_wconf 81' lang='grc' dir='ltr'><strong><em>ἐπ’</em></strong></span> <span class='ocrx_word' id='word_1_144' title='bbox 619 1821 790 1905; x_wconf 84' lang='grc' dir='ltr'><strong><em>ἐλάχιστόν</em></strong></span> <span class='ocrx_word' id='word_1_145' title='bbox 805 1839 842 1886; x_wconf 92' lang='grc' dir='ltr'><strong><em>σε</em></strong></span> <span class='ocrx_word' id='word_1_146' title='bbox 857 1819 1009 1902; x_wconf 81' lang='grc' dir='ltr'><strong><em>εἰδότων,</em></strong></span> <span class='ocrx_word' id='word_1_147' title='bbox 1028 1816 1069 1886; x_wconf 91' lang='grc' dir='ltr'><strong><em>ού</em></strong></span> <span class='ocrx_word' id='word_1_148' title='bbox 1082 1825 1218 1904; x_wconf 82' lang='grc' dir='ltr'><strong><em>μᾶλλον</em></strong></span> <span class='ocrx_word' id='word_1_149' title='bbox 1234 1815 1254 1904; x_wconf 84' lang='grc' dir='ltr'><strong><em>ή</em></strong></span> 
     </span>
     <span class='ocr_line' id='line_1_17' title="bbox 244 1913 1255 2003; baseline 0.006 -23"><span class='ocrx_word' id='word_1_150' title='bbox 244 1914 413 2001; x_wconf 84' lang='grc' dir='ltr'><strong><em>φαλακρὸς</em></strong></span> <span class='ocrx_word' id='word_1_151' title='bbox 428 1915 473 1983; x_wconf 82' lang='grc' dir='ltr'><strong><em>ἄν</em></strong></span> <span class='ocrx_word' id='word_1_152' title='bbox 485 1945 535 1995; x_wconf 87' lang='grc' dir='ltr'><strong><em>τις</em></strong></span> <span class='ocrx_word' id='word_1_153' title='bbox 549 1925 679 2000; x_wconf 91' lang='grc' dir='ltr'><strong><em>πρίαιτο</em></strong></span> <span class='ocrx_word' id='word_1_154' title='bbox 695 1921 791 1983; x_wconf 90' lang='grc' dir='ltr'><strong><em>κτένα</em></strong></span> <span class='ocrx_word' id='word_1_155' title='bbox 809 1914 830 2002; x_wconf 85' lang='grc' dir='ltr'><strong><em>ή</em></strong></span> <span class='ocrx_word' id='word_1_156' title='bbox 848 1920 1036 2002; x_wconf 79' lang='grc' dir='ltr'><strong><em>κάτοπτρον</em></strong></span> <span class='ocrx_word' id='word_1_157' title='bbox 1051 1913 1068 1984; x_wconf 88' lang='grc' dir='ltr'>ὁ</span> <span class='ocrx_word' id='word_1_158' title='bbox 1086 1914 1219 2000; x_wconf 82' lang='grc' dir='ltr'><strong><em>τυφλὸς</em></strong></span> <span class='ocrx_word' id='word_1_159' title='bbox 1235 1915 1255 2003; x_wconf 83' lang='grc' dir='ltr'><strong><em>ή</em></strong></span> 
     </span>
     <span class='ocr_line' id='line_1_18' title="bbox 244 2010 1253 2102; baseline 0.004 -23"><span class='ocrx_word' id='word_1_160' title='bbox 244 2010 261 2079; x_wconf 89' lang='grc' dir='ltr'>ὁ</span> <span class='ocrx_word' id='word_1_161' title='bbox 278 2011 393 2098; x_wconf 85' lang='grc' dir='ltr'><strong><em>κωφδς</em></strong></span> <span class='ocrx_word' id='word_1_162' title='bbox 406 2011 586 2102; x_wconf 82' lang='grc' dir='ltr'><strong><em>αύλητήνή</em></strong></span> <span class='ocrx_word' id='word_1_163' title='bbox 601 2013 804 2102; x_wconf 86' lang='grc' dir='ltr'><strong><em>παλλακήνὸ</em></strong></span> <span class='ocrx_word' id='word_1_164' title='bbox 822 2010 1014 2101; x_wconf 82' lang='grc' dir='ltr'><strong><em>εύνούχοςή</em></strong></span> <span class='ocrx_word' id='word_1_165' title='bbox 1030 2013 1046 2082; x_wconf 86' lang='grc' dir='ltr'>ὁ</span> <span class='ocrx_word' id='word_1_166' title='bbox 1063 2012 1253 2101; x_wconf 75' lang='grc' dir='ltr'><strong><em>ἠπειρώτης</em></strong></span> 
     </span>
     <span class='ocr_line' id='line_1_19' title="bbox 243 2109 1302 2202; baseline 0.002 -24"><span class='ocrx_word' id='word_1_167' title='bbox 243 2112 361 2197; x_wconf 72' lang='grc' dir='ltr'><strong><em>κώπην</em></strong></span> <span class='ocrx_word' id='word_1_168' title='bbox 371 2109 392 2198; x_wconf 85' lang='grc' dir='ltr'><strong><em>ή</em></strong></span> <span class='ocrx_word' id='word_1_169' title='bbox 404 2110 423 2181; x_wconf 85' lang='grc' dir='ltr'><strong>ὁ</strong></span> <span class='ocrx_word' id='word_1_170' title='bbox 435 2116 639 2202; x_wconf 80' lang='grc' dir='ltr'><strong><em>κυβερνήτης</em></strong></span> <span class='ocrx_word' id='word_1_171' title='bbox 650 2113 802 2199; x_wconf 86' lang='grc' dir='ltr'><strong><em>άροτρον.</em></strong></span> <span class='ocrx_word' id='word_1_172' title='bbox 821 2112 905 2182; x_wconf 83' lang='grc' dir='ltr'><strong><em>άλλά</em></strong></span> <span class='ocrx_word' id='word_1_173' title='bbox 916 2111 961 2199; x_wconf 85' lang='grc' dir='ltr'><strong><em>μή</em></strong></span> <span class='ocrx_word' id='word_1_174' title='bbox 973 2117 1128 2192; x_wconf 85' lang='grc' dir='ltr'><strong><em>ἐπίδειξιν</em></strong></span> <span class='ocrx_word' id='word_1_175' title='bbox 1137 2115 1253 2180; x_wconf 87' lang='grc' dir='ltr'><strong><em>πλού·</em></strong></span> <span class='ocrx_word' id='word_1_176' title='bbox 1301 2151 1302 2174; x_wconf 70' lang='lat'>1</span> 
     </span>
     <span class='ocr_line' id='line_1_20' title="bbox 244 2206 1252 2300; baseline 0.004 -25"><span class='ocrx_word' id='word_1_177' title='bbox 244 2233 305 2275; x_wconf 92' lang='grc' dir='ltr'><strong><em>του</em></strong></span> <span class='ocrx_word' id='word_1_178' title='bbox 315 2231 367 2274; x_wconf 93' lang='grc' dir='ltr'><strong><em>σοι</em></strong></span> <span class='ocrx_word' id='word_1_179' title='bbox 383 2206 419 2274; x_wconf 85' lang='grc' dir='ltr'><strong><em>τδ</em></strong></span> <span class='ocrx_word' id='word_1_180' title='bbox 431 2217 565 2298; x_wconf 81' lang='grc' dir='ltr'><strong><em>πρᾶγμα</em></strong></span> <span class='ocrx_word' id='word_1_181' title='bbox 578 2219 642 2298; x_wconf 80' lang='grc' dir='ltr'><strong><em>ἔχει</em></strong></span> <span class='ocrx_word' id='word_1_182' title='bbox 654 2215 708 2280; x_wconf 82' lang='grc' dir='ltr'><strong><em>καί</em></strong></span> <span class='ocrx_word' id='word_1_183' title='bbox 719 2213 833 2300; x_wconf 88' lang='grc' dir='ltr'><strong><em>βούλει</em></strong></span> <span class='ocrx_word' id='word_1_184' title='bbox 845 2219 943 2279; x_wconf 86' lang='grc' dir='ltr'><strong><em>τοῦτο</em></strong></span> <span class='ocrx_word' id='word_1_185' title='bbox 955 2215 1099 2297; x_wconf 84' lang='grc' dir='ltr'><strong><em>ἐμφῆναι</em></strong></span> <span class='ocrx_word' id='word_1_186' title='bbox 1108 2207 1252 2295; x_wconf 79' lang='grc' dir='ltr'><strong><em>ἅπασιν,</em></strong></span> 
     </span>
     <span class='ocr_line' id='line_1_21' title="bbox 244 2306 1254 2398; baseline 0.001 -21"><span class='ocrx_word' id='word_1_187' title='bbox 244 2306 294 2377; x_wconf 76' lang='grc' dir='ltr'><strong><em>ὅτι</em></strong></span> <span class='ocrx_word' id='word_1_188' title='bbox 315 2310 369 2378; x_wconf 80' lang='grc' dir='ltr'><strong><em>καί</em></strong></span> <span class='ocrx_word' id='word_1_189' title='bbox 391 2317 437 2389; x_wconf 79' lang='grc' dir='ltr'><strong><em>εἰς</em></strong></span> <span class='ocrx_word' id='word_1_190' title='bbox 457 2311 496 2378; x_wconf 84' lang='grc' dir='ltr'><strong><em>τὰ</em></strong></span> <span class='ocrx_word' id='word_1_191' title='bbox 518 2317 622 2398; x_wconf 88' lang='grc' dir='ltr'><strong><em>μηδέν</em></strong></span> <span class='ocrx_word' id='word_1_192' title='bbox 645 2333 700 2379; x_wconf 92' lang='grc' dir='ltr'><strong><em>σοι</em></strong></span> <span class='ocrx_word' id='word_1_193' title='bbox 717 2310 859 2397; x_wconf 88' lang='grc' dir='ltr'><strong><em>χρήσιμα</em></strong></span> <span class='ocrx_word' id='word_1_194' title='bbox 880 2308 968 2397; x_wconf 81' lang='grc' dir='ltr'><strong><em>ὅμως</em></strong></span> <span class='ocrx_word' id='word_1_195' title='bbox 991 2313 1026 2378; x_wconf 88' lang='grc' dir='ltr'><strong><em>ἐκ</em></strong></span> <span class='ocrx_word' id='word_1_196' title='bbox 1047 2316 1171 2394; x_wconf 78' lang='grc' dir='ltr'><strong><em>πολλῆς</em></strong></span> <span class='ocrx_word' id='word_1_197' title='bbox 1194 2319 1254 2397; x_wconf 84' lang='grc' dir='ltr'><strong><em>της</em></strong></span> 
     </span>
     <span class='ocr_line' id='line_1_22' title="bbox 243 2406 1254 2496; baseline 0 -20"><span class='ocrx_word' id='word_1_198' title='bbox 243 2417 434 2493; x_wconf 85' lang='grc' dir='ltr'><strong><em>περιουσίας</em></strong></span> <span class='ocrx_word' id='word_1_199' title='bbox 445 2406 648 2490; x_wconf 72' lang='grc' dir='ltr'><strong><em>άναλίσκειςς</em></strong></span> <span class='ocrx_word' id='word_1_200' title='bbox 670 2412 724 2480; x_wconf 80' lang='grc' dir='ltr'><strong><em>καὶ</em></strong></span> <span class='ocrx_word' id='word_1_201' title='bbox 739 2408 806 2495; x_wconf 84' lang='grc' dir='ltr'><strong><em>μήν</em></strong></span> <span class='ocrx_word' id='word_1_202' title='bbox 818 2407 880 2478; x_wconf 84' lang='grc' dir='ltr'><strong><em>ὅσα</em></strong></span> <span class='ocrx_word' id='word_1_203' title='bbox 892 2437 928 2496; x_wconf 80' lang='grc' dir='ltr'><strong><em>γε</em></strong></span> <span class='ocrx_word' id='word_1_204' title='bbox 945 2409 1027 2494; x_wconf 78' lang='grc' dir='ltr'><strong><em>κάμὲ</em></strong></span> <span class='ocrx_word' id='word_1_205' title='bbox 1039 2409 1152 2490; x_wconf 91' lang='grc' dir='ltr'><strong><em>Σύρον</em></strong></span> <span class='ocrx_word' id='word_1_206' title='bbox 1166 2407 1254 2476; x_wconf 86' lang='grc' dir='ltr'><strong><em>ὅντα</em></strong></span> 
     </span>
     <span class='ocr_line' id='line_1_23' title="bbox 244 2507 1252 2596; baseline -0.001 -21"><span class='ocrx_word' id='word_1_207' title='bbox 244 2511 382 2594; x_wconf 88' lang='grc' dir='ltr'><strong><em>είδέναι,</em></strong></span> <span class='ocrx_word' id='word_1_208' title='bbox 406 2515 435 2578; x_wconf 89' lang='grc' dir='ltr'><strong><em>εί</em></strong></span> <span class='ocrx_word' id='word_1_209' title='bbox 453 2507 497 2595; x_wconf 84' lang='grc' dir='ltr'><strong><em>μή</em></strong></span> <span class='ocrx_word' id='word_1_210' title='bbox 514 2512 638 2577; x_wconf 88' lang='grc' dir='ltr'><strong><em>σαντὸν</em></strong></span> <span class='ocrx_word' id='word_1_211' title='bbox 653 2513 766 2596; x_wconf 82' lang='grc' dir='ltr'><strong><em>φέρων</em></strong></span> <span class='ocrx_word' id='word_1_212' title='bbox 782 2522 851 2586; x_wconf 73' lang='grc' dir='ltr'><strong><em>ταῖς</em></strong></span> <span class='ocrx_word' id='word_1_213' title='bbox 871 2516 931 2576; x_wconf 92' lang='grc' dir='ltr'><strong><em>τοῦ</em></strong></span> <span class='ocrx_word' id='word_1_214' title='bbox 946 2511 1100 2593; x_wconf 78' lang='grc' dir='ltr'><strong><em>γέροντος</em></strong></span> <span class='ocrx_word' id='word_1_215' title='bbox 1115 2509 1252 2576; x_wconf 87' lang='grc' dir='ltr'><strong><em>ἐκείνου</em></strong></span> 
     </span>
     <span class='ocr_line' id='line_1_24' title="bbox 190 2598 1300 2695; baseline 0.002 -21"><span class='ocrx_word' id='word_1_216' title='bbox 190 2598 196 2612; x_wconf 69' lang='grc'><strong>’</strong></span> <span class='ocrx_word' id='word_1_217' title='bbox 243 2609 420 2693; x_wconf 79' lang='grc' dir='ltr'><strong><em>διαθήκαις</em></strong></span> <span class='ocrx_word' id='word_1_218' title='bbox 437 2611 706 2695; x_wconf 72' lang='grc' dir='ltr'><strong><em>παρενέγραψας,</em></strong></span> <span class='ocrx_word' id='word_1_219' title='bbox 725 2607 915 2686; x_wconf 77' lang='grc' dir='ltr'><strong><em>ἀπωλώλεις</em></strong></span> <span class='ocrx_word' id='word_1_220' title='bbox 930 2602 974 2674; x_wconf 81' lang='grc' dir='ltr'><strong><em>άν</em></strong></span> <span class='ocrx_word' id='word_1_221' title='bbox 988 2605 1053 2674; x_wconf 84' lang='grc' dir='ltr'><strong><em>ύπύ</em></strong></span> <span class='ocrx_word' id='word_1_222' title='bbox 1069 2613 1170 2691; x_wconf 88' lang='grc' dir='ltr'><strong><em>λιμοῦ</em></strong></span> <span class='ocrx_word' id='word_1_223' title='bbox 1184 2607 1251 2692; x_wconf 83' lang='grc' dir='ltr'><strong><em>ήδη</em></strong></span> <span class='ocrx_word' id='word_1_224' title='bbox 1299 2647 1300 2654; x_wconf 45' lang='lat'>1</span> 
     </span>
     <span class='ocr_line' id='line_1_25' title="bbox 242 2696 1251 2793; baseline 0 -19"><span class='ocrx_word' id='word_1_225' title='bbox 242 2709 296 2774; x_wconf 83' lang='grc' dir='ltr'><strong><em>καὶ</em></strong></span> <span class='ocrx_word' id='word_1_226' title='bbox 311 2705 440 2792; x_wconf 81' lang='grc' dir='ltr'><strong><em>άχορὰν</em></strong></span> <span class='ocrx_word' id='word_1_227' title='bbox 453 2706 647 2791; x_wconf 86' lang='grc' dir='ltr'><strong><em>προύτίθεις</em></strong></span> <span class='ocrx_word' id='word_1_228' title='bbox 666 2715 733 2775; x_wconf 81' lang='grc' dir='ltr'><strong><em>τῶν</em></strong></span> <span class='ocrx_word' id='word_1_229' title='bbox 749 2713 896 2793; x_wconf 82' lang='grc' dir='ltr'><strong><em>βιβλίων.</em></strong></span> <span class='ocrx_word' id='word_1_230' title='bbox 926 2713 974 2774; x_wconf 76' lang='lat'><strong><em>20.</em></strong></span> <span class='ocrx_word' id='word_1_231' title='bbox 992 2703 1110 2774; x_wconf 89' lang='grc' dir='ltr'><strong><em>λοιπόν</em></strong></span> <span class='ocrx_word' id='word_1_232' title='bbox 1123 2696 1192 2772; x_wconf 85' lang='grc' dir='ltr'><strong><em>οῦν</em></strong></span> <span class='ocrx_word' id='word_1_233' title='bbox 1210 2707 1251 2792; x_wconf 84' lang='grc' dir='ltr'><strong><em>δή</em></strong></span> 
     </span>
     <span class='ocr_line' id='line_1_26' title="bbox 242 2802 1251 2891; baseline 0.004 -20"><span class='ocrx_word' id='word_1_234' title='bbox 242 2807 349 2872; x_wconf 81' lang='grc' dir='ltr'><strong><em>ἐκεῖνο</em></strong></span> <span class='ocrx_word' id='word_1_235' title='bbox 360 2808 581 2890; x_wconf 84' lang='grc' dir='ltr'><strong><em>πεπεισμένον</em></strong></span> <span class='ocrx_word' id='word_1_236' title='bbox 596 2802 662 2872; x_wconf 79' lang='grc' dir='ltr'><strong><em>ὑπὸ</em></strong></span> <span class='ocrx_word' id='word_1_237' title='bbox 675 2813 742 2873; x_wconf 82' lang='grc' dir='ltr'><strong><em>τῶν</em></strong></span> <span class='ocrx_word' id='word_1_238' title='bbox 753 2806 907 2874; x_wconf 90' lang='grc' dir='ltr'><strong><em>κολάκων</em></strong></span> <span class='ocrx_word' id='word_1_239' title='bbox 922 2803 966 2884; x_wconf 75' lang='grc' dir='ltr'><strong><em>ὡς</em></strong></span> <span class='ocrx_word' id='word_1_240' title='bbox 977 2803 1019 2872; x_wconf 87' lang='grc' dir='ltr'><strong><em>οῦ</em></strong></span> <span class='ocrx_word' id='word_1_241' title='bbox 1028 2806 1134 2891; x_wconf 89' lang='grc' dir='ltr'><strong><em>μόνον</em></strong></span> <span class='ocrx_word' id='word_1_242' title='bbox 1145 2805 1251 2883; x_wconf 82' lang='grc' dir='ltr'><strong><em>καλὸς</em></strong></span> 
     </span>
     <span class='ocr_line' id='line_1_27' title="bbox 244 2901 1252 2992; baseline 0.001 -22"><span class='ocrx_word' id='word_1_243' title='bbox 244 2902 273 2970; x_wconf 80' lang='grc' dir='ltr'><strong><em>εί</em></strong></span> <span class='ocrx_word' id='word_1_244' title='bbox 286 2905 340 2970; x_wconf 84' lang='grc' dir='ltr'><strong><em>καὶ</em></strong></span> <span class='ocrx_word' id='word_1_245' title='bbox 354 2904 523 2988; x_wconf 86' lang='grc' dir='ltr'><strong><em>ἐράσμιος,</em></strong></span> <span class='ocrx_word' id='word_1_246' title='bbox 548 2901 631 2972; x_wconf 82' lang='grc' dir='ltr'><strong><em>ἄλλά</em></strong></span> <span class='ocrx_word' id='word_1_247' title='bbox 649 2903 756 2989; x_wconf 84' lang='grc' dir='ltr'><strong><em>σοφὸς</em></strong></span> <span class='ocrx_word' id='word_1_248' title='bbox 770 2907 824 2974; x_wconf 80' lang='grc' dir='ltr'><strong><em>καὶ</em></strong></span> <span class='ocrx_word' id='word_1_249' title='bbox 839 2906 949 2992; x_wconf 79' lang='grc' dir='ltr'><strong><em>ῥήτωρ</em></strong></span> <span class='ocrx_word' id='word_1_250' title='bbox 966 2906 1021 2973; x_wconf 80' lang='grc' dir='ltr'><strong><em>καὶ</em></strong></span> <span class='ocrx_word' id='word_1_251' title='bbox 1035 2903 1252 2989; x_wconf 81' lang='grc' dir='ltr'><strong><em>ξυγχραφεύς</em></strong></span> 
     </span>
     <span class='ocr_line' id='line_1_28' title="bbox 243 2997 1251 3091; baseline 0.002 -23"><span class='ocrx_word' id='word_1_252' title='bbox 243 2997 312 3079; x_wconf 83' lang='grc' dir='ltr'><strong><em>οἷος</em></strong></span> <span class='ocrx_word' id='word_1_253' title='bbox 322 2999 396 3069; x_wconf 82' lang='grc' dir='ltr'><strong><em>οὐδ’</em></strong></span> <span class='ocrx_word' id='word_1_254' title='bbox 413 3005 539 3086; x_wconf 81' lang='grc' dir='ltr'><strong><em>ἕτερος,</em></strong></span> <span class='ocrx_word' id='word_1_255' title='bbox 553 3000 713 3070; x_wconf 77' lang='grc' dir='ltr'><strong><em>ὠνεῖσθαι</em></strong></span> <span class='ocrx_word' id='word_1_256' title='bbox 724 3002 764 3071; x_wconf 81' lang='grc' dir='ltr'><strong><em>τά</em></strong></span> <span class='ocrx_word' id='word_1_257' title='bbox 776 3011 904 3091; x_wconf 86' lang='grc' dir='ltr'><strong><em>βιβλία,</em></strong></span> <span class='ocrx_word' id='word_1_258' title='bbox 921 3000 963 3081; x_wconf 79' lang='grc' dir='ltr'><strong><em>ὡς</em></strong></span> <span class='ocrx_word' id='word_1_259' title='bbox 977 3001 1156 3087; x_wconf 78' lang='grc' dir='ltr'><strong><em>ἀληθεύοις</em></strong></span> <span class='ocrx_word' id='word_1_260' title='bbox 1168 3001 1251 3080; x_wconf 86' lang='grc' dir='ltr'><strong><em>τοῦς</em></strong></span> 
     </span>
     <span class='ocr_line' id='line_1_29' title="bbox 242 3098 1250 3186; baseline -0.002 -18"><span class='ocrx_word' id='word_1_261' title='bbox 242 3103 399 3177; x_wconf 83' lang='grc' dir='ltr'><strong><em>ἐπαίνους</em></strong></span> <span class='ocrx_word' id='word_1_262' title='bbox 421 3098 541 3167; x_wconf 82' lang='grc' dir='ltr'><strong><em>αὐτῶν.</em></strong></span> <span class='ocrx_word' id='word_1_263' title='bbox 571 3103 653 3185; x_wconf 82' lang='grc' dir='ltr'><strong><em>φασὶ</em></strong></span> <span class='ocrx_word' id='word_1_264' title='bbox 674 3105 710 3170; x_wconf 76' lang='grc' dir='ltr'><strong><em>δὲ</em></strong></span> <span class='ocrx_word' id='word_1_265' title='bbox 732 3103 767 3170; x_wconf 77' lang='grc' dir='ltr'><strong><em>σὲ</em></strong></span> <span class='ocrx_word' id='word_1_266' title='bbox 783 3105 838 3170; x_wconf 84' lang='grc' dir='ltr'><strong><em>καί</em></strong></span> <span class='ocrx_word' id='word_1_267' title='bbox 855 3102 975 3186; x_wconf 83' lang='grc' dir='ltr'><strong><em>λόγους</em></strong></span> <span class='ocrx_word' id='word_1_268' title='bbox 996 3104 1250 3170; x_wconf 84' lang='grc' dir='ltr'><strong><em>ἐπιδείκνυσθαι</em></strong></span> 
     </span>
     <span class='ocr_line' id='line_1_30' title="bbox 243 3197 1298 3288; baseline 0.001 -23"><span class='ocrx_word' id='word_1_269' title='bbox 243 3197 355 3277; x_wconf 72' lang='grc' dir='ltr'><strong><em>αὐτοῖς</em></strong></span> <span class='ocrx_word' id='word_1_270' title='bbox 371 3202 422 3266; x_wconf 79' lang='grc' dir='ltr'><strong><em>ἐπὶ</em></strong></span> <span class='ocrx_word' id='word_1_271' title='bbox 438 3203 561 3288; x_wconf 80' lang='grc' dir='ltr'><strong><em>δείπνῳ</em></strong></span> <span class='ocrx_word' id='word_1_272' title='bbox 579 3197 753 3280; x_wconf 81' lang='grc' dir='ltr'><strong><em>κάκείνους</em></strong></span> <span class='ocrx_word' id='word_1_273' title='bbox 773 3208 935 3287; x_wconf 87' lang='grc' dir='ltr'><strong><em>χερσαίων</em></strong></span> <span class='ocrx_word' id='word_1_274' title='bbox 955 3201 1130 3287; x_wconf 86' lang='grc' dir='ltr'><strong><em>βατράχων</em></strong></span> <span class='ocrx_word' id='word_1_275' title='bbox 1149 3203 1250 3286; x_wconf 86' lang='grc' dir='ltr'><strong><em>δίκην</em></strong></span> <span class='ocrx_word' id='word_1_276' title='bbox 1297 3217 1298 3228; x_wconf 73' lang='grc'>’</span> 
     </span>
     <span class='ocr_line' id='line_1_31' title="bbox 243 3294 1249 3386; baseline 0 -22"><span class='ocrx_word' id='word_1_277' title='bbox 243 3303 409 3376; x_wconf 76' lang='grc' dir='ltr'><strong><em>διψῶντας</em></strong></span> <span class='ocrx_word' id='word_1_278' title='bbox 423 3302 636 3385; x_wconf 81' lang='grc' dir='ltr'><strong><em>κεκραγέναι,</em></strong></span> <span class='ocrx_word' id='word_1_279' title='bbox 653 3303 708 3367; x_wconf 84' lang='grc' dir='ltr'><strong><em>καὶ</em></strong></span> <span class='ocrx_word' id='word_1_280' title='bbox 724 3297 767 3386; x_wconf 89' lang='grc' dir='ltr'><strong><em>μή</em></strong></span> <span class='ocrx_word' id='word_1_281' title='bbox 783 3307 909 3384; x_wconf 90' lang='grc' dir='ltr'><strong><em>πίνειν,</em></strong></span> <span class='ocrx_word' id='word_1_282' title='bbox 923 3294 967 3386; x_wconf 83' lang='grc' dir='ltr'><strong><em>ήν</em></strong></span> <span class='ocrx_word' id='word_1_283' title='bbox 981 3297 1025 3384; x_wconf 89' lang='grc' dir='ltr'><strong><em>μή</em></strong></span> <span class='ocrx_word' id='word_1_284' title='bbox 1043 3302 1249 3382; x_wconf 81' lang='grc' dir='ltr'><strong><em>διαρραγῶσι</em></strong></span> 
     </span>
     <span class='ocr_line' id='line_1_32' title="bbox 242 3393 1249 3488; baseline 0.001 -24"><span class='ocrx_word' id='word_1_285' title='bbox 242 3405 394 3484; x_wconf 72' lang='grc' dir='ltr'><strong><em>βοῶντες.</em></strong></span> <span class='ocrx_word' id='word_1_286' title='bbox 417 3398 472 3464; x_wconf 83' lang='grc' dir='ltr'><strong><em>καὶ</em></strong></span> <span class='ocrx_word' id='word_1_287' title='bbox 489 3393 553 3480; x_wconf 80' lang='grc' dir='ltr'><strong><em>γὰρ</em></strong></span> <span class='ocrx_word' id='word_1_288' title='bbox 570 3394 632 3463; x_wconf 86' lang='grc' dir='ltr'><strong><em>ούκ</em></strong></span> <span class='ocrx_word' id='word_1_289' title='bbox 647 3395 711 3464; x_wconf 78' lang='grc' dir='ltr'><strong><em>οἷδ’</em></strong></span> <span class='ocrx_word' id='word_1_290' title='bbox 729 3397 818 3475; x_wconf 82' lang='grc' dir='ltr'><strong><em>ὅπως</em></strong></span> <span class='ocrx_word' id='word_1_291' title='bbox 832 3401 951 3488; x_wconf 76' lang='grc' dir='ltr'><strong><em>ῥᾷστος</em></strong></span> <span class='ocrx_word' id='word_1_292' title='bbox 969 3396 999 3464; x_wconf 83' lang='grc' dir='ltr'><strong><em>εἶ</em></strong></span> <span class='ocrx_word' id='word_1_293' title='bbox 1012 3405 1068 3483; x_wconf 82' lang='grc' dir='ltr'><strong><em>της</em></strong></span> <span class='ocrx_word' id='word_1_294' title='bbox 1083 3394 1178 3482; x_wconf 77' lang='grc' dir='ltr'><strong><em>ῥινὸς</em></strong></span> <span class='ocrx_word' id='word_1_295' title='bbox 1193 3400 1249 3465; x_wconf 82' lang='grc' dir='ltr'><strong><em>ἕλ-</em></strong></span> 
     </span>
     <span class='ocr_line' id='line_1_33' title="bbox 241 3493 1246 3578; baseline -0.004 -13"><span class='ocrx_word' id='word_1_296' title='bbox 241 3508 376 3577; x_wconf 85' lang='grc' dir='ltr'><strong><em>κεσθαι,</em></strong></span> <span class='ocrx_word' id='word_1_297' title='bbox 399 3499 453 3564; x_wconf 79' lang='grc' dir='ltr'><strong><em>καὶ</em></strong></span> <span class='ocrx_word' id='word_1_298' title='bbox 475 3496 639 3575; x_wconf 89' lang='grc' dir='ltr'><strong><em>πιστεύεις</em></strong></span> <span class='ocrx_word' id='word_1_299' title='bbox 656 3495 767 3576; x_wconf 82' lang='grc' dir='ltr'><strong><em>αύτοίς</em></strong></span> <span class='ocrx_word' id='word_1_300' title='bbox 787 3495 934 3578; x_wconf 77' lang='grc' dir='ltr'><strong><em>ἅπαντα,</em></strong></span> <span class='ocrx_word' id='word_1_301' title='bbox 961 3493 998 3574; x_wconf 86' lang='grc' dir='ltr'><strong><em>ὅς</em></strong></span> <span class='ocrx_word' id='word_1_302' title='bbox 1012 3519 1092 3563; x_wconf 90' lang='grc' dir='ltr'><strong><em>ποτε</em></strong></span> <span class='ocrx_word' id='word_1_303' title='bbox 1111 3493 1246 3564; x_wconf 76' lang='grc' dir='ltr'><strong><em>κάκεῖνο</em></strong></span> 
     </span>
    </p>
   </div>
   <div class='ocr_carea' id='block_1_3' title="bbox 0 0 1318 4092">
    <p class='ocr_par' dir='ltr' id='par_1_4' title="bbox 0 0 1318 4092">
     <span class='ocr_line' id='line_1_34' title="bbox 0 0 1318 4092; baseline 0 1"><span class='ocrx_word' id='word_1_304' title='bbox 0 0 1318 4092; x_wconf 95' lang='lat' dir='ltr'><strong><em> </em></strong></span> 
     </span>
    </p>
   </div>
  </div>
 </body>
</html>
