2625 4092
441 327 734 386 MAKPOBIOI
1034 321 1094 385 197

85 493 212 574 λεύων,
229 489 312 575 πρὸς
327 487 368 558 δν
380 493 435 558 καὶ
448 494 601 556 Σκιπίων
618 485 636 554 ὁ
651 494 720 553 τῶν
727 485 897 571 Ῥωμαίων
912 483 1095 572 στρατηγός

85 588 240 676 άφίκετο,
273 588 335 656 δύο
357 592 412 655 καὶ
439 585 644 673 ὀγδοήκοντα
671 589 754 653 ἐτῶν
778 588 902 666 ἐξέλιπε
927 583 986 652 τδν
1007 592 1092 673 βίον.

86 693 136 754 13.
153 687 368 771 Μιθριδάτης
380 685 415 752 δέ
428 683 445 752 ὁ
456 686 593 751 Πόντου
603 680 760 770 βασιλεύς
775 680 793 750 δ
808 685 1095 769 προσαγορευθεὶς

85 791 216 868 κτίστης
230 781 421 869 Ἀντίγονον
435 781 496 850 τὸν
515 783 764 867 μονόφθαλμον
781 779 919 867 φεύγων
934 784 986 849 ἐπὶ
1001 782 1095 850 Πόν-

85 910 147 949 του
164 885 353 970 ἐτελεύτησε
367 883 491 970 βιώσας
506 889 561 967 ἔτη
573 884 717 963 τέσσαρα
727 881 782 949 καί
793 876 1010 967 ὀγδοήκοντα,
1027 878 1094 946 ὥσ-

86 1008 148 1062 περ
161 980 358 1067 Ἱερώνυμος
378 985 503 1064 ίστορεῑ
516 981 570 1047 καὶ
585 977 680 1046 άλλοι
698 991 912 1064 συγγραφεῖς.
937 975 1094 1061 Ἀριαρά-

84 1090 150 1164 θης
166 1080 200 1146 δὲ
215 1078 480 1147 ὁΚαππαδοκων
494 1074 651 1165 βασιλεύς
666 1077 728 1144 δύο
740 1079 802 1162 μὲν
817 1079 870 1144 καὶ
886 1074 1094 1163 ὀγδοήκοντα

86 1185 200 1263 ἔζησεν
215 1183 287 1263 ἔτη,
306 1176 351 1256 ὡς
361 1176 559 1263 Ἱερώνυμος
573 1180 712 1260 ίστορεῑ·
735 1177 885 1261 ἐδυνήθη
902 1176 936 1244 δὲ
949 1185 1027 1252 ἴσως
1039 1176 1093 1243 καὶ

85 1280 136 1344 ἐπὶ
153 1279 255 1343 πλέον
269 1277 497 1361 διαγενέσθαι,
515 1273 590 1342 ἀλλ’
605 1277 642 1340 έν
656 1280 697 1362 τῇ
711 1271 793 1357 πρὸς
803 1278 995 1357 Περδίκκαν
1005 1274 1092 1358 μάχη

85 1376 266 1462 ζωγρηθεὶς
280 1373 558 1460 ἀνεσκολοπίσθη.
589 1378 638 1442 14.
655 1380 768 1455 Κῦρος
788 1372 824 1439 δέ
839 1371 857 1439 ὁ
873 1378 1015 1454 Περσαλν
1029 1378 1093 1457 βα-

85 1473 198 1552 σιλεὺς
211 1472 228 1538 ὁ
242 1472 397 1558 παλαιός,
414 1471 458 1550 ὡς
473 1478 633 1559 δηλοῦσιν
644 1475 678 1540 οί
686 1479 828 1556 Περσῶν
839 1473 894 1538 καὶ
910 1469 1092 1554 Ἀσσυρίων

84 1565 177 1656 ὧροι,
190 1565 238 1649 οἷς
249 1574 303 1638 καί
316 1569 538 1657 Ὀνησίκριτος
548 1567 565 1638 ὁ
575 1567 615 1638 τά
627 1571 702 1652 περὶ
714 1567 933 1654 Ἀλεξάνδρου
943 1569 1092 1654 σνγγρά-
1109 1581 1163 1637 218

83 1685 149 1749 φας
173 1683 368 1755 συμφωνεῖν
395 1672 501 1752 δοκεῖ,
527 1668 765 1752 ἑκατοντούτης
790 1667 970 1752 γενόμενος
990 1665 1091 1750 ἐζήτει

83 1767 146 1852 μέν
166 1769 224 1834 ἕνα
240 1769 379 1834 ἕκαστον
395 1773 463 1834 τῶν
481 1772 606 1850 φίλων,
629 1763 752 1851 μαθων
767 1766 802 1832 δὲ
819 1763 897 1842 τούς
918 1769 1092 1839 πλείστους

82 1865 355 1949 διεφθαρμένους
376 1861 442 1931 ὑπό
457 1865 645 1950 Καμβύσου
662 1871 724 1930 τού
740 1868 845 1948 νίέος,
869 1865 923 1930 καί
939 1861 1090 1947 φάσκον-

83 1990 139 2039 τος
151 1964 336 2049 Καμβύσου
347 1961 430 2030 κατά
442 1962 636 2047 πρόσταγμα
646 1960 684 2029 τό
695 1966 824 2031 ἐκείνου
835 1969 938 2029 ταῦτα
949 1986 1091 2046 πεποιη-

83 2064 194 2144 κέναι,
211 2057 247 2126 τὸ
265 2064 326 2146 μέν
339 2088 371 2128 τι
385 2059 470 2143 πρὸς
480 2060 540 2146 τήν
557 2059 708 2148 ὠμότητα
721 2068 783 2128 τοῦ
796 2065 874 2128 υίού
886 2065 1089 2148 διαβληθείς,

82 2157 119 2225 τὸ
133 2160 173 2225 δέ
181 2186 211 2224 τι
223 2155 266 2235 ὡς
277 2165 537 2246 παρανομοῦντα
552 2157 656 2226 αὐτόν
671 2161 902 2244 αἰτιασάμενος
913 2158 1092 2245 ἀθυμήσας

82 2255 235 2323 ἐτελεύτα
252 2254 312 2324 τὸν
334 2264 418 2345 βίον.
450 2262 499 2326 15.
519 2255 730 2344 Ἀρταξέρξης
746 2256 763 2324 ὁ
782 2259 937 2344 Μνήμων
956 2261 1091 2342 ἐπικλη-

82 2363 175 2440 θείς,
190 2353 244 2440 ἐφ’
262 2352 302 2423 δν
313 2363 426 2442 Κῦρος
441 2355 616 2442 ὁάδελφός
627 2358 884 2443 ἐστρατεύσατο,
902 2357 1092 2444 βασιλεύων

81 2458 119 2523 έν
134 2457 279 2539 Πέρσαις
293 2457 482 2544 ἐτελεύτησε
497 2458 586 2547 νόσφ
599 2460 632 2536 ἓξ
647 2459 701 2524 καί
717 2454 922 2543 ὀγδοήκοντα
940 2459 1023 2524 ε’τοῖν
1034 2481 1091 2540 γε-

83 2555 241 2641 νόμενος,
266 2552 309 2634 ὡς
330 2559 365 2625 δὲ
385 2566 519 2626 Δείνων
536 2562 675 2639 ίστορεί,
702 2558 873 2639 τεσσάρων
894 2557 948 2623 καὶ
974 2554 1091 2639 ἐνενή-

82 2682 194 2723 κοντα.
222 2652 432 2742 Ἀρταξέρξης
448 2659 559 2739 ἕτερος
573 2663 717 2736 Περσῶν
735 2653 907 2741 βασιλεύς,
930 2653 971 2720 όν
987 2674 1092 2739 φησιν

83 2759 135 2824 ἐπί
159 2761 227 2821 τῶν
249 2757 401 2838 πατέρων
427 2762 495 2822 των
520 2755 642 2822 ἑαυτοῦ
665 2752 830 2837 Ἰσίδωρος
851 2751 868 2820 ὁ
891 2751 1090 2838 Χαρακηνός

81 2852 299 2940 συγγραφεύς
314 2854 520 2939 βασιλεύειν.
545 2859 600 2940 ἔτη
616 2861 689 2938 τρία
704 2856 758 2921 καὶ
776 2854 976 2939 ἐνενήκοντα
993 2850 1090 2940 βιούς

80 2957 241 3040 ἐπιβουλή
253 2950 421 3038 τάδελφοὺ
432 2959 613 3035 Γωσίθρου
630 2955 874 3041 ἐδολοφονήθη.
897 2953 1088 3037 Σινατρού-
1106 2967 1158 3021 21⁹

81 3081 142 3140 κης
159 3054 195 3120 δέ
210 3051 228 3120 ὁ
240 3061 449 3137 Παρθυαίων
462 3055 618 3140 βασιλεὺς
632 3059 704 3132 ἔτος
719 3051 943 3141 ὀγδοηκοστὸν
957 3053 1021 3140 ήδη
1032 3079 1089 3138 γε-

79 3150 190 3240 γονοδς
205 3150 269 3218 άπὸ
288 3155 523 3236 Σακαυράκων
537 3161 688 3220 Σκυθῶν
705 3157 880 3240 καταχθεὶς
900 3154 1089 3240 βασιλεύειν

78 3251 201 3338 ἤρξατο
217 3251 271 3319 καὶ
287 3254 502 3337 ἐβασίλευσεν
516 3258 571 3337 ἔτη
586 3254 676 3321 ἑπτά.
710 3253 876 3339 Τιγράνης
893 3252 928 3319 δὲ
943 3249 960 3319 ὁ
974 3251 1089 3335 Ἀρμε-

78 3359 163 3418 νίων
184 3351 355 3434 βασιλεύς,
379 3347 463 3433 πρὸς
485 3347 525 3414 δν
540 3353 752 3429 Λεύκουλλος
769 3356 965 3435 ἐπολέμησε,
991 3353 1089 3417 πέντε

78 3453 134 3517 καὶ
151 3449 356 3535 ὀγδοήκοντα
374 3451 457 3515 ἐτῶν
475 3451 625 3517 ἐτελεύτα
647 3451 745 3540 νόσῳ.
780 3457 828 3518 16.
842 3450 1036 3534 ’Ῥσπασίνης
1052 3451 1087 3515 δέ

78 3547 96 3616 δ
112 3551 268 3628 Χάρακος
282 3553 337 3616 καί
351 3558 418 3615 των
435 3549 507 3616 κατ’
527 3550 677 3630 έρνθράν
693 3553 805 3616 τόπων
820 3550 975 3635 βασιλεύς
990 3553 1088 3616 πέντε
