2625 4092
252 333 315 398 182
606 333 917 400 AOYKIANOY

252 495 313 583 τήν
328 494 460 583 ὀροφήν
480 490 652 576 ἀνακῦψαι
668 497 724 562 καὶ
744 491 807 580 τήν
823 510 915 580 χεῖρα
930 500 1091 566 ἐπισεῖσαι
1109 501 1165 566 καὶ
1183 496 1261 566 καθ’

184 611 228 666 191
250 593 392 681 ἡσυχίαν
405 593 554 682 ἡσθῆναι
571 595 636 661 δέει
651 601 712 660 τοῦ
727 590 771 678 μή
788 588 831 660 ἀν
846 599 1037 680 δυνηθῆναι
1048 597 1144 676 ἀξιόυ
1155 625 1187 664 τι
1199 606 1262 663 τῶν
1306 607 1307 684 ]

251 697 467 780 βλεπομένων
483 699 603 772 εἰπεῖν,
619 691 709 770 ὅστις
724 693 760 758 δὲ
776 689 856 777 μετά
873 697 1022 810 παιδείας
1035 692 1098 783 ὁρᾷ
1110 693 1151 761 τά
1167 694 1261 810 καλά,

251 789 314 860 οὐκ
329 789 373 857 ἀν
380 790 516 877 ,οἶμαι
534 789 736 877 ἀγαπήσειεν
752 788 826 870 ὄψει
844 791 931 880 μόνη
947 813 1214 877 καρπωσαμενος
1227 820 1261 857 το
1306 811 1307 874 ,

249 888 397 976 τερπνὰν
413 887 523 959 οὐδ’
502 918 545 957 αν
562 888 742 975 ὑπομείναι
756 886 893 1014 ἀφωνος
905 887 1028 976 θεατής
1041 915 1103 957 του
1089 889 1307 1016 κάλλουή
1306 909 1307 956 ι

250 991 425 1075 γενέσθαι,
448 990 639 1072 πειράσεται
656 985 731 1054 δε“
711 1015 754 1066 ως
769 983 842 1056 οἷόν
862 1015 897 1054 τε
912 1017 966 1056 και
957 992 1196 1071 ἐνδιατρῖψαι
1212 992 1261 1056 καὶ
1306 1003 1307 1072 ξ

251 1088 341 1177 λόγῳ
358 1084 564 1172 ἀμείψασθαι
578 1083 640 1171 τήν
653 1086 748 1152 δίαν.
781 1083 841 1152 3.
825 1113 845 1170 η
862 1085 897 1153 δε
913 1083 1033 1172 ἀμοιβή
1050 1085 1112 1154 οὑκ
1128 1093 1264 1164 ἔπαινος

250 1193 313 1252 τοῦ
328 1195 425 1254 οίκον
445 1186 552 1271 μόνον
566 1183 800 1269 -τοῦτομὲν
820 1181 883 1268 γάρ
901 1194 980 1261 ίσως
996 1187 1110 1274 ἐκείνῳ
1131 1193 1178 1275 τῷ
1205 1213 1262 1270 νη-

250 1283 351 1373 σιῶτη
366 1289 525 1372 μειρακίῳ
536 1289 674 1366 ἔπρεπε,
691 1279 753 1366 τήν
760 1284 943 1350 Μενελάου
955 1289 1063 1350 οἰκίαν
1074 1279 1260 1367 ὑπερεκπε-

249 1389 396 1467 πλῆχθαι
415 1381 472 1449 καὶ
486 1376 570 1466 πρὸς
583 1377 624 1447 τά
640 1383 677 1446 έν
695 1377 830 1470 ούρανῶ
847 1378 931 1448 καλά
952 1381 1011 1448 τὸν
1026 1382 1194 1466 ἐλέφαντα
1211 1382 1261 1447 καί
1304 1439 1305 1446 ,

248 1478 310 1548 τὺν
323 1477 451 1566 χρυσὸν
465 1476 567 1565 αύτής
581 1475 786 1562 ἀπεικάζειν,
805 1476 862 1545 ἀτε
878 1479 982 1564 μηδὲν
998 1481 1034 1546 έν
1049 1485 1092 1567 γῇ
1110 1478 1221 1546 καλόν
1234 1506 1262 1544 τι

249 1576 330 1647 ἀλλο
350 1577 511 1665 ἑωρακότι
525 1617 570 1628 -
585 1573 670 1644 ἀλλά
690 1578 746 1646 καὶ
763 1574 800 1644 τὺ
823 1584 927 1645 εἰπεῖν
948 1580 984 1644 ἐν
999 1575 1162 1666 αὐτῷκαὶ
1184 1573 1261 1654 τοῦς
1304 1573 1305 1616 3

231 1760 235 1766 Ι
247 1683 438 1764 βελτίστους
460 1677 711 1761 συγκαλέσαντα
735 1675 846 1762 λόγων
872 1678 1026 1756 ἐπίδειξιν
1054 1675 1261 1761 ποιήσασθαι

248 1778 347 1861 μέρος
361 1799 421 1841 τον
407 1777 579 1841 ἐπαίνου
594 1776 647 1842 καὶ
663 1780 762 1840 τοῦτο
780 1775 838 1857 γέι
840 1798 907 1840 οιτο
923 1771 974 1840 ἀν.
999 1776 1054 1841 καὶ
1068 1770 1106 1840 τὸ
1122 1779 1259 1859 πρᾶγμα

248 1869 538 1958 ὑπερήδιστον,
504 1898 612 1958 οιμαι,
630 1867 766 1939 οίκωνὸ
785 1871 986 1949 κάλλιστος’
969 1898 1003 1949 ες
1016 1868 1192 1956 ὑποδοχὴν
1204 1872 1259 1938 λό-

246 1997 318 2056 γων
342 1969 616 2057 ἀναπεπταμένος
635 1971 691 2038 καὶ
715 1972 855 2036 ἐπαίνου
875 1971 929 2036 καλ
954 1968 1117 2055 εὐφημίας
1141 1968 1259 2055 μεστὸς

248 2096 311 2150 ων,
329 2066 436 2156 ήρέμα
446 2067 554 2138 παῦ’
513 2066 613 2148 αντδς
625 2067 736 2153 ῶσπερ
747 2063 786 2134 τά
797 2065 902 2150 ἀντρα
915 2075 1113 2154 συνεπηχῶν
1124 2070 1258 2144 καὶτοῖς

246 2170 437 2253 λεγομένοις
451 2173 722 2290 παρακολουθῶν
736 2167 792 2233 καλ
806 2171 1016 2250 παρατεινων
1029 2164 1069 2234 τά
1086 2173 1257 2233 τελευταῖα

245 2273 304 2352 τῆς
326 2273 441 2353 φωνῆς
462 2270 603 2346 καὶτοῖς
626 2267 779 2344 ὑστάτοις
804 2273 872 2333 τῶν
893 2267 1005 2385 λόγων
1024 2266 1256 2354 ἐμβραδύνων,
1306 2275 1307 2318 ¹

246 2373 374 2451 μᾶλλον
389 2363 468 2434 δὲ’
445 2393 491 2445 ως
504 2365 548 2435 ἀν
561 2394 611 2446 τις
629 2361 780 2451 εὐμαθής
796 2361 960 2452 ἀκροατής
976 2365 1257 2451 διαμνημονεύων

245 2462 286 2532 τά
301 2466 456 2551 εἰρημένα
471 2463 600 2534 καὶτὸν
616 2467 756 2551 λέγοντα
770 2466 916 2532 ἐπαινῶν
931 2468 985 2533 καὶ
1003 2462 1177 2534 ἀντίδοσιν
1196 2463 1257 2532 ούκ

244 2563 398 2650 ἀμουσον
413 2566 615 2654 ποιούμενος
629 2562 713 2650 πρὸς
728 2561 830 2631 αύτά·
859 2558 932 2632 οἷόν
945 2591 978 2631 τι
992 2565 1159 2652 πάσχουσι
1172 2563 1256 2651 πρὸς

244 2662 285 2731 τά
307 2660 481 2749 αὐλήματα
499 2673 568 2734 τῶν
588 2667 758 2752 ποιμένων
775 2667 813 2732 αλ
826 2666 959 2731 σκοπιαὶ
976 2667 1183 2732 ἐπαυλοῦσαι
1200 2673 1256 2752 τῆς

244 2768 360 2849 φωνῆς
374 2763 577 2850 ἐπανιούσης
598 2760 682 2831 κατὰ
702 2759 740 2830 τό
763 2761 945 2833 ἀντίτυπον
967 2765 1021 2832 καὶ
1042 2761 1126 2849 πρὸς
1148 2761 1255 2850 αὑτήν

243 2859 537 2950 ἀναστρεφούσης·
566 2868 601 2932 οί
612 2865 648 2932 δὲ
666 2867 792 2931 ἰδιῶται
809 2868 980 2950 νομίζουσι
994 2866 1169 2948 παρθένον
1180 2862 1254 2931 τινά

244 2960 329 3030 εἶναι
349 2959 411 3048 τήν
426 2960 652 3051 ἀμειβομένην
670 2959 749 3040 τοῦς
766 2961 909 3052 μ”δουτας
925 2958 947 3049 ἢ
964 2970 1114 3050 βοῶντας
1134 2966 1173 3032 ἐν
1196 2970 1254 3050 με’-

242 3081 313 3137 σοις
323 3084 391 3127 που
404 3075 472 3139 τοῖς
483 3078 643 3150 κρημνοῖς
656 3069 881 3131 κατοικοῦσαν
891 3065 946 3130 καὶ
958 3070 1126 3131 λαλοῦσαν
1139 3067 1175 3131 ἐκ
1186 3071 1254 3131 τῶν
1306 3105 1307 3152 i

174 3171 224 3224 192
241 3165 373 3243 πετρῶν
387 3163 540 3230 ἔνδοθεν.
571 3166 602 3231 4.
622 3160 729 3249 ἔμοιγ’
746 3153 810 3228 οὑν
822 3166 916 3229 δοκεῖ
928 3165 983 3229 καὶ
996 3165 1253 3246 συνεξαίρεσθαι
1306 3155 1307 3218 λ

240 3266 337 3325 οίκου
359 3267 556 3351 πολυτελείᾳ
573 3259 672 3349 ήτοῦ
692 3267 847 3348 λέγοντος
868 3263 986 3348 γνῶμη
1006 3265 1061 3331 καλ
1075 3259 1161 3347 πρὸς
1173 3261 1251 3339 τούς

238 3356 364 3443 λόγους
378 3361 623 3446 ἐπεγείρεσθαι,
641 3361 796 3443 καθάπερ
812 3387 843 3428 τι
854 3361 908 3428 καὶ
923 3359 1179 3450 ὑποβαλλούσης
1196 3370 1250 3446 τῆς

239 3459 338 3535 θέας·
367 3456 487 3545 σχεδδν
505 3457 571 3547 γάρ
587 3466 692 3543 είσρεῑ
703 3486 735 3526 τι
752 3457 806 3526 διὰ
821 3467 890 3528 τῶν
910 3457 1100 3546 ὀφθαλμῶν
1116 3463 1169 3527 ἐπὶ
1188 3459 1249 3544 τήν

240 3553 352 3642 ψυχήν
365 3557 488 3642 καλόν,
507 3556 575 3624 εἶτα
592 3555 677 3640 πρὸς
690 3555 772 3625 αύτδ
790 3557 984 3646 κοσμήσασα
999 3563 1156 3645 ἐκπέμπει
1171 3559 1248 3635 τοὺς
1306 3579 1307 3582 ’
