2625 4092
245 299 307 362 154
586 340 589 347 ·
609 299 899 360 AofflANor

245 569 387 639 ΠΕΡΙ
412 569 532 638 ΤΟΥ
553 569 638 637 ΜΗ
668 568 901 636 mmm
927 567 1252 638 ΠΙΣΤΕΥΕΙΝ

610 685 887 753 ΔΙΑΒΟΛΗα
1299 709 1301 828 γ

330 867 357 928 l.
377 859 504 930 Δεινόν
523 885 561 946 γε
581 857 601 945 ἡ
618 858 737 944 ἀγνοια
759 861 814 927 καὶ
829 865 963 926 πολλῶν
983 866 1096 927 κακῶν
1112 857 1249 944 ἀνθρώ·
1299 849 1301 878 ¹

243 984 317 1038 ποις
330 964 435 1043 αἰτία,
454 956 565 1041 ῶσπερ
580 956 686 1042 ἀχλῦν
703 983 777 1022 τινα
795 960 999 1042 καταχέουσα
1013 966 1081 1025 τῶν
1095 959 1249 1044 πραγμά-

241 1083 310 1124 των
325 1060 379 1124 καί
394 1054 455 1142 τὴν
470 1055 635 1142 ἀλήθειαν
654 1055 853 1142 ἀμαυροῦσα
870 1053 1000 1123 καὶτὸν
1018 1057 1160 1124 ἑκάστου
1176 1065 1250 1143 βίον

242 1155 504 1241 ἐπηλυγάζουσα.
529 1158 566 1223 ἐν
581 1155 688 1243 σκότῳ
704 1161 789 1238 γοῦν
803 1156 1032 1238 πλανωμένοις
1045 1156 1169 1234 πάντες
1186 1159 1250 1222 ἐοί-

177 1267 224 1324 126
243 1279 366 1340 καμεν,
386 1253 567 1339 μᾶλλονδὲ
588 1261 726 1338 τυφλοῖς
748 1250 846 1336 ὅμοια
867 1251 1102 1338 πεπόνθαμεν,
1124 1261 1171 1343 τῷ
1192 1255 1250 1338 μὲν

243 1358 504 1435 προσπταίοντες
515 1350 654 1437 ἀλόγως,
670 1349 707 1416 τό
720 1350 755 1417 δὲ
767 1349 1034 1435 ὑπερβαίνοντες,
1050 1348 1151 1418 οῦδὲν
1164 1353 1249 1430 δέον,

244 1454 298 1518 καὶ
315 1449 351 1518 τδ
369 1451 431 1536 μὲν
445 1458 587 1536 πλησίον
605 1452 658 1516 καὶ
676 1446 765 1530 παρά
781 1449 887 1527 πόδας
901 1445 962 1534 οάχ
977 1447 1138 1532 ὁρῶντες,
1159 1448 1199 1514 τδ
1216 1451 1250 1513 δέ

243 1550 359 1632 πόρρω
374 1553 427 1618 καὶ
438 1550 598 1635 πάμπολυ
609 1545 780 1630 διεστηκὸς
791 1543 835 1624 ῶς
847 1549 1007 1632 ἐνοχλοῦν
1017 1547 1180 1624 δεδιότες·
1198 1547 1250 1612 καὶ

244 1647 329 1726 ὅλως
344 1645 399 1732 ἐφ’
420 1647 563 1715 ἑκάστου
579 1653 646 1712 τῶν
664 1648 900 1729 πραττομένων
922 1642 963 1711 οῦ
979 1649 1194 1729 διαλείπομεν
1211 1639 1249 1709 τά

245 1747 351 1814 πολλὰ
367 1744 626 1822 ὀλισθαίνοντες.
649 1743 817 1828 τοιγάρτοι
831 1751 950 1827 μυρίας
967 1740 1029 1828 ἤδη
1042 1757 1108 1818 τοῖς
1120 1768 1250 1830 τραγῳ-

245 1845 497 1922 δοδιδασκάλοις
507 1842 662 1929 ἀφορμάς
674 1849 718 1921 εἰς
733 1841 772 1910 τά
791 1844 939 1927 δράματα
953 1841 990 1910 τό
1003 1850 1135 1910 τοιοῦτο
1147 1845 1250 1925 παρέ·

244 1967 374 2032 σχηται,
387 1942 465 2022 τοῦς
478 1949 688 2030 Λαβδακίδας
699 1945 754 2010 καὶ
764 1939 843 2020 τοῦς
853 1946 1041 2020 Πελοπίδας
1052 1942 1105 2010 καὶ
1118 1941 1157 2008 τά
1170 1941 1248 2008 τού-

244 2068 313 2120 τοις
323 2042 535 2126 παραπλήσια
546 2067 552 2078 ·
569 2036 762 2125 σχεδόνγάρ
774 2037 956 2107 τὰπλεῖστα
967 2045 1034 2104 τῶν
1046 2043 1083 2105 ἐν
1092 2045 1132 2126 τη
1145 2045 1250 2124 σκηνῇ

243 2240 355 2320 θάπερ
369 2235 433 2305 ῦπδ
446 2244 608 2321 τραγικοῦ
618 2263 708 2314 τινος
719 2241 876 2320 δαίμονος
887 2239 1150 2321 κεχορηγημένα·
1167 2242 1251 2321 λέγω

244 2337 279 2404 δέ
298 2336 353 2402 καὶ
369 2338 401 2412 ές
411 2333 451 2402 τά
464 2334 547 2402 ἀλλα
563 2335 625 2420 μέν
639 2333 854 2420 ἀποβλέπων,
870 2336 1011 2418 μάλιστα
1023 2333 1058 2401 δέ
1074 2338 1106 2414 ές
1117 2334 1177 2412 τάς
1189 2333 1249 2401 οῦκ

244 2431 381 2520 ἀληθείς
395 2430 477 2500 κατά
490 2440 557 2499 τῶν
568 2435 732 2518 συνήθων
746 2437 799 2499 καὶ
814 2440 922 2516 φίλων
937 2434 1109 2519 διαβολάς,
1127 2431 1189 2518 ὑφ’
1203 2425 1250 2501 ῶν

175 2542 224 2600 12⁷
244 2531 308 2619 ἤδη
325 2533 378 2600 καὶ
391 2530 475 2599 οἶκοι
488 2529 668 2598 ἀνάστατοι
679 2532 835 2615 γεγόνασι
850 2532 905 2598 καὶ
921 2529 1033 2606 πόλεις
1047 2529 1155 2616 ἀρδην
1167 2529 1251 2597 ἀπο-

243 2630 368 2698 λῶλασι
384 2633 520 2712 πατέρες
534 2656 569 2696 τε
583 2627 666 2696 κατά
681 2632 810 2696 παίδων
826 2629 1031 2713 ἐξεμάνησαν
1045 2629 1100 2696 καὶ
1112 2628 1252 2715 ἀδελφοὶ

243 2725 324 2795 κατά
337 2734 405 2794 τῶν
417 2725 590 2812 ὁμογενῶν
602 2728 658 2795 καὶ
669 2731 783 2805 παῖδες
798 2725 880 2794 κατὰ
895 2734 963 2793 τῶν
974 2732 1184 2811 γειναμένων
1199 2729 1254 2798 καὶ

244 2829 376 2907 ἐρασταὶ
393 2823 475 2894 κατὰ
487 2834 554 2893 τῶν
567 2830 758 2911 ἐρωμένων·
782 2827 899 2894 πολλαὶ
913 2824 949 2891 δέ
963 2827 1018 2892 καὶ
1031 2831 1139 2910 φιλίαι
1150 2848 1250 2893 συνε-

245 2925 397 3009 κόπησαν
411 2927 465 2991 καὶ
480 2921 564 2990 οἶκοι
588 2925 826 3009 συνεχύθησαν
847 2921 912 2990 ὑπὸ
928 2930 985 3008 της
1001 2920 1084 2989 κατά
1100 2923 1160 3001 τάς
1179 2929 1251 2991 δια-

244 3021 346 3111 βολάς
360 3023 593 3107 πιθανότητος.
617 3031 645 3090 2.
664 3022 709 3090 ἵν’
731 3015 794 3089 οῦν
810 3020 853 3101 ῶς
868 3021 986 3108 ἥκιστα
1002 3029 1253 3110 περιπίπτωμεν

243 3119 374 3206 αὐταῖς,
390 3117 557 3199 ὑποδεῖξαι
574 3121 738 3209 βούλομαι
754 3128 798 3211 τῷ
814 3120 902 3210 λόγῳ
917 3121 1072 3200 καθάπερ
1091 3123 1147 3188 ἐπί
1162 3147 1254 3198 τινος

242 3225 374 3304 γραφῆς
390 3216 508 3286 ὁποῖόν
518 3226 553 3286 τί
564 3217 686 3305 ἐστινὴ
702 3215 839 3312 διαβολὴ
852 3219 906 3285 καὶ
921 3218 1031 3285 πόθεν
1046 3215 1182 3304 άρχεται
1199 3221 1253 3286 καλ

242 3315 340 3385 ὁποία
365 3316 543 3401 ἐργάζεται.
572 3315 752 3402 μᾶλλονδὲ
771 3313 926 3402 Ἀπελλῆς
947 3314 964 3382 ὁ
983 3313 1133 3402 Ἐφέσιος
1149 3318 1252 3386 πάλαι

241 3414 366 3500 ταύτην
381 3411 552 3503 προῦλαβε
565 3414 627 3503 τὴν
643 3417 772 3483 είκόνα·
796 3416 850 3483 καὶ
863 3412 928 3499 γάρ
943 3407 988 3481 αὖ
999 3415 1054 3482 καὶ
1065 3407 1167 3493 οῦτος
1178 3422 1253 3484 δια-

241 3514 378 3597 βληθεὶς
388 3509 471 3595 πρός
479 3511 541 3581 ’τόν
549 3521 756 3599 Πτολεμαῖον
767 3512 810 3592 ῶς
819 3511 1026 3600 μετεσχηκῶς
1036 3514 1186 3605 Θεοδότα
1197 3521 1253 3600 τῆς
