2625 4092
242 269 304 332 244
599 275 901 335 AOYKIANOY
952 294 954 299 ·

242 439 422 517 κοιμᾶσθαι
435 431 499 518 γάρ
514 430 576 518 ήδη
593 437 714 520 καλόν,
733 439 880 504 ἐνταῦθα
896 437 1044 507 κάθευδε
1059 436 1141 524 μεθ’
1154 437 1240 528 ήμών

241 534 323 614 μέση
342 528 547 615 ἀμφοτέρων.

325 633 464 696 ΚΛΩΝ.
484 626 699 710 Ἐκώθευδες;
720 628 757 698 τό
773 629 854 715 μετὰ
868 633 967 700 τοῦτο
983 642 1016 701 τί
1027 637 1177 721 έγένετος

325 731 353 792 3.
372 734 490 797 ΛΕΑΙ.
513 735 725 813 Κατεφίλουν
741 757 781 815 με
802 727 990 815 τὸπρῶτον
1010 731 1122 817 ὥσπερ
1139 739 1174 801 οί
1188 733 1241 800 ἀν-

241 830 332 906 δρες,
356 823 418 892 οὐκ
440 824 521 893 αὐτὸ
540 827 647 912 μόνον
665 829 955 914 προσαρμόζουσαι
975 828 1015 898 τὰ
1038 839 1148 917 χείλη,
1174 828 1240 900 ἀλλ’

241 922 485 1010 ὑπανοίγουσαι
501 923 538 993 τὸ
560 927 683 1011 στόμα,
708 931 762 994 καὶ
778 931 997 1013 περιέβαλλον
1013 931 1068 996 καὶ
1089 929 1170 1008 τούς
1186 957 1242 1015 μα-

241 1018 339 1100 στούς
355 1020 557 1110 ἀπέθλιβον·
586 1023 605 1112 ή
623 1027 837 1112 Δημώνασσα
854 1028 889 1093 δὲ
910 1029 964 1095 καὶ
985 1033 1104 1095 ἔδακνε
1127 1015 1243 1113 μεταξά

239 1128 485 1204 καταφιλοῦσα·
514 1119 578 1208 ἐγώ
594 1121 630 1188 δὲ
644 1120 706 1188 οὐκ
723 1120 811 1208 εἶχον
827 1123 956 1191 εἰκάσαι
971 1123 992 1190 ό
1010 1152 1042 1192 τι
1060 1124 1097 1192 τό
1114 1135 1243 1210 πρᾶγμα

241 1228 300 1304 εἴη.
329 1219 439 1309 χρόνφ
454 1220 490 1287 δὲ
507 1218 527 1306 ή
544 1225 696 1306 Μέγιλλα
715 1220 909 1305 ὑπόθερμος
923 1221 986 1307 ήδη
1003 1214 1088 1288 οὖσα
1104 1221 1168 1308 τήν
1188 1223 1244 1308 μὲν

239 1318 394 1403 πηνήκην
410 1317 562 1402 ἀφείλετο
579 1326 635 1404 τῆς
650 1326 813 1404 κεφαλῆς,
830 1322 977 1387 ἐπέκειτο
993 1321 1027 1387 δέ
1043 1322 1136 1387 πάνυ
1151 1319 1244 1406 ὁμοία

239 1417 294 1482 καὶ
308 1415 500 1500 προσφυής,
525 1419 579 1484 καὶ
595 1419 632 1482 έν
646 1424 714 1505 χρῷ
731 1414 832 1504 ώφθη
846 1415 929 1503 αάτή
944 1418 1100 1500 καθάπερ
1116 1423 1151 1484 οἱ
1163 1419 1245 1503 σφό-

239 1520 302 1596 δρα
320 1510 501 1596 ἀνδρώδεις
517 1522 585 1581 τών
599 1513 755 1598 ἀθλητῶν
770 1513 1039 1601 ἀποκεκαρμένη·
1064 1513 1159 1601 κάγώ
1175 1519 1245 1583 ἐτα-

195 1652 197 1656 -
239 1611 371 1697 ράχθην
386 1617 514 1680 ίδούσα.
543 1611 564 1698 ή
587 1616 639 1696 δέ,
660 1605 700 1678 Ὦ
716 1615 857 1696 Λέαινα,
883 1619 1002 1698 φησίν,
1020 1613 1172 1694 ἑώρακας
1186 1611 1246 1698 ήδη

170 1725 218 1780 291
241 1709 328 1777 οὕτω
341 1710 444 1779 καλὸν
455 1718 651 1792 νεανίσκους
671 1710 756 1778 Ἀλλ’
769 1707 828 1796 οὐχ
838 1709 907 1794 ὁρώ
919 1738 967 1796 γε,
984 1716 1070 1796 ἔφην
1082 1710 1159 1795 ἐγώ,
1172 1737 1246 1776 νεα·
1299 1720 1300 1765 3

240 1815 357 1876 νίσκον
372 1812 537 1895 ἐνταῦθα,
554 1802 755 1894 ώΜέγιλλα.
785 1810 847 1895 Μή
861 1837 901 1895 με
919 1810 1154 1894 καταθήλυνε,
1173 1814 1246 1893 ἔφη,

241 1908 408 1991 Μέγιλλος
422 1906 486 1990 γὰρ
499 1906 561 1994 ἐγώ
577 1911 715 1993 λέγομαι
726 1909 781 1975 καλ
795 1908 966 1993 γεγάμηκα
983 1908 1155 1991 πρόπαλαι
1167 1904 1245 1971 ταύ-

117 1995 119 2000 ’
239 2030 301 2087 την
315 2002 377 2089 τήν
392 2005 646 2091 Δημώνασσαν,
665 2007 718 2072 καλ
734 2011 824 2072 ἔστιν
839 2002 899 2092 ἐμή
915 2006 1012 2091 γυνή.
1046 2006 1205 2088 ἐγέλασα,
1224 1995 1246 2068 ό

239 2103 448 2183 Κλωνάριον,
464 2104 516 2170 ἐπὶ
529 2102 636 2191 τοότφ
649 2104 704 2169 καὶ
713 2107 809 2188 ἔφην,
828 2100 965 2170 Οὐκοῦν
977 2100 1030 2185 ου’,
1048 2093 1074 2167 ώ
1087 2104 1247 2186 Μέγιλλε,

238 2197 324 2284 ἀνήρ
340 2226 389 2276 τις
406 2195 454 2266 ών
470 2201 640 2287 ἐλελήθεις
653 2199 756 2285 ἡμᾶς,
773 2201 927 2282 καθάπερ
944 2199 1006 2266 τδν
1016 2197 1165 2284 Ἀχιλλέα
1181 2223 1247 2282 φα·
1298 2252 1299 2301 η

238 2299 291 2365 σὶν
306 2301 342 2364 ἐν
357 2311 426 2375 ταῖς
442 2303 624 2380 παρθένοις
642 2299 876 2384 κρυπτόμενον
890 2313 961 2378 ταῖς
977 2297 1173 2382 ἀλουργίσις
1195 2299 1248 2363 καὶ

238 2394 274 2463 τό
292 2394 447 2481 ἀνδρεῖον
468 2397 503 2464 δὲ
518 2401 625 2465 έκεῖνο
642 2403 724 2482 ἔχεις
738 2400 792 2466 καὶ
810 2413 915 2475 ποιεῖς
931 2392 993 2484 τήν
1008 2396 1247 2482 Δημώνασσαν

237 2493 320 2579 ὅπερ
339 2501 371 2563 οί
390 2493 526 2579 ἀνδρες;
546 2493 669 2563 Ἐκεῖνο
685 2499 762 2582 μέν,
780 2502 861 2583 ἔφη,
880 2489 905 2563 ώ
923 2501 1065 2581 Λέαινα,
1087 2491 1153 2562 οόκ
1171 2501 1235 2580 ἔχω

238 2597 353 2679 δέομαι
369 2596 405 2662 δὲ
421 2593 499 2663 οὐδὲ
514 2595 605 2663 πάνυ
621 2593 740 2662 αὐτοῦ·
771 2600 858 2663 ίδιον
878 2598 918 2662 δέ
929 2622 1004 2662 τινα
1021 2595 1152 2675 τρόπον
1165 2593 1246 2682 ἡδίω

237 2693 327 2778 παρὰ
348 2693 435 2761 πολύ
451 2694 631 2781 ὁμιλοῦντα
648 2695 724 2774 όυει
739 2721 789 2780 με.
816 2692 912 2763 Ἀλλά
929 2693 973 2780 μή
983 2693 1246 2780 Ἑρμαφρόδιτος

239 2793 283 2878 εί,
300 2801 403 2880 ἔφην,
425 2789 489 2862 οἶοι
506 2797 621 2862 πολλοὶ
643 2793 727 2861 εἷναι
743 2797 894 2880 λέγονται
910 2791 1082 2878 ἀμφότερα
1099 2798 1246 2879 έχοντεςς

238 2899 283 2959 ἔτι
299 2891 362 2977 γὰρ
379 2891 544 2978 η’γνόουν,
563 2885 818 2977 ώΚλωυάριον,
834 2889 871 2958 τό
885 2899 1028 2976 πρᾶγμα.
1053 2890 1116 2975 Οὔ,
1133 2899 1245 2978 φησίν,

237 2988 319 3058 ἀλλὰ
335 2990 371 3057 τὸ
388 2999 456 3058 πᾶν
470 2988 556 3077 ἀνήρ
569 2999 642 3076 είμι.
667 2991 863 3076 4.Ἤκουσα,
878 2997 964 3078 ἔφην
978 2989 1055 3076 ἐγώ,
1069 2998 1127 3076 τής
1138 2999 1244 3060 Βοιω-

237 3096 307 3166 τίας
327 3087 523 3174 αὐλητρίδος
543 3086 783 3174 Ἰσμηνοδώρας
806 3092 1027 3176 διηγουμένης
1048 3087 1088 3156 τά
1110 3091 1245 3175 ἐφέστια
1296 3114 1297 3117 ’

236 3185 316 3269 παρ’
331 3185 459 3272 αὐτοῖς,
475 3185 518 3266 ὡς
528 3190 657 3272 γένοιτό
673 3216 722 3266 τις
736 3193 772 3257 έν
783 3191 909 3277 Θήβαις
924 3193 959 3257 έκ
975 3188 1138 3275 γυναικός
1148 3188 1245 3276 ἀνήρ,

237 3283 254 3350 ὁ
267 3283 299 3351 δ’
314 3282 414 3363 αὐτὸς
426 3289 479 3354 καὶ
490 3289 608 3372 μάντις
619 3287 768 3373 ἀριστος,
780 3287 887 3374 οἶμαι,
906 3294 1073 3370 Τειρεσίας
1084 3288 1242 3375 τοῦνομα.

237 3381 280 3468 μή
297 3378 360 3450 οὖν
375 3388 427 3452 καί
445 3384 487 3452 σύ
502 3387 656 3455 τοιοῦτόν
671 3416 702 3455 τι
719 3390 908 3469 πέπονθας;
932 3384 1087 3470 Οὔκουν,
1107 3379 1245 3456 ώΛέαι·

238 3509 296 3566 να,
319 3489 399 3570 έφη,
425 3481 507 3552 ἀλλά
530 3487 718 3571 ἐγεννήθην
734 3489 795 3573 μὲν
817 3485 915 3574 ὁμοία
931 3501 1000 3566 ταῖς
1020 3485 1137 3566 ἄλλαις
1154 3486 1270 3576 ὑμῖν»
