2625 4092
434 284 698 346 ΔΡΑΠΕΤΑΙ.
1008 278 1069 342 287

5 481 6 530 5
58 457 122 525 θες
141 451 327 532 ἐγείραντος
340 444 466 511 ἐκώκυε
483 440 562 528 μετά
578 449 645 508 τῶν
660 448 833 526 γυναικῶν
847 440 865 508 ὀ
877 439 1071 528 θαυμαστὸς

5 547 6 570 ³
56 547 118 612 καὶ
129 545 282 612 θανάτου
294 549 453 626 κρείττων
468 539 551 608 εἶναι
563 546 682 607 δοκῶν.
706 545 756 608 44.
774 536 857 606 ἄλλά
873 535 994 625 μικρὸν
1005 540 1069 620 πρὸ

55 650 120 727 τῆς
142 647 311 726 τελευτῆς,
334 636 399 720 πρδ
421 641 517 705 ἐννέα
538 637 659 722 σχεδόν
680 663 746 704 που
762 635 913 723 ἡμερῶν,
944 645 1069 721 πλεῖον,

57 739 169 826 οἶμαι,
188 746 247 806 τοῦ
258 743 377 806 ἱκανοῦ
390 725 549 821 έμφαγών
560 735 664 820 ἤμεσέ
675 760 708 800 τε
721 743 778 820 της
787 732 908 812 νυκτός
919 738 973 801 καὶΙ
986 735 1070 802 ἑάλω

55 844 195 926 πυρετῷ
203 837 290 922 μάλα
300 841 447 923 σφοδρῷ.
459 841 561 900 ταῦτα
572 835 610 900 δέ
617 859 672 917 μοι
684 831 701 899 ὁ
711 830 949 915 Ἀλέξανδροςδ
960 831 1072 914 ἰατρὸς

57 941 242 1026 διηγήσαιο
253 938 472 1024 μετακληθεὶς
483 933 526 1013 ὡς
536 936 789 1023 ἐπισκοπήσειεν
799 933 918 1003 αὐτόν·
933 940 997 1020 ἔφη
1008 926 1071 1001 οὖν

56 1046 261 1124 καταλαβεῖν
277 1033 381 1103 αὐτὸν
394 1035 493 1120 χαμαὶ
508 1033 710 1118 κυλιόμενον
724 1030 849 1100 καὶτὸν
864 1029 1071 1118 φλογμὸν-ού

56 1139 207 1223 φέροντα
219 1138 272 1203 καὶ
284 1132 414 1219 ψυχρὸν
430 1138 585 1200 αἰτοῦντα
601 1133 693 1199 πάνυ
710 1135 889 1220 ἐρωτικῶς,
904 1130 1025 1200 ἑαυτὸν
1036 1134 1072 1198 δὲ

56 1235 105 1322 μὴ
123 1240 257 1318 δοῦναι,
281 1240 386 1301 καίτοι
402 1237 506 1300 εἰπεῖν
524 1239 587 1318 ἔφη
603 1230 686 1313 πρὸς
704 1229 809 1299 αὐτὸν
829 1230 874 1311 ὡς
891 1233 1071 1310 είπάντως

56 1333 216 1402 θανάτου
228 1335 352 1415 δέοιτο,
370 1329 465 1416 ἥκειν
482 1327 586 1396 αὐτὸν
602 1333 653 1397 ἐπὶ
669 1329 727 1407 τάς
743 1331 854 1413 θύρας
868 1328 1069 1416 αὐτόματον,

57 1431 146 1498 ὥστε
167 1437 275 1507 καλῶς
295 1435 380 1514 ἔχειν
397 1432 539 1496 ἕπεσθαι
562 1432 666 1514 μηδὲν
686 1436 748 1496 τοῦ
766 1427 873 1511 πυρὰς
890 1429 1068 1515 δεόμενον·
1086 1445 1138 1502 364
1159 1503 1162 1508 ,

56 1527 121 1597 τὸν
138 1526 168 1594 δ’
187 1521 231 1595 αύ
246 1529 368 1614 φάναι,
381 1525 466 1595 Ἀλλ’
486 1526 545 1612 οὐχ
561 1525 682 1612 ὁμοίως
699 1532 832 1606 ἔνδοξος
846 1525 864 1596 ὁ
881 1527 1004 1612 τρόπος
1013 1531 1070 1613 γέ-

58 1626 148 1695 νοντ’
164 1622 207 1692 άν
223 1634 303 1694 πᾶσι
318 1623 431 1703 κοινδς
446 1624 503 1691 άὶν.

149 1729 198 1792 45.
226 1731 337 1792 Ταῦτα
359 1723 421 1810 μὲν
443 1721 461 1789 ὁ
482 1721 704 1806 Ἀλέξανδρος.
734 1721 798 1809 ἐγώ
816 1724 851 1792 δὲ
871 1721 945 1790 οὐδ’
969 1723 1069 1802 αὐτὸς

58 1822 126 1904 πρὸ
144 1831 277 1892 πολλῶν
287 1821 419 1908 ἡμερῶν
432 1821 521 1888 εἶδον
532 1820 637 1887 αὐτὸν
648 1824 911 1906 ἐγκεχρισμένον,
929 1819 973 1899 ὡς
984 1821 1068 1889 ἀπο-

59 1921 241 2000 δακρύσειε
258 1927 303 2008 τω
318 1923 430 2005 δριμεῖ
440 1919 613 2007 φαρμάκῳ.
638 1916 734 2007 ὁρᾷς;
755 1917 796 1984 ού
809 1920 901 1986 πάνυ
913 1917 990 1996 τούς
1004 1917 1068 2003 άμ-

59 2025 303 2106 βλυωπούντας
315 2016 332 2085 ὁ
345 2015 468 2096 Αίακδς
480 2021 706 2102 παραδέχεται.
731 2015 848 2102 ὅμοιον
862 2017 905 2096 ὡς
918 2027 951 2084 εί
957 2044 1004 2094 τις
1016 2019 1068 2085 ἐπὶ

59 2114 210 2201 σταυρὸν
231 2114 460 2202 ἀναβήσεσθαι
480 2120 609 2201 μέλλων
629 2113 666 2182 τδ
685 2118 721 2182 ἐν
737 2122 783 2202 τῷ
799 2117 951 2206 δακτύλῳ
965 2117 1068 2201 πρός-

59 2234 208 2299 τταισμα
223 2213 417 2294 θεραπεύοι.
439 2221 473 2280 τί
485 2235 537 2280 σοι
552 2219 645 2281 δοκεῖ
656 2209 674 2280 ὁ
685 2215 909 2298 Δημόκριτος,
925 2220 955 2281 εί
964 2221 1067 2281 ταῦτα

60 2311 146 2392 εἶδες
169 2308 242 2378 κατ’
259 2308 354 2390 ἀξίαν
369 2311 505 2395 γελάσαι
520 2307 563 2376 άν
578 2312 629 2378 έπί
646 2317 692 2399 τῷ
708 2309 814 2391 άνδρί.
839 2318 944 2378 καίτοι
959 2314 1068 2378 πόθεν

60 2409 150 2496 εἶχεν
164 2412 289 2487 ἐκεῖνος
305 2416 467 2475 τοσοῦτον
487 2411 627 2494 γέλωτας
656 2405 746 2475 οὐδ’
769 2403 848 2493 οὖν,
873 2402 899 2476 εδ
920 2410 1066 2496 φιλότης,

59 2510 142 2594 γέλα
157 2510 212 2576 καὶ
227 2505 340 2591 αύτός,
356 2510 409 2574 καὶ
424 2507 564 2591 μάλιστα
580 2503 705 2572 ὁπόταν
719 2514 786 2573 τῶν
797 2505 909 2573 ἄλλων
922 2505 1069 2595 ἀκούσης

60 2605 307 2690 θαυμαζόντων
322 2602 434 2672 αὐτόν.

374 2941 762 3010 ΛΡΑΠΕΤΑΙ.
1085 2951 1136 3004 365

149 3108 178 3171 l.
195 3107 428 3170 ΑΠΟΛΛΩΝ.
449 3100 572 3187 Ἀληθη
587 3101 691 3166 ταύτά
703 3121 801 3185 φασι,
818 3099 937 3185 πάτερ,
956 3101 999 3178 ὡς
1011 3105 1068 3188 έμ-

63 3209 161 3286 βαλοι
180 3227 226 3278 τις
242 3205 355 3285 φέρων
370 3197 474 3266 αὑτὸν
486 3205 530 3277 είς
545 3197 581 3265 τὸ
598 3207 665 3280 πύρ
682 3204 855 3264 κατέναντι
871 3197 1067 3284 Ὀλυμπίων,

61 3296 128 3382 ἥδη
151 3298 336 3384 πρεσβύτης
356 3295 550 3378 ἅνθρωπος,
573 3293 634 3363 οὐκ
656 3293 799 3382 ἀγεννὴς
819 3296 1068 3381 θαυματοποιὸς

65 3393 105 3461 τά
124 3402 278 3476 τοιαῦτα;
299 3392 319 3480 ἡ
336 3396 468 3480 Σελήνη
483 3391 547 3479 γάρ
568 3392 646 3480 ἡμῖν
662 3399 805 3479 διηγεῖτο
822 3391 904 3479 αὐτη
925 3397 1067 3476 ἑωρακέ·

64 3518 120 3556 ναι
138 3493 316 3578 καιόμενον
335 3495 484 3576 λέγουσα.
