2625 4092
334 301 604 362 ETAIPIKOI
620 306 879 364 ΔΙΑΛΟΓΟΙ.
1046 307 1106 372 251

99 460 160 526 τον
177 461 319 547 βλέποις.
343 462 412 528 ἐπεὶ
427 468 457 528 ελ
469 459 513 547 μὴ
526 465 585 550 ἐρᾷ
598 490 652 548 γε,
668 473 701 532 τί
709 460 752 530 ἀν
767 470 814 532 ἔτι
830 463 1007 555 ὀργίζοιτο,
1025 476 1056 539 ελ
1065 469 1109 538 σύ

98 583 174 624 τινα
189 557 304 640 ἕτερον
319 557 461 644 ἐραστὴν
478 564 575 644 ἔχεως

185 662 304 723 xm
332 654 417 724 Ἀλλ’
437 653 516 724 οὐδὲ
533 662 595 743 έχω
614 664 732 744 ἔγωγε·
755 659 824 727 ὁδὶ
839 661 948 748 μάτην
962 661 1107 750 ὑπέλαβε

99 752 160 820 τόν
175 754 339 823 πλούσιόν
353 780 420 839 μου
435 756 531 838 έράν,
555 757 639 823 διότι
656 755 764 836 ἄλλως
778 762 1010 846 ἐμνημόνευσά
1028 788 1106 830 ποτε

98 877 215 918 αυτου.

184 957 213 1017 2.
230 958 343 1018 AMH.
368 955 433 1018 Καὶ
448 958 546 1018 τοῦτο
567 948 631 1038 ηδὺ
645 949 683 1018 τδ
700 950 767 1020 ὑπὸ
789 963 960 1023 πλουσίων
974 966 1106 1026 οἴεσθαι

98 1050 350 1129 σπουδάζεσθαί
359 1070 411 1116 σε·
435 1048 524 1117 οὑτω
534 1048 599 1136 γάρ
614 1048 785 1119 ἀνιάσεται
800 1061 927 1137 μᾶλλον
941 1057 995 1123 καὶ
1009 1063 1106 1140 φιλο-

100 1148 285 1234 τιμήσεται,
302 1145 345 1226 ιὺς
362 1144 406 1233 μὴ
422 1146 665 1235 ὑπερβάλοιντο
680 1147 786 1218 αὑτόν
801 1155 835 1218 ολ
846 1149 1049 1234 ἀντερασταί.

183 1254 309 1314 xm.
327 1249 392 1313 Καὶ
402 1244 469 1331 μὴν
485 1238 584 1326 οὑτός
596 1273 633 1331 γε
646 1249 753 1333 μόνον
765 1247 924 1334 ὀργίζεται
939 1253 992 1317 καὶ
1007 1254 1105 1335 ῥαπί-

98 1361 160 1428 ζει,
180 1349 294 1412 δίδωσι
312 1345 347 1412 δέ
363 1343 462 1412 οὐδέν

182 1453 295 1512 AMH.
316 1444 412 1513 Ἀλλά
424 1445 539 1513 δώσει·
564 1447 739 1530 ζηλότυποι
751 1448 816 1533 γὰρ
829 1449 883 1516 καὶ
894 1449 1033 1533 μάλιστα
1044 1458 1106 1517 λυ-

97 1546 319 1632 πηθήσονται.

183 1650 308 1711 xm.
334 1639 406 1709 Ούκ
423 1639 484 1708 οἷδ’
503 1639 593 1719 ὅπως
614 1645 801 1728 ῥαπίσματα
819 1642 1002 1728 λαμβάνειν
1020 1645 1104 1730 βού-
1122 1670 1175 1722 300

99 1753 148 1812 λει
160 1769 217 1829 με,
234 1735 260 1809 ὦ
274 1741 492 1828 Ἀμπελίδιον.

183 1848 295 1908 ΑΜΠ.
321 1837 405 1921 Οὔκ,
418 1836 504 1923 ἀλλ’,
518 1837 561 1917 ὡς
572 1837 673 1924 οἶμαι,
690 1838 829 1923 μεγάλοι
841 1844 958 1919 ἔρωτες
967 1845 1105 1923 γίγνον-

97 1968 167 2025 ται,
184 1945 214 2006 εἰ
226 1940 371 2005 πύθοιτο
384 1935 594 2023 ἀμελεῖσθαι,
613 1943 642 2005 ελ
656 1937 691 2004 δὲ
709 1937 877 2004 πιστεύσει
892 1936 994 2022 μόνος
1007 1941 1104 2022 ἔχειν,

97 2037 362 2123 ἀπομαραίνεταί
377 2061 445 2112 πως
460 2033 480 2121 ἡ
497 2038 667 2119 ἐπιθυμία.
692 2042 794 2103 ταῦτα
809 2039 894 2120 λέγω
907 2032 989 2116 πρὸς
1004 2032 1041 2100 σὲ
1057 2043 1105 2100 ελ-

96 2156 195 2202 κοσιν
214 2133 304 2211 ὅλοις
320 2139 428 2201 ἔτεσιν
449 2133 662 2218 ἑταιρήσασα,
688 2132 730 2199 σὺ
747 2136 783 2199 δὲ
806 2129 1105 2215 ὀκτωκαιδεκαέτις,

97 2231 203 2317 οἶμαι,
219 2229 239 2317 ἢ
256 2238 391 2298 ἔλαττον
409 2224 494 2298 οὑσα
510 2233 691 2317 τυγχάνεις.
715 2237 745 2299 ελ
758 2232 873 2316 βούλει
890 2232 941 2313 δέ,
964 2233 1017 2296 καὶ
1033 2235 1105 2314 διη-

96 2333 241 2418 γήσομαι
258 2329 279 2396 δι’
296 2330 427 2398 ἔπαθόν
438 2356 517 2398 ποτε
532 2331 574 2397 ού
585 2332 677 2398 πάνυ
690 2329 754 2413 πρό
773 2336 907 2398 πολλῶν
921 2332 1020 2394 ε’των·
1040 2328 1104 2413 ἤρα

96 2455 166 2516 μου
182 2430 408 2514 Δημόφαντος
424 2427 440 2496 ὁ
458 2429 630 2515 δανειστὴς
647 2428 665 2498 ὁ
681 2431 824 2498 κατόπιν
836 2435 939 2496 ολκων
953 2437 1009 2513 τῆς
1021 2436 1104 2494 Ποι-

97 2535 199 2612 κίλης.
230 2519 328 2604 οὗτος
345 2524 556 2594 οὐδεπώποτε
580 2532 682 2597 πλέον
699 2557 730 2596 τι
754 2533 850 2595 πέντε
874 2533 1028 2611 δραχμῶν
1050 2528 1105 2590 δέ·

97 2631 186 2692 δωκε
197 2626 251 2692 καὶ
262 2623 356 2709 ἠξίου
371 2627 532 2712 δεσπότης
543 2626 636 2694 εἶναι.
660 2627 725 2714 ἤρα
740 2629 791 2710 δέ,
809 2621 970 2708 Movet,
987 2623 1104 2690 ἐπιπό-

97 2726 196 2793 λαιόν
218 2726 291 2791 τινα
312 2732 417 2808 ἔρωτα
439 2726 515 2794 ούτε
536 2723 731 2793 ὑποστένων
753 2724 829 2792 οὔτε
852 2725 1010 2806 δακρύων
1028 2721 1105 2788 ούτε

97 2820 182 2907 ἀωρὶ
200 2826 489 2909 παραγιγνόμενος
510 2826 562 2891 ἐπὶ
583 2821 640 2902 τάς
656 2826 783 2909 θύρας,
807 2823 878 2892 ἀλλ’
899 2821 979 2890 αὑτό
997 2823 1104 2909 μόνον

97 2921 332 2988 συνεκάθευδέ
338 2947 394 3007 μοι
405 2926 526 3006 ἐνίοτε,
542 2924 705 2990 καὶτοῦτο
719 2921 923 3009 διάμακρού.
947 2928 975 2988 3.
992 2917 1104 3004 ἐπειδὴ

97 3021 134 3089 δὲ
152 3023 295 3089 ἐλθόντα
311 3023 389 3088 ποτέ
403 3021 580 3089 ἀπέκλεισα
595 3063 637 3072 -
654 3026 819 3107 Καλλίδης
835 3019 899 3107 γάρ
919 3020 936 3086 ὁ
955 3016 1104 3107 γραφεύς

97 3126 198 3187 ένδον
217 3112 259 3205 ἦν
282 3125 360 3187 δέκα
387 3119 533 3208 δραχμὰς
557 3122 740 3207 πεπομφεός
762 3162 798 3172 -
821 3118 857 3188 τό
884 3122 946 3206 μὲν
971 3126 1105 3201 πρῶτον

97 3220 231 3305 ἀπῆλθέ
240 3246 296 3304 μοι
308 3219 604 3305 λοιδορησάμενος·
629 3224 697 3289 ἐπεὶ
710 3221 745 3288 δὲ
761 3223 879 3288 πολλοὶ
890 3221 952 3304 μὲν
963 3223 1105 3303 διῆλθον

97 3318 234 3405 ἡμέραι,
257 3316 322 3403 ἐγω
344 3319 378 3386 δὲ
400 3316 442 3385 ού
459 3321 709 3406 προσέπεμπον,
733 3319 930 3403 ὁΚαλλίδης
950 3320 986 3384 δὲ
1006 3319 1105 3382 ένδον

97 3414 142 3506 ἦν
164 3411 283 3501 αὖθις,
306 3415 640 3504 ὑποθερμαινόμενος
662 3419 725 3504 ἤδη
748 3419 821 3486 τότε
840 3416 858 3484 ὁ
880 3417 1106 3502 Δημόφαντος

98 3521 153 3586 καὶ
170 3515 271 3596 αὑτός
293 3515 514 3603 ἀναφλέγεται
535 3521 567 3596 ἐς
580 3517 617 3585 τὸ
642 3525 776 3603 πρᾶγμα
800 3518 852 3584 καὶ
877 3515 1010 3592 ἐπιστάς
1027 3537 1104 3580 ποτε
