2625 4092
382 297 818 356 ΨΕΥΔΟΛΟΓΙΣΤΗΣ.
1040 295 1099 356 169

180 464 208 523 5.
234 455 267 524 ‘0
283 455 346 541 γάρ
364 453 523 540 σοφιστής
540 447 636 532 οὗτος
653 454 737 522 εἶναι
754 459 876 542 λέγων,
904 457 921 524 ὁ
936 459 1101 542 πρόλογος

90 553 158 640 ἤδη
175 556 256 640 φησλ
268 561 388 637 ταῦτα,
411 556 442 630 ἐς
463 550 643 637 Ὀλυμπίαν
659 553 736 620 ποτὲ
755 545 814 638 ἧκε
830 556 931 641 λόγον
945 553 1019 621 τινὰ
1034 551 1099 636 πρὸ

90 659 221 719 πολλοῦ
241 654 537 737 συγγεγραμμένον
560 653 801 736 ἐπιδειξόμενος
822 669 891 734 τοῖς
912 676 1098 736 πανηγυρι-

90 764 193 826 σταῖς.
214 741 257 835 ήν
268 751 304 816 δὲ
314 747 532 832 ὑπόθεσιςτῷ
543 751 778 838 συγγράμματι
789 748 807 817 δ
817 751 1023 835 Πυθαγόρας
1033 774 1098 815 κω

92 847 257 932 λυόμενος
267 845 332 914 ὑπό
342 872 432 925 τινος
444 845 643 931 Ἀθηναίων,
654 847 755 932 οἶμαι,
765 853 913 934 μετέχειν
924 856 980 932 τῆς
992 844 1098 914 Ἐλευ-

91 959 161 1011 σῖνι
177 953 305 1030 τελετῆς
321 943 364 1022 ὡς
378 946 565 1031 βάρβαρος,
587 943 637 1011 ὅτι
654 951 767 1028 ἔλεγεν
783 944 883 1024 αὐτός
900 945 917 1012 ὁ
933 945 1098 1028 Πυθαγό-
1119 955 1166 1012 167

90 1068 154 1124 ρας
167 1039 232 1123 πρό
244 1044 367 1110 τούτου
377 1043 455 1110 ποτὲ
469 1045 522 1108 καλ
537 1042 718 1130 Εὔφορβος
734 1048 917 1130 γεγονέναι.
941 1043 1098 1128 ἐτύγχανε

91 1140 128 1205 δὲ
145 1137 162 1205 ὁ
179 1141 278 1222 λόγος
292 1137 382 1229 αὐτῷ
392 1139 475 1208 κατά
490 1138 549 1206 τδυ
562 1141 723 1208 Αἰσώπου
737 1141 873 1210 κολοιόν
884 1138 1098 1229 συμφορητὸς
1178 1224 1180 1228 ,

92 1233 143 1302 τόν
165 1239 201 1302 ἐκ
220 1244 382 1304 ποικίλων
399 1235 584 1318 ἀλλοτρίων
604 1247 744 1322 πτερῶν.
773 1240 978 1327 βουλόμενος
992 1237 1032 1324 δὴ
1053 1236 1096 1323 μή

91 1337 180 1400 ἕωλα
190 1335 280 1414 δόξαι
292 1339 411 1419 λέγειν,
422 1333 496 1403 ἀλλ’
507 1332 773 1420 αὐτοσχεδιάζειν
784 1337 824 1402 τοὶ
837 1341 872 1403 ἐκ
883 1346 944 1404 τοῦ
955 1342 1096 1422 βιβλίου,

91 1437 195 1498 δεῖται
216 1438 283 1498 τῶν
298 1433 461 1518 συνήθων
476 1434 565 1512 τινός
585 1476 625 1485 -
639 1426 683 1519 ἦν
700 1435 736 1501 δὲ
755 1439 790 1502 έκ
804 1443 946 1519 Πατρῶν
962 1439 1096 1514 ἐκεῖνος,

91 1526 177 1613 ἀμφὶ
193 1535 285 1606 δίκας
301 1537 384 1614 ἔχων
395 1530 434 1597 τά
450 1533 557 1599 πολλά
573 1572 610 1583 -
625 1531 760 1598 ἐπειδάν
775 1535 892 1620 αἰτήσῃ
908 1530 1000 1610 τινάς
1012 1529 1096 1597 ὑπο-

91 1629 204 1704 θέσεις
224 1641 291 1705 τολς
309 1628 437 1715 λόγοις,
458 1628 519 1697 τόν
540 1631 752 1715 Πυθαγόραν
773 1629 862 1721 αὐτῷ
886 1634 1094 1714 προελέσθαι.

92 1727 148 1792 καλ
163 1723 269 1803 οὕτως
282 1723 518 1813 άνήρίποίησε
532 1731 586 1795 καλ
602 1733 778 1795 συνέπεισε
788 1729 825 1797 τό
837 1731 981 1810 θέατρον
993 1723 1096 1793 ἀκού-

92 1850 144 1889 ειν
163 1830 230 1888 τόν
249 1819 334 1904 ὑπὲρ
349 1834 410 1891 τοῦ
425 1825 634 1910 Πυθαγόρου
651 1829 787 1892 ἐκείνων
802 1827 922 1910 λόγων.
951 1832 979 1890 6.
996 1817 1040 1908 ἦν
1055 1819 1096 1906 δή

91 1920 128 1986 τό
142 1921 193 1988 ε’πλ
205 1919 311 2009 τούτῳ
323 1921 341 1988 ὁ
352 1922 415 2007 μὲν
423 1925 514 1989 πάνυ
526 1921 692 2000 ἀπίθανος
701 1926 737 1990 ἐν
749 1931 788 2012 τή
800 1921 973 2005 Ιὑποκρίσει
984 1927 1096 1988 συνεί-

93 2043 163 2101 ρων
177 2013 250 2084 οἷον
266 2019 353 2097 είκδς
369 2023 406 2086 έκ
424 2028 549 2088 πολλοῦ
568 2023 752 2106 ἐσκεμμένα
767 2024 821 2086 καὶ
842 2021 1095 2105 μεμελετημένα,

93 2121 122 2184 εί
136 2116 191 2182 καλ
206 2114 257 2183 ὅτι
277 2116 457 2204 μάλισταὴ
476 2115 692 2204 ἀναισχυντία
708 2127 752 2164 **
768 2112 853 2185 οὖσα
875 2117 1022 2202 ἐπήμυνε
1043 2117 1096 2182 καὶ

91 2227 183 2297 χεῖρα
206 2212 309 2298 ὤρεγε
329 2219 384 2282 καλ
411 2223 651 2302 συνηγωνίζετο
674 2215 774 2305 αὐτῷ.
809 2218 912 2300 γέλως
932 2214 968 2282 δὲ
994 2212 1098 2290 πολάς
1116 2234 1166 2289 163

93 2309 183 2393 παρά
195 2321 263 2378 των
274 2309 485 2380 ἀκουόντων·
510 2317 610 2382 καλοί
622 2315 684 2400 μὲν
699 2319 731 2393 ἐς
745 2313 804 2382 τὸν
819 2315 951 2396 Πατρέα
969 2316 1098 2378 ἐκεῖνον

92 2408 214 2497 μεταξὺ
229 2409 472 2497 ἀποβλέποντες
486 2412 678 2499 ὑπεδήλουν
695 2411 738 2490 ὡς
750 2411 791 2479 οά
806 2416 926 2497 λέληθε
942 2409 1097 2494 συμπρά-

92 2516 148 2590 ξας
165 2507 256 2598 αὐτῷ
272 2507 335 2596 τήν
350 2512 584 2599 ῥᾳδιουργίαν,
607 2518 640 2578 ολ
660 2513 694 2579 δὲ
712 2515 766 2579 καλ
783 2508 866 2577 αότά
884 2515 1097 2594 γνωρίζοντες

92 2606 132 2676 τά
142 2608 307 2694 λεγόμενα
317 2607 399 2690 παρ’
409 2608 493 2694 ὅλην
504 2608 566 2694 τήν
574 2610 739 2692 ἀκρόασιν
751 2613 938 2677 διετέλεσαν
950 2611 987 2675 ἓν
999 2614 1096 2673 τουτο

93 2710 200 2796 μόνον
215 2715 315 2796 ἔργον
327 2715 471 2794 ἔχοντες,
487 2707 640 2794 ἀλλήλων
652 2713 852 2794 πειρώμενοι
864 2706 954 2785 ὅπως
968 2705 1096 2791 μνήμης

93 2817 204 2895 έχουσι
221 2807 304 2891 πρὸς
323 2805 359 2874 τό
376 2809 609 2893 διαγινώσκειν
631 2807 711 2875 ὅτου
732 2810 872 2875 ἕκαστον
887 2800 931 2892 ήν
946 2813 1012 2872 τῶν
1027 2801 1094 2870 ὀλί-

93 2935 154 2993 γον
170 2904 235 2990 πρό
251 2905 346 2993 ἡμῶν
357 2903 648 2989 εὐδοκιμησάντων
660 2908 712 2974 ἐπὶ
723 2921 793 2984 ταῖς
809 2909 1027 2991 καλουμέναις
1038 2928 1095 2987 με·

92 3010 201 3083 λίταις
218 3013 396 3088 σοφιστῶν.
421 3009 450 3069 7.
469 3006 505 3070 ἐν
518 3005 553 3069 δὲ
565 3005 695 3081 τούτοις
710 3003 813 3070 ἅπασι
826 3006 878 3071 καλ
893 3002 911 3071 ὁ
924 3000 1097 3086 τὸνλόγον

93 3104 191 3170 τόνδε
208 3104 403 3188 συγγράψας
412 3096 456 3187 ήν
472 3105 509 3168 έν
524 3117 591 3179 τοῖς
605 3113 726 3187 γελῶσι
742 3105 794 3170 καλ
812 3100 919 3178 αὐτός.
944 3107 977 3168 τί
989 3097 1019 3166 δ’
1035 3097 1096 3166 οὐκ

93 3209 206 3287 ἔμελλε
219 3209 321 3285 γελᾶν
335 3198 389 3285 ἐφ’
403 3200 492 3267 οὕτω
505 3217 685 3285 περιφανεῖ
697 3204 750 3269 καὶ
761 3200 917 3289 ἀπιθάνῳ
932 3201 985 3266 καὶ
1001 3196 1092 3264 ἀναν

93 3302 223 3389 σγόντω
237 3300 434 3384 τολμήματι;
456 3302 509 3364 καὶ
523 3305 607 3377 πως;
621 3339 661 3348 -
672 3304 740 3365 ἔστι
755 3301 790 3365 δὲ
802 3295 944 3382 ἀκρατής
956 3298 1097 3381 γέλωτος

94 3441 135 3451 -
146 3397 164 3465 ὁ
177 3399 238 3483 μὲν
249 3396 310 3482 τήν
322 3398 441 3483 φωνήν
455 3401 614 3478 ἐντρέψας
626 3403 672 3472 είς
683 3399 794 3479 μέλος,
812 3395 855 3472 ὦς
871 3395 951 3484 ᾤετο
965 3393 1097 3479 θρῆνόν

92 3524 168 3564 τινα
183 3497 317 3577 έπηόλει
331 3502 376 3581 τῷ
388 3495 593 3580 Πυθαγόρα,
613 3491 678 3559 ὁδὶ
695 3501 791 3560 τοῦτο
808 3491 848 3578 δή
864 3490 900 3559 τό
912 3499 972 3558 τοῦ
982 3496 1095 3572 λόγου.
