2625 4092
242 302 304 365 130
594 305 898 364 AOYKIANOY

239 472 366 550 χρυσοῦ
388 468 443 533 καὶ
462 463 625 551 ἠλέκτρου
643 468 855 550 εἰργασμέναι
877 463 993 551 ὅρμοις
1017 470 1158 535 ἐοικυῖαι
1183 474 1260 546 τοῖς

239 568 434 639 καλλίστοις.
459 565 513 629 καὶ
525 562 615 648 ὅμως
628 561 690 647 ἀφ’
705 561 812 641 οὕτως
825 562 984 632 ἀσθενῶν
998 562 1156 651 ἀγόμενοι
1173 559 1261 629 οὔτε

239 659 390 747 δρασμόν
402 662 622 746 βουλεύουσι,
639 662 823 747 δυνάμενοι
835 658 879 728 ἀν
891 661 1060 748 εῦμαρώς,
1075 661 1153 729 οῦτε
1163 658 1264 739 ὅλως

239 758 482 828 ἀντιτείνουσιν
498 756 520 846 ῆ
542 775 610 838 τοῖς
627 761 727 828 ποσὶν
748 759 976 845 ἀντερείδουσι
992 758 1077 844 πρὸς
1093 760 1130 827 τὸ
1149 764 1257 826 ἐναν-

237 866 310 927 τίου
331 856 540 946 τῆς.άγωγῆς
562 861 826 945 ἐξυπτιάζοντες,
850 857 935 927 ἀλλά
958 861 1094 945 φαιδροὶ
1112 862 1256 928 ἕπονται

238 957 292 1025 καὶ
314 958 495 1042 γεγηθότες
511 959 566 1025 καὶ
583 955 643 1024 τόν
663 956 788 1043 άγοντα
809 961 1024 1036 ἐπαινοῦντες
1039 958 1255 1043 ἐπειγόμενοι

238 1052 382 1133 ἅπαντες
402 1058 456 1124 καὶ
472 1064 517 1147 τῷ
533 1056 682 1141 φθάνειν
700 1059 831 1125 ἐθέλειν
851 1053 912 1124 τδν
926 1054 1052 1143 δεσμόν
1066 1060 1254 1141 ἐπιχαλῶν-

237 1180 307 1239 τες,
326 1154 469 1233 ἐοικότες
480 1154 790 1242 ἀχθεσθησομένοις
801 1161 831 1224 εί
843 1154 1062 1241 λυθήσονται.
1085 1151 1150 1220 ὃδὲ
1162 1151 1255 1219 πάν-

237 1278 305 1319 των
329 1250 543 1321 ἀτοπώτατον
564 1252 651 1321 εἶναί
669 1280 725 1368 μοι
746 1258 876 1340 ἔδοξεν,
903 1252 966 1321 οῦκ
990 1252 1122 1340 ὀκνήσω
1145 1258 1256 1321 είπειν

236 1350 482 1419 καὶτοῦτο·οῦ
496 1350 560 1439 γάρ
562 1348 685 1463 ἔχων
670 1378 686 1417 ο
700 1353 874 1473 ζωγράφος
889 1350 974 1419 ὅθεν
986 1352 1097 1431 ἐξάψει
1111 1349 1171 1427 τάς
1183 1357 1255 1416 τών

237 1446 404 1533 δεσμῶν’
385 1450 504 1567 ἀρχάς,
521 1438 579 1517 ἅτε
596 1457 654 1535 τῆς
669 1451 830 1529 δεξιάς
796 1477 858 1535 μεν
872 1450 936 1537 ἤδη
952 1450 989 1519 τό
1005 1452 1172 1538 ρόπαλον,
1194 1456 1255 1533 τῆς

187 1565 223 1622 84
239 1553 333 1624 λαιᾶς
345 1545 426 1615 δὲ
391 1574 429 1614 το
441 1550 539 1628 τόξον
551 1548 706 1636 ἐχούσης,
721 1550 892 1635 τρυπήσας
902 1576 963 1616 του
949 1555 1059 1617 θεοῦ
1070 1545 1131 1635 τῆν
1142 1554 1254 1633 γλώτ-

237 1672 298 1711 ταν
319 1644 427 1728 άκραν
448 1649 480 1726 ἐξ
502 1652 630 1734 ἐκείνης
646 1650 845 1733 ἑλκομένους
870 1645 994 1726 αῦτοῦς
1017 1650 1167 1733 ἐποίησε,
1197 1647 1253 1712 καὶ

238 1744 457 1826 ἐπέστραπται
470 1744 506 1811 δὲ
517 1750 563 1822 είς
572 1742 652 1823 τοῦς
663 1743 850 1831 ἀγομένους
860 1752 1008 1832 μειδιῶν.
1032 1752 1061 1813 4.
1074 1743 1169 1812 ταῦτ’
1184 1748 1252 1830 ἐγ·

237 1842 299 1928 μὲν
314 1843 368 1910 ἐπὶ
383 1838 470 1909 πολῦ
489 1842 653 1929 εἱστήκειν
668 1842 759 1928 ὅρων
773 1847 828 1913 καὶ
842 1846 1026 1930 θαυμάζων
1041 1845 1096 1911 καλ
1110 1841 1253 1926 ἀπορῶν

237 1944 292 2007 καὶ
307 1937 521 2024 ἀγανακτῶν
543 1938 670 2019 Κελτός
684 1946 722 2009 δέ
734 1969 783 2018 τις
795 1945 965 2027 παρεστώς
976 1939 1039 2008 οῦκ
1050 1939 1254 2017 ἀπαίδευτος

237 2037 276 2105 τά
293 2036 449 2124 ῆμέτερα,
469 2036 513 2116 ῦς
527 2042 667 2124 ἔδειξεν,
685 2038 829 2126 ἀκριβῶς
838 2040 979 2108 Ἑλλάδα
994 2037 1113 2126 φωνὴν
1128 2038 1252 2124 ἀφιείς,

237 2137 440 2223 φιλόσοφος,
459 2136 565 2224 οἶμαι,
587 2135 627 2206 τά
644 2140 817 2223 ἐπιχώρια,
838 2138 921 2226 Ἐγώ
936 2160 1006 2223 σοι,
1024 2146 1107 2225 ἐφη,
1124 2130 1251 2221 ώξέυε,

235 2236 329 2302 λύσω
349 2242 405 2321 τῆς
426 2242 557 2322 γραφῆς
577 2234 613 2302 τὸ
630 2247 783 2322 αἴνιγμα·
817 2238 909 2304 πάνυ
929 2235 994 2323 γάρ
1016 2239 1252 2323 ταραττομένῳ

237 2339 346 2413 ἔοικας
355 2332 439 2418 κρδς
450 2332 566 2421 αὐτήν.
589 2331 765 2421 τὸνλόγον
778 2334 871 2422 ἡμεῖς
886 2341 920 2404 οί
930 2337 1049 2404 Κελτοὶ
1063 2333 1124 2420 οῦχ
1137 2334 1251 2416 ώσπερ
1299 2351 1300 2354 ’

235 2432 330 2520 ὑμεῖς
349 2438 383 2501 ολ
395 2432 550 2520 Ἕλληνες
567 2432 691 2520 Ἑρμῆν
713 2434 854 2521 οἰόμεθα
875 2435 977 2521 εἶναι,
999 2433 1074 2503 ἀλλ’
1092 2433 1255 2518 Ἡρακλεῖ

235 2530 339 2601 αὐτὸν
355 2533 542 2619 εἰκάζομεν,
558 2530 609 2600 ὅτι
623 2528 714 2614 παρά
727 2531 814 2601 κολῦ
825 2541 886 2602 τοῦ
898 2532 1022 2621 Ἑρμοῦ
1035 2535 1252 2621 ἰσχυρότερος

236 2625 343 2711 οὗτος.
367 2638 397 2700 εί
408 2634 444 2699 δὲ
459 2635 568 2718 γέρων
580 2640 771 2718 πεποίηται,
790 2630 833 2718 μῆ
850 2634 1044 2722 θαυμάσης·
1066 2634 1172 2718 μόνος
1183 2630 1249 2718 γάρ

236 2729 253 2799 ὁ
268 2733 366 2817 λόγος
382 2733 419 2798 ἐν
435 2732 521 2820 γήρᾳ
537 2739 630 2816 φιλεῖ
647 2735 761 2816 ἐντελῆ
777 2734 1030 2800 ἐπιδείκνυσθαι
1046 2730 1108 2818 τῆν
1125 2730 1248 2818 ἀκμήν,

236 2840 269 2899 εί
283 2858 321 2916 γε
342 2828 452 2917 ἀληθῆ
470 2828 566 2915 ὑμῶν
587 2836 622 2899 οί
635 2831 768 2916 ποιηταὶ
785 2835 959 2917 λέγουσιν,
980 2830 1031 2899 ότι
1055 2836 1092 2899 αί
1104 2831 1167 2916 μὲν
1182 2837 1251 2897 τών

236 2927 451 3015 ,,όπλοτέρων
467 2934 587 3015 φρένες
602 2928 842 3017 ῆερέθονται,“
865 2929 901 2999 τό
918 2932 953 2999 δέ
967 2940 1070 3018 γῆρας

404 3034 469 3115 ἔχει
485 3055 516 3095 τι
529 3032 618 3109 λέξαι
634 3037 703 3096 τῶν
719 3034 807 3096 νέων
823 3033 1026 3117 σοφώτερον.

236 3128 325 3197 οὕτω
336 3134 377 3215 γέ
388 3155 438 3197 τοι
451 3128 506 3195 καὶ
519 3136 580 3194 τοῦ
592 3132 762 3212 Νέστορος
776 3128 857 3215 ὑμῖν
869 3128 1012 3214 ἀπορρεῖ
1022 3131 1058 3196 ἐκ
1071 3135 1129 3214 τῆς
1141 3130 1247 3213 γλώτ-

235 3255 293 3314 της
315 3225 351 3295 τό
370 3229 459 3313 μέλι,
485 3229 539 3294 καλ
556 3232 590 3296 οἱ
605 3224 764 3314 ἀγορηταὶ
785 3235 854 3297 τών
872 3228 999 3312 Τρώων
1013 3223 1076 3311 τῆν
1098 3223 1164 3292 ὅπα
1187 3224 1250 3311 τῆν

236 3325 445 3413 λειριόεσσαν
463 3324 601 3412 ἀφιᾶσιν
619 3324 752 3413 εὐανθῆ
765 3355 857 3395 τινα·
887 3333 993 3409 λείρια
1007 3322 1073 3411 γάρ
1089 3334 1248 3409 καλεῖται,

237 3438 270 3497 εί
279 3454 317 3513 γε
332 3428 517 3512 μέμνημαι,
541 3424 581 3495 τά
596 3426 697 3511 ἄνθη.
732 3433 761 3493 5.
779 3423 862 3493 ὥστε
878 3430 909 3494 εί
921 3431 990 3491 τῶν
1006 3421 1101 3491 ῦτών
1116 3425 1249 3499 ἐκδεδε-

237 3530 360 3613 μένους
367 3524 445 3602 τοῦς
457 3522 663 3610 ἀνθρώπους
673 3524 756 3611 πρὸς
764 3522 826 3611 τῆν
836 3533 987 3610 γλώτταν
997 3521 1015 3590 ὁ
1026 3525 1136 3609 γέρων
1148 3513 1248 3598 οὗτος
