2625 4092
238 282 279 346 ΞΟ
594 287 901 346 AOYKIANOT

238 443 306 513 εἶτα
316 443 488 530 ἀγαγοῦσα
501 443 605 512 αὐτδν
617 448 650 524 ἐς
661 443 741 522 τούς
753 448 897 528 φυλέτας
907 444 1096 532 τούςέμούς
1106 453 1247 529 παρενέ-

237 560 350 633 γραψα
367 547 423 613 καί
443 542 546 612 ἀστόν
564 545 737 630 ἀπέφηνα.
762 542 845 611 ὥστε
864 541 943 622 τούς
962 547 1249 630 διαμαρτάνοντας

236 651 293 730 τῆς
317 645 439 730 ἐγγύης
456 641 713 730 ἀποπνίγεσθαι.
744 644 846 722 δόξαν
867 645 902 709 δὲ
927 640 1017 732 αὐτῷ
1040 658 1250 726 περινοστεῖν

236 745 468 832 ἐπιδειξομένῳ
483 751 544 808 τοῦ
559 742 671 826 γάμου
687 739 749 827 τήν
765 738 964 826 εὐποτμίαν,
985 739 1064 809 οὐδὲ
1074 742 1149 808 τότε
1165 739 1249 807 ἀπε-

236 849 399 926 λείφθην,
418 837 502 906 ἀλλά
515 848 687 925 πανταχοῦ
701 842 861 926 ἑπομένη,
879 837 950 905 ἀνω
962 842 1018 907 καὶ
1029 842 1119 906 κάτω
1130 866 1249 920 περια-

236 942 360 1024 γομένη
381 942 435 1006 καὶ
459 937 593 1005 κλεινὸν
616 936 721 1006 αὐτὸν
736 941 791 1006 καί
811 935 966 1024 ἀοίδιμον
987 942 1123 1006 ἐποίουν
1146 966 1247 1004 κατα-

235 1045 407 1123 κοσμοῦσα
426 1038 481 1104 καλ
497 1039 774 1119 περιστέλλουσα·
796 1038 850 1104 καὶ
866 1035 905 1104 τά
921 1040 983 1122 μὲν
998 1040 1050 1104 ἐπὶ
1065 1035 1243 1124 τῆςἘλλά-
1300 1064 1301 1081 ³

236 1140 293 1213 δος
307 1137 429 1221 καὶτῆς
443 1133 567 1213 Ἰωνίας
578 1139 705 1221 μέτρια,
722 1138 754 1214 ἐς
767 1139 802 1202 δὲ
813 1133 875 1221 τήν
886 1133 1025 1204 Ἰταλίαν
1035 1134 1247 1221 ἀποδημῆσαι

234 1234 416 1318 θελήσαντι
434 1232 525 1324 αὐτῷ
540 1231 600 1301 τὸν
612 1233 730 1302 Ἰόνιον
744 1237 990 1302 συνδιέπλευσα
1006 1236 1061 1302 καλ
1076 1233 1116 1305 τά
1131 1243 1248 1302 τελευ-

234 1346 308 1398 ταῖα
320 1335 414 1417 μέχρι
429 1341 486 1418 τῆς
497 1340 658 1418 Κελτικῆς
669 1332 891 1414 συναπάρασα
904 1329 1121 1412 εὐπορεῖσθαι
1134 1337 1248 1416 ἐποίη-

234 1454 284 1496 σα.
308 1433 362 1498 καὶ
381 1435 473 1516 μέχρι
488 1431 548 1515 μἐν
563 1439 691 1500 πολλοῦ
705 1433 814 1498 πάντα
828 1457 885 1517 μοι
903 1434 1055 1498 ἐπείθετο
1070 1436 1125 1498 καί
1136 1439 1247 1516 συνῆν

233 1527 284 1596 ἀεὶ
301 1535 464 1614 μηδεμίαν
488 1531 593 1597 νύκτα
615 1529 792 1607 ἀπόκοιτος
813 1529 1012 1615 γιγνόμενος
1034 1528 1115 1612 παρ’
1138 1528 1245 1616 ήμῶν.

163 1638 216 1694 826
234 1633 285 1695 28.
304 1629 373 1695 ἐπεὶ
390 1627 426 1696 δὲ
447 1633 569 1708 ίιιανιῦς
590 1632 793 1696 ἐπεσιτίσατο
812 1630 865 1695 καί
878 1627 918 1694 τά
934 1626 1017 1710 πρὸς
1035 1627 1189 1708 εὐδοξίαν
1207 1621 1247 1694 εὖ

233 1733 320 1811 ἐχειν
332 1725 422 1816 αὐτῷ
433 1725 590 1814 ὑπέλαβε,
600 1725 659 1806 τάς
667 1726 775 1811 ὀφρῦς
783 1729 907 1809 ἐπάρας
916 1729 971 1794 καὶ
978 1730 1062 1812 μέγα
1072 1727 1247 1813 φρονήσας

234 1828 317 1909 ἐμοῦ
327 1825 389 1910 μὲν
400 1822 551 1912 ἠμέλησε,
570 1833 698 1911 μᾶλλον
713 1824 749 1893 δὲ
758 1828 873 1891 τέλεον
887 1835 1008 1909 είασεν,
1025 1823 1172 1904 αὐτδςδέ
1184 1826 1244 1892 τὸν

232 1921 407 2009 γενειήτην
424 1927 569 2007 ἐκεῖνον,
594 1922 655 1990 τδν
670 1921 736 1990 ἀπὸ
758 1930 819 1989 τοῦ
840 1924 1019 2010 σχήματος,
1040 1922 1101 1991 τὸν
1114 1923 1243 1994 Διάλο-
1300 1964 1301 1983 ι

232 2048 311 2107 γον,
335 2030 541 2109 Φιλοσοφίας
557 2023 634 2092 νίὸν
653 2021 738 2091 εἶναι
759 2024 959 2108 λεγόμενον,
982 2019 1246 2107 ὑπεραγαπήσας

232 2121 321 2205 μάλα
332 2123 495 2203 ἐρωτικαῖς
510 2123 739 2209 πρεσβύτερον
752 2119 857 2188 αὐτοῦ
868 2120 960 2204 ὄντα,
976 2119 1083 2212 τούτφ
1095 2121 1244 2205 σύνεστι,

232 2220 287 2285 καὶ
308 2215 372 2285 οὐκ
393 2220 583 2305 αίσχύνεται
605 2219 667 2306 τὴν
688 2223 750 2306 μὲν
768 2224 967 2303 ἐλευθερίαν
989 2223 1044 2288 καλ
1063 2217 1101 2287 τὸ
1122 2219 1245 2288 άνετον

231 2324 299 2383 των
316 2321 353 2384 ἐν
374 2321 444 2402 ἐμοὶ
462 2319 573 2405 λόγων
594 2320 785 2406 συντεμών,
808 2324 841 2398 ἐς
855 2318 957 2406 μικρά
979 2320 1014 2388 δὲ
1036 2324 1091 2388 καὶ
1111 2320 1241 2406 κωμικά

231 2416 423 2500 ἐρωτήματα
439 2426 654 2497 κατακλείσας
672 2418 793 2488 ἑαυτὸν
808 2423 863 2489 καί
878 2419 951 2488 ἀντὶ
968 2430 1030 2489 τοῦ
1048 2426 1158 2506 λέγειν
1176 2421 1196 2488 ὅ
1212 2450 1241 2488 τι
1299 2438 1300 2443 ’

161 2532 213 2588 827
232 2514 387 2601 βούλεται
402 2516 529 2604 μεγάλη
543 2526 583 2606 τῇ
595 2526 693 2607 φωνή
707 2527 839 2607 βραχεῖς
853 2549 946 2600 τινας
959 2523 1081 2608 λόγους
1095 2520 1243 2589 ἀναπλέ-

231 2642 303 2683 κων
317 2618 372 2683 καλ
387 2623 609 2705 συλλαβίζων,
625 2615 687 2703 ἀφ’
701 2611 750 2686 οἷν
766 2619 894 2705 ἀθρόος
907 2623 967 2707 μὲν
979 2629 1113 2700 ἔπαινος
1126 2617 1242 2708 ἧκρό-
1298 2668 1299 2703 3

229 2741 286 2792 τος
302 2713 408 2794 πολύς
425 2715 488 2785 οὐκ
504 2714 546 2785 ἀν
563 2718 785 2805 ἀπαντήσειεν
799 2718 906 2811 αὐτῷ,
927 2725 1083 2807 μειδίαμα
1098 2720 1242 2804 δὲπαρά

229 2822 298 2881 τῶν
323 2813 517 2884 ἀκουόντων
541 2821 595 2885 καὶ
616 2818 652 2886 τὸ
680 2822 842 2887 ἐπισεῖσαι
862 2818 924 2905 τὴν
945 2835 1036 2906 χεῖρα
1058 2819 1152 2899 έντός
1172 2829 1243 2888 των
1298 2824 1299 2861 ἦ

230 2911 321 2996 ὅρων
336 2918 389 2982 καὶ
401 2915 502 3001 μικρά
515 2922 687 2985 ἐπινεῦσαι
698 2927 738 3006 τή
749 2927 878 3008 κεφαλή
888 2924 943 2988 καὶ
955 2923 1161 3002 ἐπιστενάξαι
1173 2937 1243 3000 τοῖς

230 3016 429 3098 λεγομένοις,
452 3018 615 3083 τοιούτων
626 3018 761 3104 ήράσθη
775 3016 793 3086 ὁ
805 3033 959 3104 γενναῖος
972 3024 1054 3105 ἐμοῦ
1067 3047 1240 3106 καταφρο-

228 3111 342 3196 νήσας.
372 3116 454 3197 φασλ
475 3117 510 3181 δὲ
527 3114 632 3183 αὐτὸν
646 3116 729 3203 μηδὲ
751 3117 836 3200 πρὸς
851 3117 910 3186 τὸν
932 3121 1102 3205 ἐρώμενον
1117 3129 1243 3188 τοῦτον

228 3212 365 3297 εἰρήνην
374 3211 479 3296 ἀγειν,
491 3211 574 3282 ἀλλά
585 3215 676 3301 οἶμαι
688 3219 741 3284 καλ
752 3221 785 3294 ἐς
795 3221 925 3285 ἐκεῖνον
935 3217 1090 3304 ὑβρίζειν.
1106 3227 1158 3287 29.
1169 3228 1243 3298 πῶς

158 3333 212 3387 328
229 3302 293 3375 οὐν
309 3307 371 3376 οὐκ
389 3308 562 3396 ἀχάριστος
578 3307 676 3394 οὗτος
689 3319 745 3385 καὶ
761 3325 875 3402 ε”νοχος
886 3333 953 3396 τοῖς
967 3323 1042 3402 περλ
1055 3327 1112 3405 τῆς
1126 3322 1242 3388 κακω-

228 3431 311 3487 σεως
322 3411 455 3496 νόμοις,
472 3410 507 3490 ὃς
519 3411 580 3499 τήν
591 3416 652 3499 μὲν
664 3417 756 3506 νόμῳ
769 3418 932 3505 γαμετήν,
949 3417 1028 3500 παρ’
1041 3411 1080 3505 ής
1093 3430 1242 3487 τοσαῦτα

229 3516 343 3595 είληφε
361 3511 416 3578 καὶ
432 3509 475 3577 δι’
495 3509 536 3598 ἣν
552 3516 687 3594 ἔνδοξός
702 3520 807 3600 ἐστιν,
831 3515 937 3595 οὕτως
950 3516 1073 3604 ἀτίμως
1088 3514 1240 3593 ἀπέλιπε.
