2625 4092
235 281 275 345 λλ
597 283 884 343 ΛΟῬΚΙΑΝΟΤ

234 446 403 526 δράποδον
418 440 437 510 δ’
453 443 560 528 μόνον
575 440 660 528 εἶχεν
676 441 801 510 εὔνουν
819 444 873 511 καὶ
888 440 1007 510 πιστὸν
1022 441 1122 530 αὐτῇ,
1139 445 1239 530 μηδὲν
1296 456 1297 531 Ῑ

233 540 370 628 αίσχρδν
387 533 437 610 ὧν
452 544 608 626 πράξειεν
625 542 799 626 οἰόμενον,
824 540 1045 627 ἀφαιρεθεῖσα
1059 541 1120 610 τὸν
1135 546 1241 611 Πολέ-

233 669 328 727 μωνα
344 646 489 729 έκείνον,
512 641 548 720 ὃς
564 640 642 728 μεθ’
666 641 795 729 ἡμέραν
810 644 955 729 ἐκώμαζε
977 640 1032 710 διά
1048 652 1105 728 της
1119 642 1241 729 άγορᾶς
1297 630 1298 645 ¹

233 745 333 827 μέσης
348 748 507 824 ψαλτρίας
521 747 606 828 έχων
620 743 674 808 καὶ
686 741 912 829 κατᾳδόμενος
924 745 1033 809 ἕωθεν
1044 745 1077 820 ές
1089 744 1240 825 ἑσπέραν,

232 839 373 925 μεθύων
395 837 445 906 ἀεὶ
467 841 521 906 καί
538 846 734 921 κραιπαλῶν
755 842 810 907 καὶ
827 839 889 926 τὴν
908 840 1059 929 κεφαλὴν
1081 857 1150 919 τοῖς
1167 864 1242 908 στε-

233 939 354 1022 φάνοις
375 917 622 1023 διηνθισμένος.
651 940 706 1004 καὶ
728 945 831 1005 ταῦτα
852 937 903 1005 ὅτι
923 936 1051 1025 άληθη,
1079 938 1242 1024 μάρτυρες

231 1035 402 1121 Ἀθηναῖοι
419 1031 578 1118 άπαντες,
598 1043 632 1102 οἳ
645 1034 728 1120 μηδὲ
743 1035 877 1101 πώποτε
892 1035 1045 1122 νήφοντα
1059 1040 1241 1121 Πολέμωνα

233 1133 332 1201 εἶδον.
356 1133 426 1201 ἐπεὶ
444 1135 479 1200 δὲ
494 1129 512 1200 ὁ
527 1138 741 1219 κακοδαίμων
756 1133 808 1200 ἐπὶ
821 1132 879 1211 τὰς
894 1141 951 1219 τῆς
965 1132 1162 1219 Ἀκαδημίας
1174 1134 1243 1200 θῦ-

233 1259 292 1315 ρας
305 1233 494 1318 ἐκώμασεν,
513 1231 623 1316 ὥσπερ
640 1234 693 1300 ἐπὶ
706 1232 834 1310 πάντας
848 1232 978 1316 εἰώθει,
995 1233 1243 1314 ἀνδραποδισα-

232 1336 315 1416 μένη
337 1329 442 1398 αῦτδν
465 1333 520 1398 καὶ
543 1327 608 1398 άπδ
627 1337 696 1397 τῶν
713 1337 835 1414 χειρῶν
856 1337 913 1414 της
927 1334 1050 1415 Μέθης
1066 1328 1243 1411 ἁρπάσασα

163 1448 210 1501 811
233 1429 313 1516 μετά
336 1435 409 1516 βίας
434 1426 594 1514 καὶπρὸς
617 1425 725 1513 αὑτὴν
746 1426 968 1514 ἀναγαγοῦσα
984 1427 1184 1510 ὑδροποτεῖν
1208 1452 1243 1495 τε

232 1528 462 1614 κατηνάγκασε
478 1529 533 1595 καὶ
548 1529 671 1614 νήφειν
687 1532 874 1613 μετεδίδαξε
890 1531 945 1596 καὶ
959 1527 1038 1605 τοῦς
1054 1527 1244 1611 στεφάνους
1302 1504 1304 1655 y

231 1627 430 1708 περιέσπασε
444 1629 498 1693 καί
515 1627 592 1692 δέον
608 1632 719 1692 πίνειν
733 1632 988 1710 κατακείμενον,
1004 1627 1148 1711 ῥημάτια
1162 1646 1243 1690 σκο-

232 1723 287 1791 λιά
306 1725 362 1792 καὶ
378 1724 527 1810 δύστηνα
549 1725 604 1791 καλ
625 1730 750 1808 πολλῆς
767 1727 946 1807 φροντίδος
962 1719 1131 1808 ἀνάμεστα
1148 1725 1244 1790 έπαί-
1303 1678 1305 1797 δ

232 1827 365 1889 δευσεν·
389 1820 473 1889 ῦστε
493 1819 566 1888 ἀντὶ
587 1828 648 1888 τοῦ
663 1823 743 1898 τέως
758 1824 990 1899 ἐπανθοῦντος
1006 1820 1096 1911 αὐτῷ
1115 1822 1244 1907 ἐρυθή-
1303 1838 1306 1927 ’γ

231 1946 332 2005 ματος
348 1915 452 2005 ὦχρδς
463 1917 481 1986 ὁ
493 1919 612 1996 ἄθλιος
626 1920 682 1986 καὶ
696 1918 811 2004 ῥικνὸς
825 1917 862 1986 τὸ
877 1928 971 2005 σῶμα
985 1922 1170 2007 γεγένηται,
1187 1922 1244 1986 καὶ

231 2016 289 2095 τάς
304 2015 390 2106 ᾠδάς
408 2015 539 2096 ἁπάσας
559 2015 750 2102 άπομαθών
765 2016 878 2095 ἄσιτος
892 2021 997 2086 ένίοτε
1012 2020 1067 2086 καὶ
1086 2021 1244 2097 διψαλέος
1305 2096 1306 2099 ¹

231 2120 264 2193 ἐς
277 2119 380 2202 μέσην
396 2117 539 2198 ἑσπέραν
553 2116 698 2200 κάθηται
713 2123 827 2200 ληρῶν
838 2114 936 2186 ὁποῖα
948 2116 1054 2185 πολλοὶ
1066 2115 1087 2204 ἡ
1101 2115 1245 2200 Ἀκαδη-

231 2220 288 2300 μία
304 2210 368 2298 έγιδ
384 2221 498 2298 ληρεῖν
515 2213 671 2280 διδάσκω,
695 2210 732 2278 τδ
749 2214 784 2280 δὲ
798 2218 969 2299 μέγιστον,
993 2213 1044 2282 ὅτι
1061 2215 1116 2282 καὶ
1130 2218 1247 2280 λοιδο-

231 2327 335 2394 ρείται
346 2319 387 2400 τῇ
400 2315 504 2400 Μέθη
515 2309 598 2396 πρὸς
609 2315 692 2397 ἐμοῦ
703 2315 861 2397 ἐπαρθεὶς
874 2316 929 2380 καί
940 2320 1043 2399 μυρία
1057 2309 1141 2379 κακά
1154 2316 1247 2389 διεξ-

231 2417 357 2497 έρχεται
378 2412 453 2493 περὶ
480 2407 590 2497 αὐτῆς.
632 2420 757 2496 εἴρηται
779 2409 897 2496 σχεδὸν
918 2409 958 2478 τὰ
980 2410 1065 2494 ὑπὲρ
1089 2420 1146 2496 τῆς
1166 2417 1247 2477 Μέ-

230 2520 303 2596 θης.
327 2507 391 2595 ἤδη
405 2510 459 2576 καὶ
476 2506 560 2592 ὑπὲρ
578 2511 720 2594 ἐμαυτῆς
733 2513 814 2592 ἐρῶ,
830 2511 884 2576 καὶ
898 2508 935 2576 τό
949 2508 1014 2577 άπὸ
1030 2509 1154 2576 τοῦτον
1170 2511 1246 2594 ἐμοὶ

229 2609 388 2693 ῥευσάτω.

314 2715 407 2778 ΔΙΚ.
434 2714 476 2775 Τί
494 2706 559 2794 άρα
574 2705 658 2791 πρὸς
673 2715 777 2776 ταῦτα
799 2712 883 2792 ἐρεῖς
905 2707 994 2794 πλὴν
1008 2704 1081 2775 ἀλλ’
1100 2713 1188 2792 ἔγχει
1206 2732 1245 2772 το

230 2821 305 2878 ίσον
320 2814 356 2876 ἐν
370 2819 416 2899 τῷ
431 2812 532 2895 μέρει.

314 2915 363 2976 17.
385 2916 523 2974 ΑΚΑΔ.
548 2905 680 2975 Οῦτωσὶ
701 2907 763 2992 μὲν
780 2906 923 2975 άκοῦσαι
943 2910 1035 2975 πάνυ
1052 2907 1194 2993 εῦλογα,
1220 2898 1248 2972 ὦ

230 3008 350 3091 ἄνδρες
365 3013 530 3090 δικασταί,
554 3004 574 3091 ἡ
592 3008 776 3092 ξυνήγορος
789 3016 923 3093 εἴρηκεν
937 3005 1021 3089 ὑπὲρ
1035 3014 1093 3092 τῆς
1108 3009 1247 3089 Μέθης,

230 3113 260 3174 εί
274 3107 310 3174 δὲ
331 3104 441 3192 κάμοῦ
461 3102 532 3190 μετ’
552 3102 683 3183 εῦνοίας
704 3103 899 3189 ἀκούσαιτε,
925 3116 1058 3174 είσεσθε
1075 3103 1119 3183 ὡς
1139 3101 1248 3172 οῦδὲν

229 3201 335 3290 αὐτὴν
355 3202 513 3290 ἠδίκηκα·
542 3202 602 3271 τὸν
618 3202 683 3290 γάρ
704 3209 890 3291 Πολέμωνα
911 3212 1048 3289 τοῦτον,
1071 3201 1113 3270 ὅν
1135 3228 1247 3288 φησιν

231 3306 349 3386 έαντῆς
369 3305 500 3388 οίκέτην
521 3302 622 3388 εἶναι,
647 3304 821 3389 πεφυκότα
838 3301 880 3372 οῦ
897 3303 1036 3389 φαῦλος
1056 3299 1136 3369 οῦδὲ
1157 3302 1244 3368 κατά

228 3402 290 3489 τὴν
310 3405 452 3488 Μέθην,
480 3401 555 3472 ἀλλ’
577 3409 700 3471 οίκείον
724 3405 795 3488 έμοὶ
822 3406 876 3471 καί
898 3401 960 3490 τὴν
982 3403 1089 3488 φύσιν
1109 3399 1246 3486 ὅμοιον,

159 3516 211 3568 812
230 3502 471 3583 προαρπάσασα
484 3507 562 3570 νέον
574 3508 621 3571 ἔτι
633 3502 688 3572 καὶ
698 3501 829 3571 άπαλόν
841 3502 921 3571 ὄντα
933 3503 1247 3587 ξυναγωνιζομένης
