<?xml version="1.0" encoding="UTF-8"?>
<!DOCTYPE html PUBLIC "-//W3C//DTD XHTML 1.0 Transitional//EN"
    "http://www.w3.org/TR/xhtml1/DTD/xhtml1-transitional.dtd">
<html xmlns="http://www.w3.org/1999/xhtml" xml:lang="en" lang="en">
 <head>
  <title>
</title>
<meta http-equiv="Content-Type" content="text/html;charset=utf-8" />
  <meta name='ocr-system' content='tesseract 3.04.00' />
  <meta name='ocr-capabilities' content='ocr_page ocr_carea ocr_par ocr_line ocrx_word'/>
</head>
<body>
  <div class='ocr_page' id='page_1' title='image "./lucianisamosate04jacogoog/lucianisamosate04jacogoog_0173.png"; bbox 0 0 2625 4092; ppageno 0'>
   <div class='ocr_carea' id='block_1_1' title="bbox 430 287 1103 355">
    <p class='ocr_par' dir='ltr' id='par_1_1' title="bbox 430 287 1103 355">
     <span class='ocr_line' id='line_1_1' title="bbox 430 287 1103 355; baseline 0.004 -4"><span class='ocrx_word' id='word_1_1' title='bbox 430 294 553 355; x_wconf 85' lang='grc' dir='ltr'><em>ΦΙΛΟ</em></span> <span class='ocrx_word' id='word_1_2' title='bbox 566 287 777 354; x_wconf 71' lang='grc' dir='ltr'><em>ΨΕῬΔΗΣ.</em></span> <span class='ocrx_word' id='word_1_3' title='bbox 1043 290 1103 354; x_wconf 85' lang='grc'><strong><em>117</em></strong></span> 
     </span>
    </p>
   </div>
   <div class='ocr_carea' id='block_1_2' title="bbox 95 454 1155 3589">
    <p class='ocr_par' dir='ltr' id='par_1_2' title="bbox 95 454 1155 3589">
     <span class='ocr_line' id='line_1_2' title="bbox 100 454 1104 543; baseline 0.001 -22"><span class='ocrx_word' id='word_1_4' title='bbox 100 463 237 543; x_wconf 77' lang='grc' dir='ltr'><strong><em>μελαίνῃ</em></strong></span> <span class='ocrx_word' id='word_1_5' title='bbox 246 456 299 522; x_wconf 82' lang='grc' dir='ltr'><strong><em>καὶ</em></strong></span> <span class='ocrx_word' id='word_1_6' title='bbox 310 460 529 536; x_wconf 81' lang='grc' dir='ltr'><em>προσωπείοις</em></span> <span class='ocrx_word' id='word_1_7' title='bbox 539 456 572 533; x_wconf 88' lang='grc' dir='ltr'><strong><em>ές</em></strong></span> <span class='ocrx_word' id='word_1_8' title='bbox 581 454 621 521; x_wconf 81' lang='grc' dir='ltr'><strong><em>τά</em></strong></span> <span class='ocrx_word' id='word_1_9' title='bbox 634 460 753 537; x_wconf 80' lang='grc' dir='ltr'><strong><em>κρανία</em></strong></span> <span class='ocrx_word' id='word_1_10' title='bbox 761 456 999 540; x_wconf 82' lang='grc' dir='ltr'><em>μεμιμημένοις</em></span> <span class='ocrx_word' id='word_1_11' title='bbox 1010 478 1104 537; x_wconf 86' lang='grc' dir='ltr'><strong><em>περι-</em></strong></span> 
     </span>
     <span class='ocr_line' id='line_1_3' title="bbox 100 549 1102 640; baseline -0.001 -23"><span class='ocrx_word' id='word_1_12' title='bbox 100 553 234 629; x_wconf 93' lang='grc' dir='ltr'><strong><em>στάντες</em></strong></span> <span class='ocrx_word' id='word_1_13' title='bbox 255 549 359 618; x_wconf 83' lang='grc' dir='ltr'><strong><em>αὑτὸν</em></strong></span> <span class='ocrx_word' id='word_1_14' title='bbox 376 552 611 637; x_wconf 85' lang='grc' dir='ltr'><strong><em>περιεχόρευον</em></strong></span> <span class='ocrx_word' id='word_1_15' title='bbox 633 550 699 619; x_wconf 86' lang='grc' dir='ltr'><strong><em>ὑπδ</em></strong></span> <span class='ocrx_word' id='word_1_16' title='bbox 721 559 831 640; x_wconf 81' lang='grc' dir='ltr'><strong><em>πυκνή</em></strong></span> <span class='ocrx_word' id='word_1_17' title='bbox 851 560 890 639; x_wconf 78' lang='grc' dir='ltr'><strong><em>τη</em></strong></span> <span class='ocrx_word' id='word_1_18' title='bbox 905 553 1000 639; x_wconf 89' lang='grc' dir='ltr'><strong><em>βάσει</em></strong></span> <span class='ocrx_word' id='word_1_19' title='bbox 1021 550 1102 619; x_wconf 86' lang='grc' dir='ltr'><strong><em>άνα-</em></strong></span> 
     </span>
     <span class='ocr_line' id='line_1_4' title="bbox 100 645 1104 736; baseline 0 -23"><span class='ocrx_word' id='word_1_20' title='bbox 100 653 283 733; x_wconf 80' lang='grc' dir='ltr'><strong><em>πηδῶντες,</em></strong></span> <span class='ocrx_word' id='word_1_21' title='bbox 302 646 368 717; x_wconf 73' lang='grc' dir='ltr'><strong><em>ὅδὲ</em></strong></span> <span class='ocrx_word' id='word_1_22' title='bbox 383 648 460 715; x_wconf 84' lang='grc' dir='ltr'><strong><em>οὑτε</em></strong></span> <span class='ocrx_word' id='word_1_23' title='bbox 473 653 576 717; x_wconf 83' lang='grc' dir='ltr'><strong><em>ἔδεισε</em></strong></span> <span class='ocrx_word' id='word_1_24' title='bbox 589 648 650 736; x_wconf 87' lang='grc' dir='ltr'><strong><em>τήν</em></strong></span> <span class='ocrx_word' id='word_1_25' title='bbox 666 656 886 735; x_wconf 76' lang='grc' dir='ltr'><strong><em>προσποίησιν</em></strong></span> <span class='ocrx_word' id='word_1_26' title='bbox 901 645 1012 715; x_wconf 80' lang='grc' dir='ltr'><strong><em>αὑτῶν</em></strong></span> <span class='ocrx_word' id='word_1_27' title='bbox 1028 645 1104 714; x_wconf 85' lang='grc' dir='ltr'><strong><em>οὑτε</em></strong></span> 
     </span>
     <span class='ocr_line' id='line_1_5' title="bbox 100 743 1143 832; baseline -0.003 -19"><span class='ocrx_word' id='word_1_28' title='bbox 100 744 183 822; x_wconf 81' lang='grc' dir='ltr'><strong><em>όλως</em></strong></span> <span class='ocrx_word' id='word_1_29' title='bbox 192 743 354 831; x_wconf 75' lang='grc' dir='ltr'><strong><em>ἀνέβλεψε</em></strong></span> <span class='ocrx_word' id='word_1_30' title='bbox 367 744 451 829; x_wconf 86' lang='grc' dir='ltr'><strong><em>πρὸς</em></strong></span> <span class='ocrx_word' id='word_1_31' title='bbox 463 746 595 831; x_wconf 85' lang='grc' dir='ltr'><strong><em>αὑτούς,</em></strong></span> <span class='ocrx_word' id='word_1_32' title='bbox 614 744 697 815; x_wconf 80' lang='grc' dir='ltr'><strong><em>ἀλλὰ</em></strong></span> <span class='ocrx_word' id='word_1_33' title='bbox 709 744 832 832; x_wconf 82' lang='grc' dir='ltr'><strong><em>μεταξὺ</em></strong></span> <span class='ocrx_word' id='word_1_34' title='bbox 842 746 994 831; x_wconf 87' lang='grc' dir='ltr'><strong><em>γράφων,</em></strong></span> <span class='ocrx_word' id='word_1_35' title='bbox 1009 744 1104 811; x_wconf 50' lang='grc' dir='ltr'><strong><em>Παό*</em></strong></span> <span class='ocrx_word' id='word_1_36' title='bbox 1141 798 1143 803; x_wconf 92' lang='grc'><em>.</em></span> 
     </span>
     <span class='ocr_line' id='line_1_6' title="bbox 101 842 1105 932; baseline -0.001 -23"><span class='ocrx_word' id='word_1_37' title='bbox 101 854 221 923; x_wconf 85' lang='grc' dir='ltr'><strong><em>σασθε,</em></strong></span> <span class='ocrx_word' id='word_1_38' title='bbox 244 851 325 929; x_wconf 78' lang='grc' dir='ltr'><strong><em>ἔφη,</em></strong></span> <span class='ocrx_word' id='word_1_39' title='bbox 347 850 532 927; x_wconf 78' lang='grc' dir='ltr'><strong><em>παίζοντες</em></strong></span> <span class='ocrx_word' id='word_1_40' title='bbox 566 843 654 912; x_wconf 87' lang='grc' dir='ltr'><strong><em>οὑτω</em></strong></span> <span class='ocrx_word' id='word_1_41' title='bbox 675 852 816 932; x_wconf 79' lang='grc' dir='ltr'><strong><em>βεβαίως</em></strong></span> <span class='ocrx_word' id='word_1_42' title='bbox 837 847 984 911; x_wconf 82' lang='grc' dir='ltr'><strong><em>ἐπίστευε</em></strong></span> <span class='ocrx_word' id='word_1_43' title='bbox 1000 842 1105 928; x_wconf 74' lang='grc' dir='ltr'><strong><em>μηδὲν</em></strong></span> 
     </span>
     <span class='ocr_line' id='line_1_7' title="bbox 100 940 1103 1059; baseline -0.002 -50.968"><span class='ocrx_word' id='word_1_44' title='bbox 100 940 229 1009; x_wconf 79' lang='grc' dir='ltr'><strong><em>εἶναι</em></strong></span> <span class='ocrx_word' id='word_1_45' title='bbox 193 968 251 1019; x_wconf 88' lang='grc' dir='ltr'><strong><em>τας</em></strong></span> <span class='ocrx_word' id='word_1_46' title='bbox 263 941 370 1059; x_wconf 78' lang='grc' dir='ltr'><strong><em>ψυχάς</em></strong></span> <span class='ocrx_word' id='word_1_47' title='bbox 387 948 433 1009; x_wconf 80' lang='grc' dir='ltr'><strong><em>ἔτι</em></strong></span> <span class='ocrx_word' id='word_1_48' title='bbox 452 947 514 1022; x_wconf 75' lang='grc' dir='ltr'><strong><em>ἔξω</em></strong></span> <span class='ocrx_word' id='word_1_49' title='bbox 527 946 709 1027; x_wconf 79' lang='grc' dir='ltr'><strong><em>γενομένας</em></strong></span> <span class='ocrx_word' id='word_1_50' title='bbox 720 968 787 1009; x_wconf 89' lang='grc' dir='ltr'><strong><em>των</em></strong></span> <span class='ocrx_word' id='word_1_51' title='bbox 799 942 969 1030; x_wconf 89' lang='grc' dir='ltr'><strong><em>σωμάτων</em></strong></span> <span class='ocrx_word' id='word_1_52' title='bbox 997 950 1103 1008; x_wconf 83' lang='grc' dir='ltr'><strong><em>Τοῦτο</em></strong></span> 
     </span>
     <span class='ocr_line' id='line_1_8' title="bbox 100 1031 1104 1126; baseline -0.001 -20"><span class='ocrx_word' id='word_1_53' title='bbox 100 1042 180 1125; x_wconf 82' lang='grc' dir='ltr'><strong><em>φής,</em></strong></span> <span class='ocrx_word' id='word_1_54' title='bbox 196 1031 300 1125; x_wconf 78' lang='grc' dir='ltr'><strong><em>ήδ’“</em></strong></span> <span class='ocrx_word' id='word_1_55' title='bbox 281 1067 318 1117; x_wconf 91' lang='grc' dir='ltr'><strong><em>ος</em></strong></span> <span class='ocrx_word' id='word_1_56' title='bbox 335 1038 353 1108; x_wconf 85' lang='grc' dir='ltr'>ὁ</span> <span class='ocrx_word' id='word_1_57' title='bbox 370 1038 606 1126; x_wconf 84' lang='grc' dir='ltr'><strong><em>Εὑκράτης,’</em></strong></span> <span class='ocrx_word' id='word_1_58' title='bbox 586 1040 733 1126; x_wconf 91' lang='grc' dir='ltr'><strong><em>ανόητόν</em></strong></span> <span class='ocrx_word' id='word_1_59' title='bbox 749 1068 823 1108; x_wconf 91' lang='grc' dir='ltr'><strong><em>τινα</em></strong></span> <span class='ocrx_word' id='word_1_60' title='bbox 845 1039 952 1124; x_wconf 86' lang='grc' dir='ltr'><strong><em>ἄνδρα</em></strong></span> <span class='ocrx_word' id='word_1_61' title='bbox 973 1038 1104 1107; x_wconf 80' lang='grc' dir='ltr'><strong><em>καὶτὸν</em></strong></span> 
     </span>
     <span class='ocr_line' id='line_1_9' title="bbox 101 1135 1104 1257; baseline -0.002 -51"><span class='ocrx_word' id='word_1_62' title='bbox 101 1139 317 1257; x_wconf 86' lang='grc' dir='ltr'><strong><em>Δημόκριτον</em></strong></span> <span class='ocrx_word' id='word_1_63' title='bbox 334 1136 509 1225; x_wconf 77' lang='grc' dir='ltr'><strong><em>γενέσθαι,</em></strong></span> <span class='ocrx_word' id='word_1_64' title='bbox 526 1148 560 1205; x_wconf 82' lang='grc' dir='ltr'><strong><em>ελ</em></strong></span> <span class='ocrx_word' id='word_1_65' title='bbox 569 1164 615 1224; x_wconf 89' lang='grc' dir='ltr'><strong><em>γε</em></strong></span> <span class='ocrx_word' id='word_1_66' title='bbox 622 1136 729 1216; x_wconf 87' lang='grc' dir='ltr'><strong><em>οὑτως</em></strong></span> <span class='ocrx_word' id='word_1_67' title='bbox 744 1142 952 1226; x_wconf 84' lang='grc' dir='ltr'><strong><em>ἐγίγνωσκεν.</em></strong></span> <span class='ocrx_word' id='word_1_68' title='bbox 976 1143 1026 1205; x_wconf 91' lang='grc'><strong><em>33.</em></strong></span> <span class='ocrx_word' id='word_1_69' title='bbox 1041 1135 1104 1222; x_wconf 74' lang='grc' dir='ltr'><strong><em>ἐγώ</em></strong></span> 
     </span>
     <span class='ocr_line' id='line_1_10' title="bbox 100 1233 1105 1358; baseline 0 -55"><span class='ocrx_word' id='word_1_70' title='bbox 100 1234 166 1303; x_wconf 79' lang='grc' dir='ltr'><strong>ὲ</strong></span> <span class='ocrx_word' id='word_1_71' title='bbox 100 1242 230 1321; x_wconf 81' lang='grc' dir='ltr'><strong><em>υμῖν</em></strong></span> <span class='ocrx_word' id='word_1_72' title='bbox 246 1240 300 1303; x_wconf 80' lang='grc' dir='ltr'><strong><em>καὶ</em></strong></span> <span class='ocrx_word' id='word_1_73' title='bbox 314 1234 396 1305; x_wconf 81' lang='grc' dir='ltr'><strong><em>άλλο</em></strong></span> <span class='ocrx_word' id='word_1_74' title='bbox 394 1236 610 1358; x_wconf 84' lang='grc' dir='ltr'><strong><em>διηγήσομαι</em></strong></span> <span class='ocrx_word' id='word_1_75' title='bbox 625 1233 725 1315; x_wconf 83' lang='grc' dir='ltr'><strong><em>αὑτός</em></strong></span> <span class='ocrx_word' id='word_1_76' title='bbox 743 1239 880 1322; x_wconf 75' lang='grc' dir='ltr'><strong><em>παθών,</em></strong></span> <span class='ocrx_word' id='word_1_77' title='bbox 898 1235 940 1304; x_wconf 85' lang='grc' dir='ltr'><strong><em>οὑ</em></strong></span> <span class='ocrx_word' id='word_1_78' title='bbox 950 1261 1017 1318; x_wconf 86' lang='grc' dir='ltr'><strong><em>παρ</em></strong></span> <span class='ocrx_word' id='word_1_79' title='bbox 1021 1235 1105 1304; x_wconf 78' lang='grc' dir='ltr'><strong><em>’ἄλ-</em></strong></span> 
     </span>
     <span class='ocr_line' id='line_1_11' title="bbox 98 1330 1105 1424; baseline -0.002 -21"><span class='ocrx_word' id='word_1_80' title='bbox 98 1345 160 1403; x_wconf 91' lang='grc' dir='ltr'><strong><em>λου</em></strong></span> <span class='ocrx_word' id='word_1_81' title='bbox 177 1332 338 1413; x_wconf 79' lang='grc' dir='ltr'><strong><em>ἀκούσας·</em></strong></span> <span class='ocrx_word' id='word_1_82' title='bbox 361 1335 442 1420; x_wconf 86' lang='grc' dir='ltr'><strong><em>τάχα</em></strong></span> <span class='ocrx_word' id='word_1_83' title='bbox 457 1362 522 1420; x_wconf 91' lang='grc' dir='ltr'><strong><em>γαρ</em></strong></span> <span class='ocrx_word' id='word_1_84' title='bbox 538 1332 582 1402; x_wconf 83' lang='grc' dir='ltr'><strong><em>άυ</em></strong></span> <span class='ocrx_word' id='word_1_85' title='bbox 597 1338 652 1404; x_wconf 82' lang='grc' dir='ltr'><strong><em>καὶ</em></strong></span> <span class='ocrx_word' id='word_1_86' title='bbox 669 1338 728 1421; x_wconf 86' lang='grc' dir='ltr'><strong><em>σύ,</em></strong></span> <span class='ocrx_word' id='word_1_87' title='bbox 746 1364 771 1405; x_wconf 91' lang='grc' dir='ltr'><strong><em>ω</em></strong></span> <span class='ocrx_word' id='word_1_88' title='bbox 759 1330 953 1424; x_wconf 86' lang='grc' dir='ltr'><strong><em>Τυχιάδη,</em></strong></span> <span class='ocrx_word' id='word_1_89' title='bbox 969 1334 1105 1404; x_wconf 87' lang='grc' dir='ltr'><strong><em>άκοόωυ</em></strong></span> 
     </span>
     <span class='ocr_line' id='line_1_12' title="bbox 99 1430 1104 1522; baseline -0.001 -23"><span class='ocrx_word' id='word_1_90' title='bbox 99 1440 382 1520; x_wconf 81' lang='grc' dir='ltr'><strong><em>προσβιβασθείης</em></strong></span> <span class='ocrx_word' id='word_1_91' title='bbox 412 1432 496 1516; x_wconf 88' lang='grc' dir='ltr'><strong><em>πρός</em></strong></span> <span class='ocrx_word' id='word_1_92' title='bbox 522 1430 583 1519; x_wconf 87' lang='grc' dir='ltr'><strong><em>τήν</em></strong></span> <span class='ocrx_word' id='word_1_93' title='bbox 614 1432 779 1522; x_wconf 79' lang='grc' dir='ltr'><strong><em>ἀλήθειαν</em></strong></span> <span class='ocrx_word' id='word_1_94' title='bbox 810 1442 870 1502; x_wconf 88' lang='grc' dir='ltr'><strong><em>τοῦ</em></strong></span> <span class='ocrx_word' id='word_1_95' title='bbox 896 1436 1104 1520; x_wconf 77' lang='grc' dir='ltr'><strong><em>διηγήματος.</em></strong></span> 
     </span>
     <span class='ocr_line' id='line_1_13' title="bbox 98 1528 1105 1621; baseline -0.002 -23"><span class='ocrx_word' id='word_1_96' title='bbox 98 1528 199 1599; x_wconf 85' lang='grc' dir='ltr'><strong><em>ὁπότε</em></strong></span> <span class='ocrx_word' id='word_1_97' title='bbox 214 1530 278 1617; x_wconf 87' lang='grc' dir='ltr'><strong><em>γάρ</em></strong></span> <span class='ocrx_word' id='word_1_98' title='bbox 296 1533 332 1598; x_wconf 81' lang='grc' dir='ltr'><strong><em>ἐν</em></strong></span> <span class='ocrx_word' id='word_1_99' title='bbox 349 1533 507 1621; x_wconf 77' lang='grc' dir='ltr'><strong><em>Αἰγύπτῳ</em></strong></span> <span class='ocrx_word' id='word_1_100' title='bbox 523 1537 640 1617; x_wconf 78' lang='grc' dir='ltr'><strong><em>διῆγον</em></strong></span> <span class='ocrx_word' id='word_1_101' title='bbox 653 1540 700 1601; x_wconf 84' lang='grc' dir='ltr'><strong><em>ἔτι</em></strong></span> <span class='ocrx_word' id='word_1_102' title='bbox 716 1536 790 1612; x_wconf 80' lang='grc' dir='ltr'><strong><em>νέος</em></strong></span> <span class='ocrx_word' id='word_1_103' title='bbox 806 1533 868 1619; x_wconf 77' lang='grc' dir='ltr'><strong><em>άίν,</em></strong></span> <span class='ocrx_word' id='word_1_104' title='bbox 883 1530 949 1600; x_wconf 86' lang='grc' dir='ltr'><strong><em>ὑπὸ</em></strong></span> <span class='ocrx_word' id='word_1_105' title='bbox 965 1539 1026 1599; x_wconf 80' lang='grc' dir='ltr'><strong><em>τοῦ</em></strong></span> <span class='ocrx_word' id='word_1_106' title='bbox 1041 1554 1105 1597; x_wconf 89' lang='grc' dir='ltr'><strong><em>πα-</em></strong></span> 
     </span>
     <span class='ocr_line' id='line_1_14' title="bbox 100 1624 1106 1715; baseline 0.002 -22"><span class='ocrx_word' id='word_1_107' title='bbox 100 1624 175 1709; x_wconf 87' lang='grc' dir='ltr'><strong><em>τρός</em></strong></span> <span class='ocrx_word' id='word_1_108' title='bbox 190 1628 243 1694; x_wconf 76' lang='grc' dir='ltr'><strong><em>ἐπὶ</em></strong></span> <span class='ocrx_word' id='word_1_109' title='bbox 264 1631 413 1705; x_wconf 75' lang='grc' dir='ltr'><strong><em>παιδείας</em></strong></span> <span class='ocrx_word' id='word_1_110' title='bbox 433 1629 599 1714; x_wconf 82' lang='grc' dir='ltr'><strong><em>προφάσει</em></strong></span> <span class='ocrx_word' id='word_1_111' title='bbox 620 1627 829 1712; x_wconf 78' lang='grc' dir='ltr'><strong><em>ἀποσταλείς,</em></strong></span> <span class='ocrx_word' id='word_1_112' title='bbox 855 1628 1050 1715; x_wconf 81' lang='grc' dir='ltr'><strong><em>ἐπεθύμησα</em></strong></span> <span class='ocrx_word' id='word_1_113' title='bbox 1074 1632 1106 1705; x_wconf 89' lang='grc' dir='ltr'><strong><em>ές</em></strong></span> 
     </span>
     <span class='ocr_line' id='line_1_15' title="bbox 100 1720 1155 1814; baseline -0.004 -23"><span class='ocrx_word' id='word_1_114' title='bbox 100 1722 236 1791; x_wconf 84' lang='grc' dir='ltr'><strong><em>Κοπτὸν</em></strong></span> <span class='ocrx_word' id='word_1_115' title='bbox 259 1720 470 1805; x_wconf 77' lang='grc' dir='ltr'><strong><em>ἀναπλεύσας</em></strong></span> <span class='ocrx_word' id='word_1_116' title='bbox 496 1729 627 1795; x_wconf 76' lang='grc' dir='ltr'><strong><em>ἐκεῖθεν</em></strong></span> <span class='ocrx_word' id='word_1_117' title='bbox 652 1730 704 1795; x_wconf 76' lang='grc' dir='ltr'><strong><em>ἐπὶ</em></strong></span> <span class='ocrx_word' id='word_1_118' title='bbox 730 1728 788 1794; x_wconf 86' lang='grc' dir='ltr'><strong><em>τὸν</em></strong></span> <span class='ocrx_word' id='word_1_119' title='bbox 809 1728 971 1814; x_wconf 79' lang='grc' dir='ltr'><strong><em>Μέμνονα</em></strong></span> <span class='ocrx_word' id='word_1_120' title='bbox 994 1722 1106 1793; x_wconf 81' lang='grc' dir='ltr'><strong><em>ε’λθιὺν</em></strong></span> <span class='ocrx_word' id='word_1_121' title='bbox 1120 1734 1155 1787; x_wconf 79' lang='lat'><strong><em>60</em></strong></span> 
     </span>
     <span class='ocr_line' id='line_1_16' title="bbox 98 1822 1106 1917; baseline 0 -28"><span class='ocrx_word' id='word_1_122' title='bbox 98 1822 242 1890; x_wconf 72' lang='grc' dir='ltr'><strong><em>οἰκοῦσαι</em></strong></span> <span class='ocrx_word' id='word_1_123' title='bbox 256 1822 293 1891; x_wconf 80' lang='grc' dir='ltr'><strong><em>τὰ</em></strong></span> <span class='ocrx_word' id='word_1_124' title='bbox 313 1823 513 1910; x_wconf 82' lang='grc' dir='ltr'><strong><em>θαυμαστόν</em></strong></span> <span class='ocrx_word' id='word_1_125' title='bbox 532 1828 639 1917; x_wconf 78' lang='grc' dir='ltr'><strong><em>έκεῖνο</em></strong></span> <span class='ocrx_word' id='word_1_126' title='bbox 659 1824 804 1912; x_wconf 79' lang='grc' dir='ltr'><strong><em>ἠχοῦντα</em></strong></span> <span class='ocrx_word' id='word_1_127' title='bbox 825 1823 908 1910; x_wconf 85' lang='grc' dir='ltr'><strong><em>πρός</em></strong></span> <span class='ocrx_word' id='word_1_128' title='bbox 928 1822 1106 1909; x_wconf 83' lang='grc' dir='ltr'><strong><em>ἀνίσχοντα</em></strong></span> 
     </span>
     <span class='ocr_line' id='line_1_17' title="bbox 97 1917 1106 2011; baseline -0.003 -22"><span class='ocrx_word' id='word_1_129' title='bbox 97 1919 159 1989; x_wconf 83' lang='grc' dir='ltr'><strong><em>τόν</em></strong></span> <span class='ocrx_word' id='word_1_130' title='bbox 175 1920 282 2007; x_wconf 91' lang='grc' dir='ltr'><strong><em>ήλιον.</em></strong></span> <span class='ocrx_word' id='word_1_131' title='bbox 310 1926 438 1991; x_wconf 81' lang='grc' dir='ltr'><strong><em>ἐκείνου</em></strong></span> <span class='ocrx_word' id='word_1_132' title='bbox 454 1925 516 2011; x_wconf 72' lang='grc' dir='ltr'><strong><em>μὲν</em></strong></span> <span class='ocrx_word' id='word_1_133' title='bbox 539 1917 603 1991; x_wconf 89' lang='grc' dir='ltr'><strong><em>οὑν</em></strong></span> <span class='ocrx_word' id='word_1_134' title='bbox 622 1922 750 2011; x_wconf 90' lang='grc' dir='ltr'><strong><em>ήκονσα</em></strong></span> <span class='ocrx_word' id='word_1_135' title='bbox 772 1922 813 1989; x_wconf 87' lang='grc' dir='ltr'><strong><em>οὑ</em></strong></span> <span class='ocrx_word' id='word_1_136' title='bbox 832 1920 915 1990; x_wconf 83' lang='grc' dir='ltr'><strong><em>κατά</em></strong></span> <span class='ocrx_word' id='word_1_137' title='bbox 932 1919 968 1989; x_wconf 82' lang='grc' dir='ltr'><strong><em>τὸ</em></strong></span> <span class='ocrx_word' id='word_1_138' title='bbox 989 1918 1106 1988; x_wconf 85' lang='grc' dir='ltr'><strong><em>κοινόν</em></strong></span> 
     </span>
     <span class='ocr_line' id='line_1_18' title="bbox 96 2019 1106 2109; baseline -0.005 -20"><span class='ocrx_word' id='word_1_139' title='bbox 96 2034 167 2097; x_wconf 81' lang='grc' dir='ltr'><strong><em>τοῖς</em></strong></span> <span class='ocrx_word' id='word_1_140' title='bbox 180 2028 314 2099; x_wconf 77' lang='grc' dir='ltr'><strong><em>πολλοῖς</em></strong></span> <span class='ocrx_word' id='word_1_141' title='bbox 331 2019 462 2107; x_wconf 75' lang='grc' dir='ltr'><strong><em>ἄσημόν</em></strong></span> <span class='ocrx_word' id='word_1_142' title='bbox 482 2050 556 2090; x_wconf 90' lang='grc' dir='ltr'><strong><em>τινα</em></strong></span> <span class='ocrx_word' id='word_1_143' title='bbox 572 2024 707 2109; x_wconf 85' lang='grc' dir='ltr'><strong><em>φωνήν,</em></strong></span> <span class='ocrx_word' id='word_1_144' title='bbox 730 2020 813 2089; x_wconf 84' lang='grc' dir='ltr'><strong><em>άλλά</em></strong></span> <span class='ocrx_word' id='word_1_145' title='bbox 829 2047 884 2107; x_wconf 91' lang='grc' dir='ltr'><strong><em>μοι</em></strong></span> <span class='ocrx_word' id='word_1_146' title='bbox 900 2021 954 2087; x_wconf 83' lang='grc' dir='ltr'><strong><em>καὶ</em></strong></span> <span class='ocrx_word' id='word_1_147' title='bbox 970 2025 1106 2106; x_wconf 83' lang='grc' dir='ltr'><strong><em>ἔχρησεν</em></strong></span> 
     </span>
     <span class='ocr_line' id='line_1_19' title="bbox 98 2116 1108 2204; baseline -0.002 -19"><span class='ocrx_word' id='word_1_148' title='bbox 98 2118 117 2185; x_wconf 87' lang='grc' dir='ltr'>ὁ</span> <span class='ocrx_word' id='word_1_149' title='bbox 134 2119 286 2204; x_wconf 82' lang='grc' dir='ltr'><strong><em>Μέμνων</em></strong></span> <span class='ocrx_word' id='word_1_150' title='bbox 307 2116 406 2197; x_wconf 84' lang='grc' dir='ltr'><strong><em>αὐτὸς</em></strong></span> <span class='ocrx_word' id='word_1_151' title='bbox 418 2118 559 2201; x_wconf 79' lang='grc' dir='ltr'><strong><em>Ιοἰνοίξας</em></strong></span> <span class='ocrx_word' id='word_1_152' title='bbox 578 2119 615 2188; x_wconf 85' lang='grc' dir='ltr'><strong><em>τό</em></strong></span> <span class='ocrx_word' id='word_1_153' title='bbox 634 2120 739 2204; x_wconf 88' lang='grc' dir='ltr'><strong><em>στόμα</em></strong></span> <span class='ocrx_word' id='word_1_154' title='bbox 755 2124 792 2187; x_wconf 78' lang='grc' dir='ltr'><strong><em>ἐν</em></strong></span> <span class='ocrx_word' id='word_1_155' title='bbox 805 2125 919 2187; x_wconf 79' lang='grc' dir='ltr'><strong><em>ἔπεσιν</em></strong></span> <span class='ocrx_word' id='word_1_156' title='bbox 933 2119 1029 2200; x_wconf 83' lang='grc' dir='ltr'><strong><em>ἑπτά,</em></strong></span> <span class='ocrx_word' id='word_1_157' title='bbox 1042 2120 1108 2184; x_wconf 76' lang='grc' dir='ltr'><strong><em>’καὶ</em></strong></span> 
     </span>
     <span class='ocr_line' id='line_1_20' title="bbox 98 2212 1105 2305; baseline -0.001 -22"><span class='ocrx_word' id='word_1_158' title='bbox 98 2225 133 2285; x_wconf 84' lang='grc' dir='ltr'><strong><em>εί</em></strong></span> <span class='ocrx_word' id='word_1_159' title='bbox 139 2242 177 2301; x_wconf 85' lang='grc' dir='ltr'><strong><em>γε</em></strong></span> <span class='ocrx_word' id='word_1_160' title='bbox 187 2214 232 2302; x_wconf 85' lang='grc' dir='ltr'><strong><em>μή</em></strong></span> <span class='ocrx_word' id='word_1_161' title='bbox 244 2215 397 2300; x_wconf 84' lang='grc' dir='ltr'><strong><em>περιττὸν</em></strong></span> <span class='ocrx_word' id='word_1_162' title='bbox 407 2212 462 2305; x_wconf 86' lang='grc' dir='ltr'><strong><em>ήν,</em></strong></span> <span class='ocrx_word' id='word_1_163' title='bbox 474 2217 557 2287; x_wconf 80' lang='grc' dir='ltr'><strong><em>αὑτά</em></strong></span> <span class='ocrx_word' id='word_1_164' title='bbox 570 2214 614 2285; x_wconf 76' lang='grc' dir='ltr'><strong><em>όν</em></strong></span> <span class='ocrx_word' id='word_1_165' title='bbox 625 2216 705 2303; x_wconf 84' lang='grc' dir='ltr'><strong><em>ὑμίν</em></strong></span> <span class='ocrx_word' id='word_1_166' title='bbox 716 2217 808 2284; x_wconf 81' lang='grc' dir='ltr'><strong><em>εἷπον</em></strong></span> <span class='ocrx_word' id='word_1_167' title='bbox 819 2216 858 2284; x_wconf 82' lang='grc' dir='ltr'><strong><em>τά</em></strong></span> <span class='ocrx_word' id='word_1_168' title='bbox 871 2223 941 2303; x_wconf 79' lang='grc' dir='ltr'><strong><em>ἔπη.</em></strong></span> <span class='ocrx_word' id='word_1_169' title='bbox 959 2221 1009 2283; x_wconf 80' lang='grc'><strong><em>34.</em></strong></span> <span class='ocrx_word' id='word_1_170' title='bbox 1023 2214 1105 2283; x_wconf 87' lang='grc' dir='ltr'><strong><em>κατά</em></strong></span> 
     </span>
     <span class='ocr_line' id='line_1_21' title="bbox 98 2312 1105 2404; baseline 0 -22"><span class='ocrx_word' id='word_1_171' title='bbox 98 2315 136 2384; x_wconf 75' lang='grc' dir='ltr'><strong><em>δὲ</em></strong></span> <span class='ocrx_word' id='word_1_172' title='bbox 150 2314 210 2382; x_wconf 83' lang='grc' dir='ltr'><strong><em>τόν</em></strong></span> <span class='ocrx_word' id='word_1_173' title='bbox 224 2312 401 2383; x_wconf 77' lang='grc' dir='ltr'><strong><em>ἀνάπλουν</em></strong></span> <span class='ocrx_word' id='word_1_174' title='bbox 415 2323 529 2403; x_wconf 82' lang='grc' dir='ltr'><strong><em>ἔτυχεν</em></strong></span> <span class='ocrx_word' id='word_1_175' title='bbox 544 2315 621 2403; x_wconf 80' lang='grc' dir='ltr'><strong><em>ἡμῖν</em></strong></span> <span class='ocrx_word' id='word_1_176' title='bbox 638 2322 816 2403; x_wconf 88' lang='grc' dir='ltr'><strong><em>συμπλέων</em></strong></span> <span class='ocrx_word' id='word_1_177' title='bbox 832 2324 1008 2402; x_wconf 82' lang='grc' dir='ltr'><strong><em>Μεμφίτης</em></strong></span> <span class='ocrx_word' id='word_1_178' title='bbox 1020 2314 1105 2404; x_wconf 84' lang='grc' dir='ltr'><strong><em>άνήρ</em></strong></span> 
     </span>
     <span class='ocr_line' id='line_1_22' title="bbox 98 2414 1107 2503; baseline 0.001 -23"><span class='ocrx_word' id='word_1_179' title='bbox 98 2422 167 2481; x_wconf 81' lang='grc' dir='ltr'><strong><em>τῶν</em></strong></span> <span class='ocrx_word' id='word_1_180' title='bbox 178 2419 478 2501; x_wconf 76' lang='grc' dir='ltr'><strong><em>ἱερογραμματέων,</em></strong></span> <span class='ocrx_word' id='word_1_181' title='bbox 489 2415 750 2503; x_wconf 82' lang='grc' dir='ltr'><strong><em>θαυμάσιοςτήν</em></strong></span> <span class='ocrx_word' id='word_1_182' title='bbox 761 2424 884 2501; x_wconf 82' lang='grc' dir='ltr'><strong><em>σοφίαν</em></strong></span> <span class='ocrx_word' id='word_1_183' title='bbox 893 2418 946 2483; x_wconf 80' lang='grc' dir='ltr'><strong><em>καὶ</em></strong></span> <span class='ocrx_word' id='word_1_184' title='bbox 956 2414 1018 2501; x_wconf 85' lang='grc' dir='ltr'><strong><em>τήν</em></strong></span> <span class='ocrx_word' id='word_1_185' title='bbox 1029 2440 1107 2482; x_wconf 89' lang='grc' dir='ltr'><strong><em>παι-</em></strong></span> 
     </span>
     <span class='ocr_line' id='line_1_23' title="bbox 95 2512 1108 2601; baseline 0.003 -21"><span class='ocrx_word' id='word_1_186' title='bbox 95 2519 195 2598; x_wconf 80' lang='grc' dir='ltr'><strong><em>βείαυ</em></strong></span> <span class='ocrx_word' id='word_1_187' title='bbox 210 2522 321 2581; x_wconf 86' lang='grc' dir='ltr'><strong><em>πᾶσαν</em></strong></span> <span class='ocrx_word' id='word_1_188' title='bbox 338 2512 432 2593; x_wconf 80' lang='grc' dir='ltr'><strong><em>είδώς</em></strong></span> <span class='ocrx_word' id='word_1_189' title='bbox 454 2514 515 2601; x_wconf 88' lang='grc' dir='ltr'><strong><em>τήν</em></strong></span> <span class='ocrx_word' id='word_1_190' title='bbox 529 2522 738 2600; x_wconf 82' lang='grc' dir='ltr'><strong><em>Αἰγυπτίων·</em></strong></span> <span class='ocrx_word' id='word_1_191' title='bbox 768 2519 894 2599; x_wconf 82' lang='grc' dir='ltr'><strong><em>ἐλέγετο</em></strong></span> <span class='ocrx_word' id='word_1_192' title='bbox 911 2515 946 2581; x_wconf 72' lang='grc' dir='ltr'><strong><em>δὲ</em></strong></span> <span class='ocrx_word' id='word_1_193' title='bbox 964 2520 1037 2598; x_wconf 91' lang='grc' dir='ltr'><strong><em>τρία</em></strong></span> <span class='ocrx_word' id='word_1_194' title='bbox 1054 2518 1108 2583; x_wconf 79' lang='grc' dir='ltr'><strong><em>καί</em></strong></span> 
     </span>
     <span class='ocr_line' id='line_1_24' title="bbox 100 2610 1108 2703; baseline -0.002 -22"><span class='ocrx_word' id='word_1_195' title='bbox 100 2622 229 2701; x_wconf 71' lang='grc' dir='ltr'><strong><em>εἴκοσιν</em></strong></span> <span class='ocrx_word' id='word_1_196' title='bbox 244 2620 299 2700; x_wconf 80' lang='grc' dir='ltr'><strong><em>ἔτη</em></strong></span> <span class='ocrx_word' id='word_1_197' title='bbox 315 2618 351 2682; x_wconf 75' lang='grc' dir='ltr'><strong><em>ἐν</em></strong></span> <span class='ocrx_word' id='word_1_198' title='bbox 365 2629 433 2692; x_wconf 78' lang='grc' dir='ltr'><strong><em>τοῖς</em></strong></span> <span class='ocrx_word' id='word_1_199' title='bbox 449 2612 584 2692; x_wconf 85' lang='grc' dir='ltr'><strong><em>άδὺτοις</em></strong></span> <span class='ocrx_word' id='word_1_200' title='bbox 597 2612 755 2699; x_wconf 85' lang='grc' dir='ltr'><strong><em>ὑπόγειος</em></strong></span> <span class='ocrx_word' id='word_1_201' title='bbox 768 2610 932 2703; x_wconf 76' lang='grc' dir='ltr'><strong><em>ςόκηκέναι</em></strong></span> <span class='ocrx_word' id='word_1_202' title='bbox 947 2614 1108 2699; x_wconf 85' lang='grc' dir='ltr'><strong><em>μαγεύειν</em></strong></span> 
     </span>
     <span class='ocr_line' id='line_1_25' title="bbox 98 2712 1107 2799; baseline -0.001 -19"><span class='ocrx_word' id='word_1_203' title='bbox 98 2712 342 2798; x_wconf 86' lang='grc' dir='ltr'><strong><em>παιδευόμενος</em></strong></span> <span class='ocrx_word' id='word_1_204' title='bbox 359 2712 424 2781; x_wconf 88' lang='grc' dir='ltr'><strong><em>ὑπδ</em></strong></span> <span class='ocrx_word' id='word_1_205' title='bbox 441 2714 635 2799; x_wconf 84' lang='grc' dir='ltr'><strong><em>τῆςἼσιδος.</em></strong></span> <span class='ocrx_word' id='word_1_206' title='bbox 659 2712 877 2796; x_wconf 83' lang='grc' dir='ltr'><strong><em>Παγκράτην,</em></strong></span> <span class='ocrx_word' id='word_1_207' title='bbox 894 2718 975 2797; x_wconf 78' lang='grc' dir='ltr'><strong><em>ἔφη,</em></strong></span> <span class='ocrx_word' id='word_1_208' title='bbox 991 2714 1107 2797; x_wconf 82' lang='grc' dir='ltr'><strong><em>λέγεις,</em></strong></span> 
     </span>
     <span class='ocr_line' id='line_1_26' title="bbox 100 2808 1108 2898; baseline 0 -20"><span class='ocrx_word' id='word_1_209' title='bbox 100 2810 118 2878; x_wconf 89' lang='grc' dir='ltr'><strong>ὁ</strong></span> <span class='ocrx_word' id='word_1_210' title='bbox 133 2809 346 2898; x_wconf 81' lang='grc' dir='ltr'><strong><em>Ἀρίγνωτος,</em></strong></span> <span class='ocrx_word' id='word_1_211' title='bbox 366 2812 447 2898; x_wconf 80' lang='grc' dir='ltr'><strong><em>ἐμόν</em></strong></span> <span class='ocrx_word' id='word_1_212' title='bbox 462 2814 683 2896; x_wconf 88' lang='grc' dir='ltr'><strong><em>διδάσκαλον,</em></strong></span> <span class='ocrx_word' id='word_1_213' title='bbox 700 2808 792 2893; x_wconf 87' lang='grc' dir='ltr'><strong><em>ίερόν</em></strong></span> <span class='ocrx_word' id='word_1_214' title='bbox 807 2810 930 2895; x_wconf 77' lang='grc' dir='ltr'><strong><em>ἄνδρα,</em></strong></span> <span class='ocrx_word' id='word_1_215' title='bbox 950 2815 1108 2897; x_wconf 83' lang='grc' dir='ltr'><strong><em>ἐξυρημέ-</em></strong></span> 
     </span>
     <span class='ocr_line' id='line_1_27' title="bbox 98 2906 1107 3000; baseline 0 -24"><span class='ocrx_word' id='word_1_216' title='bbox 98 2938 181 2996; x_wconf 92' lang='grc' dir='ltr'><strong><em>νον,</em></strong></span> <span class='ocrx_word' id='word_1_217' title='bbox 206 2914 242 2978; x_wconf 83' lang='grc' dir='ltr'><strong><em>ἐν</em></strong></span> <span class='ocrx_word' id='word_1_218' title='bbox 263 2909 429 2999; x_wconf 86' lang='grc' dir='ltr'><strong><em>ὀθονίοις,</em></strong></span> <span class='ocrx_word' id='word_1_219' title='bbox 456 2906 685 3000; x_wconf 84' lang='grc' dir='ltr'><strong><em>νοήμονα,οό</em></strong></span> <span class='ocrx_word' id='word_1_220' title='bbox 707 2917 864 2991; x_wconf 80' lang='grc' dir='ltr'><strong><em>καθαρῶς</em></strong></span> <span class='ocrx_word' id='word_1_221' title='bbox 887 2910 1107 2995; x_wconf 80' lang='grc' dir='ltr'><strong><em>ἑλληνίζοντα,</em></strong></span> 
     </span>
     <span class='ocr_line' id='line_1_28' title="bbox 98 3006 1108 3098; baseline -0.003 -21"><span class='ocrx_word' id='word_1_222' title='bbox 98 3010 257 3097; x_wconf 83' lang='grc' dir='ltr'><strong><em>ἐπιμήκη,</em></strong></span> <span class='ocrx_word' id='word_1_223' title='bbox 272 3012 381 3097; x_wconf 90' lang='grc' dir='ltr'><strong><em>σιμόν,</em></strong></span> <span class='ocrx_word' id='word_1_224' title='bbox 398 3014 585 3098; x_wconf 87' lang='grc' dir='ltr'><strong><em>πρόχειλον,</em></strong></span> <span class='ocrx_word' id='word_1_225' title='bbox 600 3007 788 3075; x_wconf 85' lang='grc' dir='ltr'><strong><em>ὑπόλεπτον</em></strong></span> <span class='ocrx_word' id='word_1_226' title='bbox 799 3006 839 3073; x_wconf 78' lang='grc' dir='ltr'><strong><em>τά</em></strong></span> <span class='ocrx_word' id='word_1_227' title='bbox 852 3014 960 3093; x_wconf 86' lang='grc' dir='ltr'><strong><em>σκέλη.</em></strong></span> <span class='ocrx_word' id='word_1_228' title='bbox 985 3006 1108 3094; x_wconf 82' lang='grc' dir='ltr'><strong><em>Αὐτόν,</em></strong></span> 
     </span>
     <span class='ocr_line' id='line_1_29' title="bbox 97 3104 1109 3195; baseline 0 -19"><span class='ocrx_word' id='word_1_229' title='bbox 97 3104 118 3195; x_wconf 87' lang='grc' dir='ltr'><strong><em>ή</em></strong></span> <span class='ocrx_word' id='word_1_230' title='bbox 144 3108 176 3176; x_wconf 86' lang='grc' dir='ltr'><strong><em>δ’</em></strong></span> <span class='ocrx_word' id='word_1_231' title='bbox 198 3108 251 3192; x_wconf 83' lang='grc' dir='ltr'><strong><em>ὅς,</em></strong></span> <span class='ocrx_word' id='word_1_232' title='bbox 278 3112 407 3177; x_wconf 79' lang='grc' dir='ltr'><strong><em>ἐκεῖνον</em></strong></span> <span class='ocrx_word' id='word_1_233' title='bbox 433 3109 492 3177; x_wconf 82' lang='grc' dir='ltr'><strong><em>τόν</em></strong></span> <span class='ocrx_word' id='word_1_234' title='bbox 514 3109 736 3195; x_wconf 88' lang='grc' dir='ltr'><strong><em>Παγκράτην·</em></strong></span> <span class='ocrx_word' id='word_1_235' title='bbox 769 3110 823 3176; x_wconf 84' lang='grc' dir='ltr'><strong><em>καὶ</em></strong></span> <span class='ocrx_word' id='word_1_236' title='bbox 849 3109 888 3175; x_wconf 82' lang='grc' dir='ltr'><strong><em>τά</em></strong></span> <span class='ocrx_word' id='word_1_237' title='bbox 911 3113 973 3194; x_wconf 81' lang='grc' dir='ltr'><strong><em>μὲν</em></strong></span> <span class='ocrx_word' id='word_1_238' title='bbox 995 3116 1109 3191; x_wconf 81' lang='grc' dir='ltr'><strong><em>πρῶτα</em></strong></span> 
     </span>
     <span class='ocr_line' id='line_1_30' title="bbox 97 3201 1110 3293; baseline 0 -20"><span class='ocrx_word' id='word_1_239' title='bbox 97 3207 251 3293; x_wconf 82' lang='grc' dir='ltr'><strong><em>ἠγνόουν</em></strong></span> <span class='ocrx_word' id='word_1_240' title='bbox 267 3205 356 3285; x_wconf 80' lang='grc' dir='ltr'><strong><em>ὅστις</em></strong></span> <span class='ocrx_word' id='word_1_241' title='bbox 376 3201 435 3293; x_wconf 82' lang='grc' dir='ltr'><strong><em>ἦν,</em></strong></span> <span class='ocrx_word' id='word_1_242' title='bbox 458 3212 526 3277; x_wconf 80' lang='grc' dir='ltr'><strong><em>ἐπεὶ</em></strong></span> <span class='ocrx_word' id='word_1_243' title='bbox 543 3208 579 3275; x_wconf 72' lang='grc' dir='ltr'><strong><em>δέ</em></strong></span> <span class='ocrx_word' id='word_1_244' title='bbox 597 3208 711 3290; x_wconf 79' lang='grc' dir='ltr'><strong><em>ἑτάρων</em></strong></span> <span class='ocrx_word' id='word_1_245' title='bbox 733 3206 852 3291; x_wconf 78' lang='grc' dir='ltr'><strong><em>αὑτόν,</em></strong></span> <span class='ocrx_word' id='word_1_246' title='bbox 876 3217 909 3275; x_wconf 83' lang='grc' dir='ltr'><strong><em>εί</em></strong></span> <span class='ocrx_word' id='word_1_247' title='bbox 921 3231 1000 3274; x_wconf 89' lang='grc' dir='ltr'><strong><em>ποτε</em></strong></span> <span class='ocrx_word' id='word_1_248' title='bbox 1014 3204 1110 3291; x_wconf 85' lang='grc' dir='ltr'><strong><em>ὁρμί-</em></strong></span> 
     </span>
     <span class='ocr_line' id='line_1_31' title="bbox 98 3302 1108 3392; baseline 0.005 -20"><span class='ocrx_word' id='word_1_249' title='bbox 98 3328 221 3392; x_wconf 90' lang='grc' dir='ltr'><strong><em>σαιμεν</em></strong></span> <span class='ocrx_word' id='word_1_250' title='bbox 233 3304 270 3373; x_wconf 82' lang='grc' dir='ltr'><strong><em>τό</em></strong></span> <span class='ocrx_word' id='word_1_251' title='bbox 288 3315 420 3388; x_wconf 76' lang='grc' dir='ltr'><strong><em>πλοίου,</em></strong></span> <span class='ocrx_word' id='word_1_252' title='bbox 443 3306 526 3375; x_wconf 76' lang='grc' dir='ltr'><strong><em>ἄλλα</em></strong></span> <span class='ocrx_word' id='word_1_253' title='bbox 542 3332 576 3373; x_wconf 90' lang='grc' dir='ltr'><strong><em>τε</em></strong></span> <span class='ocrx_word' id='word_1_254' title='bbox 594 3302 700 3372; x_wconf 72' lang='grc' dir='ltr'><strong><em>πολλοὶ</em></strong></span> <span class='ocrx_word' id='word_1_255' title='bbox 712 3305 864 3387; x_wconf 83' lang='grc' dir='ltr'><strong><em>τεράστια</em></strong></span> <span class='ocrx_word' id='word_1_256' title='bbox 877 3305 1108 3391; x_wconf 71' lang='grc' dir='ltr'><strong><em>ἐργαζόμενον,</em></strong></span> 
     </span>
     <span class='ocr_line' id='line_1_32' title="bbox 97 3398 1108 3490; baseline -0.002 -19"><span class='ocrx_word' id='word_1_257' title='bbox 97 3407 156 3472; x_wconf 79' lang='grc' dir='ltr'><strong><em>καὶ</em></strong></span> <span class='ocrx_word' id='word_1_258' title='bbox 180 3404 219 3489; x_wconf 88' lang='grc' dir='ltr'><strong><em>δή</em></strong></span> <span class='ocrx_word' id='word_1_259' title='bbox 242 3407 296 3472; x_wconf 86' lang='grc' dir='ltr'><strong><em>καὶ</em></strong></span> <span class='ocrx_word' id='word_1_260' title='bbox 321 3407 371 3473; x_wconf 79' lang='grc' dir='ltr'><strong><em>ἐπὶ</em></strong></span> <span class='ocrx_word' id='word_1_261' title='bbox 393 3412 616 3489; x_wconf 84' lang='grc' dir='ltr'><strong><em>κροκοδείλων</em></strong></span> <span class='ocrx_word' id='word_1_262' title='bbox 639 3402 823 3490; x_wconf 87' lang='grc' dir='ltr'><strong><em>όχοὺμευον</em></strong></span> <span class='ocrx_word' id='word_1_263' title='bbox 846 3398 900 3471; x_wconf 83' lang='grc' dir='ltr'><strong><em>καὶ</em></strong></span> <span class='ocrx_word' id='word_1_264' title='bbox 923 3406 1108 3471; x_wconf 82' lang='grc' dir='ltr'><strong><em>συννέοντα</em></strong></span> 
     </span>
     <span class='ocr_line' id='line_1_33' title="bbox 96 3500 1153 3589; baseline -0.003 -16"><span class='ocrx_word' id='word_1_265' title='bbox 96 3520 170 3585; x_wconf 76' lang='grc' dir='ltr'><strong><em>τοις</em></strong></span> <span class='ocrx_word' id='word_1_266' title='bbox 185 3513 331 3589; x_wconf 88' lang='grc' dir='ltr'><strong><em>θηρίοις,</em></strong></span> <span class='ocrx_word' id='word_1_267' title='bbox 348 3504 387 3571; x_wconf 87' lang='grc' dir='ltr'><strong><em>τά</em></strong></span> <span class='ocrx_word' id='word_1_268' title='bbox 403 3510 438 3572; x_wconf 78' lang='grc' dir='ltr'><strong><em>δὲ</em></strong></span> <span class='ocrx_word' id='word_1_269' title='bbox 453 3506 707 3586; x_wconf 83' lang='grc' dir='ltr'><strong><em>ὑποπτήσσοντα</em></strong></span> <span class='ocrx_word' id='word_1_270' title='bbox 724 3505 777 3570; x_wconf 83' lang='grc' dir='ltr'><strong><em>καὶ</em></strong></span> <span class='ocrx_word' id='word_1_271' title='bbox 792 3510 949 3570; x_wconf 90' lang='grc' dir='ltr'><strong><em>σαίνοντα</em></strong></span> <span class='ocrx_word' id='word_1_272' title='bbox 964 3517 1034 3580; x_wconf 76' lang='grc' dir='ltr'><strong><em>ταις</em></strong></span> <span class='ocrx_word' id='word_1_273' title='bbox 1048 3500 1108 3569; x_wconf 81' lang='grc' dir='ltr'><strong><em>οὐ·</em></strong></span> <span class='ocrx_word' id='word_1_274' title='bbox 1124 3518 1153 3572; x_wconf 85' lang='grc'><strong><em>61</em></strong></span> 
     </span>
    </p>
   </div>
   <div class='ocr_carea' id='block_1_3' title="bbox 0 0 1318 4092">
    <p class='ocr_par' dir='ltr' id='par_1_3' title="bbox 0 0 1318 4092">
     <span class='ocr_line' id='line_1_34' title="bbox 0 0 1318 4092; baseline 0 0"><span class='ocrx_word' id='word_1_275' title='bbox 0 0 1318 4092; x_wconf 95' lang='lat' dir='ltr'><strong><em> </em></strong></span> 
     </span>
    </p>
   </div>
  </div>
 </body>
</html>
