2625 4092
227 257 289 320 328
469 260 471 266 '
583 257 887 317 AOYKIANOY

226 423 487 504 γλαφυρώτερον
502 417 652 503 ἐπράχθη
664 417 805 502 -μάλα
821 416 883 503 ήδη
897 418 1158 501 παρεφύλαττον
1174 413 1191 483 ό
1204 444 1231 482 τι

225 519 279 585 καὶ
291 517 476 602 μειδιάσειε.
493 516 547 608 καί
558 512 638 600 μετά
652 511 775 599 μικρὸν
786 512 804 581 ὁ
816 513 876 599 μὲν
888 523 1083 600 προσῆλθεν
1094 512 1140 591 ὡς
1150 511 1231 580 ἀπο-

224 617 413 702 ληψόμενος
433 611 522 698 παρά
544 620 603 680 τοῦ
618 612 817 698 Κλεοδήμου
838 610 899 697 τήν
915 613 1057 698 φιάλην,
1079 609 1098 679 ὁ
1122 612 1161 680 δὲ
1177 614 1233 678 τόν

157 733 207 785 429
225 736 261 781 τε
276 713 443 780 δάκτυλον
458 709 644 790 ἀπέθλιψεν
664 708 839 778 αὐτοῦκαὶ
863 709 1009 795 δραχμάς
1030 711 1111 791 δύο,
1133 708 1232 794 οἶμαι,

225 813 438 880 συνανέδωκε
458 809 539 895 μετά
561 816 618 896 τῆς
638 811 775 894 φιάλης·
809 808 919 886 ὁπαίς
935 811 970 876 δὲ
989 807 1073 892 πρὸς
1090 811 1154 896 μὲν
1176 835 1233 876 τον

225 912 391 979 δάκτυλον
406 909 613 996 θλιβόμενον
633 901 736 986 αὖθις
752 910 955 992 ἐμειδίασεν,
978 904 1019 973 ού
1034 904 1103 992 μήν
1121 919 1233 974 συνεί·

225 1015 299 1092 δεν,
323 1005 429 1093 οἶμαι,
456 1005 492 1074 τῦ
511 1007 673 1093 νόμισμα,
700 1003 783 1092 ὥστε
802 1002 847 1090 μή
864 1007 1044 1089 δεξαμένου
1061 1004 1181 1087 ψόφον
1200 1007 1234 1069 αι’

224 1105 286 1172 δύο
299 1107 439 1190 δραχμαὶ
450 1108 616 1190 παρέσχον
627 1107 826 1171 ἐκπεσοῦσαι
838 1105 892 1170 καὶ
906 1100 1121 1188 ἠρυθρίασαν
1131 1100 1235 1187 ἀμφι)

224 1203 311 1290 μάλα
326 1209 452 1287 σαφοῦς.
476 1199 628 1288 ἠπόρουν
646 1205 682 1269 δὲ
697 1207 732 1268 οί
742 1208 884 1286 πλησίον
903 1193 1036 1277 οὗτινος
1052 1209 1101 1286 είη
1116 1199 1235 1267 τότ-νο·
1293 1278 1294 1287 ,

224 1309 384 1387 μίσματα,
401 1306 461 1366 τοῦ
472 1300 534 1385 μὲν
545 1297 664 1376 παιδός
674 1296 887 1385 ἀρνουμένου
898 1296 942 1384 μή
955 1298 1234 1386 ἀποβεβληκέναι,

225 1407 284 1466 τοῦ
299 1401 335 1465 δὲ
349 1397 565 1482 Κλεοδήμου,
586 1392 667 1464 καθ’
685 1392 725 1462 δν
741 1392 758 1463 ό
775 1396 884 1479 ψόφος
898 1398 1045 1482 ἐγένετο,
1068 1396 1112 1482 μή
1131 1423 1233 1478 προς-
1294 1332 1296 1465 ἠ

223 1500 428 1582 ποιουμένου
442 1492 504 1581 τήν
518 1491 710 1577 ἀπόρριψιν.
738 1490 890 1580 ἠμελήθη
907 1487 972 1562 οῦν
989 1495 1044 1562 καὶ
1059 1495 1233 1580 παρώφθη

225 1603 321 1662 τοῦτο
347 1591 387 1660 οῦ
409 1594 501 1660 πάνυ
523 1596 658 1661 πολλῶν
679 1593 822 1658 ίδόντων
839 1591 926 1678 πλήν
943 1593 1067 1679 μόνον,
1093 1590 1138 1671 ὦς
1160 1595 1231 1679 ἐμοὶ

225 1696 331 1772 ἔδοξε,
352 1698 413 1756 τοῦ
427 1687 686 1772 Ἀρισταινέτου·
713 1695 888 1778 μετέστησε
903 1692 968 1778 γάρ
983 1690 1042 1758 τόν
1058 1697 1161 1759 παῖδα
1176 1719 1232 1777 μι-
1295 1682 1296 1767 ἠ

223 1787 307 1874 κρδυ
317 1786 459 1870 ὕστερον
468 1786 606 1873 ἀφανῶς
616 1787 835 1875 ύπεξαγαγάν
845 1792 900 1858 καὶ
908 1797 953 1879 τῷ
961 1791 1147 1878 Κλεοδήμῳ
1155 1788 1231 1855 τινα

223 1896 431 1974 παραστῆναι
457 1891 607 1957 διένευσε
635 1896 704 1955 τῶν
729 1890 862 1972 ε’ξιόρων
887 1887 951 1974 ἠδη
973 1891 1026 1956 καὶ
1047 1894 1231 1971 καρτερῶν,

223 1988 416 2074 ὀρεωκόμον
435 1983 509 2055 τινά
530 1983 551 2072 ή
572 1988 770 2073 ίπποκόμον.
802 1989 973 2055 καὶτοῦτο
994 1987 1055 2072 μὲν
1075 1977 1144 2053 όδέ
1162 2011 1234 2061 πως

223 2087 434 2171 ἐκεχωρήκει,
459 2085 604 2171 μεγάλης
624 2087 782 2171 αἰσχύνης
801 2095 908 2154 αίτιου
924 2080 967 2151 ἀν
983 2091 1029 2175 τῷ
1046 2085 1234 2172 Κλεοδήμῳ

222 2184 420 2269 γενόμενον,
443 2190 473 2251 εί
487 2190 577 2268 ἔφθη
594 2187 814 2271 διαφοιτῆσαν
835 2191 881 2262 είς
898 2183 1063 2268 ἅπαντας,
1084 2180 1169 2251 ἀλλὰ
1187 2182 1233 2269 μή

165 2291 173 2305 ”
206 2284 363 2365 ικατέσβη
391 2278 525 2364 αὐτίκα,
558 2285 673 2362 δεξιῶς
700 2282 791 2349 πάνυ
820 2291 881 2349 τοῦ
904 2282 1148 2364 Ἀρισταινέτου
1170 2280 1234 2368 τήν

222 2386 401 2459 παροινίαν
419 2381 623 2464 ἐνέγκαντος.

153 2495 205 2550 430
309 2485 358 2546 16.
376 2475 411 2544 ‘0
433 2478 580 2556 Κυνικός
604 2481 639 2547 δὲ
658 2477 869 2566 Ἀλκιδάμας,
893 2482 1054 2548 ἐπεπώκει
1069 2479 1136 2566 γάρ
1155 2478 1233 2568 ἤδη,

223 2577 416 2660 πυθόμενος
427 2574 497 2661 ήτις
509 2573 529 2662 ἡ
539 2581 734 2663 γαμουμένη
745 2592 821 2655 παῖς
833 2581 989 2663 έκαλείτο,
1001 2576 1135 2663 σιωπήν
1145 2603 1233 2661 παρ-

223 2683 375 2762 αγγείλας
395 2675 521 2760 μεγάλη
542 2681 581 2760 τῆ
602 2682 700 2762 φωνῇ
716 2673 906 2762 ἀποβλέψας
922 2679 964 2753 ε’ς·
977 2673 1036 2753 ’τάς
1058 2690 1231 2759 γυναῖκας,

221 2781 381 2857 Προπίνω
395 2792 464 2854 σοι,
487 2777 568 2857 ἔφη,
594 2765 620 2838 ό
634 2779 802 2857 Κλεανθί,
818 2771 1021 2856 Ἡρακλέους
1034 2771 1230 2860 ἀρχηγέτου.

223 2869 266 2948 ὡς
281 2867 314 2934 δ’
332 2872 492 2953 ἐγέλασαν
512 2871 563 2936 ἐπὶ
583 2869 691 2960 τούτῳ
708 2868 867 2955 ἅπαντες,
892 2869 1099 2956 Ἐγελάσατε,
1127 2871 1230 2956 εἶπειη
1296 2878 1297 2941 j

223 2960 249 3034 ό
266 2965 481 3050 καθάρματα,
504 2973 534 3035 εί
546 2975 585 3055 τῆ
599 2968 718 3054 νύμφη
731 2964 900 3052 προῦπιον
915 2970 967 3036 ἐπὶ
988 2975 1050 3035 τοῦ
1066 2966 1231 3055 ἡμετέρου

222 3071 308 3130 θεοῦ
323 3071 382 3130 τοῦ
400 3061 615 3148 Ἡρακλέουςς
638 3067 693 3132 καὶ
713 3062 779 3151 μήν
798 3059 838 3132 εῦ
853 3068 975 3133 εἰδέναι
989 3068 1051 3152 χρή
1066 3064 1111 3143 ὡς
1126 3063 1170 3152 ἠν
1186 3065 1229 3152 μή

223 3161 308 3250 λάβη
329 3159 408 3243 παρ’
431 3167 513 3248 ἐμοῦ
530 3160 590 3229 τόν
606 3165 756 3248 σκύφον,
780 3163 900 3232 οὔποτε
920 3169 1073 3243 τοιοῦτος
1091 3163 1138 3232 ἀν
1158 3163 1231 3243 υίδς

223 3259 306 3348 αὐτῆ
321 3263 449 3344 γένοιτο
464 3256 533 3340 οἷος
547 3261 611 3345 ἐγώ
620 3314 629 3344 ,
652 3261 811 3344 ἄτρεπτος
825 3268 886 3349 μὲν
902 3261 1027 3350 ἀλκήν,
1048 3264 1231 3350 ἐλεύθερος

224 3359 258 3423 δὲ
279 3356 341 3442 τήν
363 3358 519 3442 γνώμην,
545 3357 580 3426 τῦ
600 3367 695 3445 σῶμα
717 3360 752 3427 δέ
773 3360 862 3428 οὕτω
878 3361 1049 3450 καρτερός·
1084 3366 1140 3430 καὶ
1162 3361 1231 3446 ἅμα

223 3454 442 3540 παρεγύμνου
454 3458 575 3522 έαυτου
585 3465 713 3541 μᾶλλον
724 3458 798 3542 ἄχρι
814 3456 896 3544 πρός
911 3462 947 3527 τό
960 3471 1139 3547 αἴσχιστον.
1164 3453 1228 3527 αύ-
