2625 4092
318 335 580 394 ΕΤΑΙΡΙΚΟΙ
600 336 858 396 ΔΙΑΛΟΓΟΙ.
1027 338 1090 400 25⁹

168 502 290 562 ΤΡῬΦ.
316 493 453 563 Οὐκοῦν
467 493 510 562 δι’
528 499 659 580 ἐκείνην
674 501 802 574 έκλαεςς

168 599 301 660 ΧΑΡΜ.
327 595 391 660 Καὶ
407 595 504 677 μάλα

168 699 288 758 Tm.
312 689 425 769 Πολύς
448 693 484 758 δὲ
504 693 623 777 χρόνος
645 698 713 759 ἔστι
730 713 783 759 σοι
799 697 917 778 ἐρῶντι
937 693 1086 780 ἤνεοτε-

77 791 138 875 λής
152 817 200 866 τις
216 789 260 870 εἷς

163 911 298 972 XAPM.
324 902 376 972 Οὐ
387 907 555 991 νεοτελής,
572 905 656 972 άλλά
674 913 776 992 μῆνες
787 907 867 974 ἑπτὰ
883 909 1003 994 σχεδὸν
1018 905 1082 976 άπδ

76 1010 288 1086 Διονυσίων,
305 1002 360 1070 ὅτε
378 1010 511 1087 πρῶτον
525 1001 615 1071 εἶδον
631 1002 744 1088 αὐτην.

166 1119 289 1182 Tm.
312 1112 409 1192 Εἶδες
424 1115 458 1182 δέ
470 1113 552 1200 ὅλην
567 1112 765 1202 ακριβολς,ἢ
775 1113 812 1183 τό
828 1118 1011 1200 πρόσωπον
1022 1119 1085 1204 μό-

77 1237 140 1277 νον
156 1213 210 1279 καὶ
228 1209 289 1278 ὅσα
304 1219 364 1279 τοῦ
380 1211 531 1298 σώματος
546 1212 692 1297 φανερά,
709 1210 743 1300 [δ
758 1212 842 1292 εἶδες
853 1222 1083 1300 Φιληματίου,]

75 1312 130 1378 καὶ
147 1307 191 1388 ὡς
206 1317 288 1395 χρῆν
306 1325 449 1396 γυναῖκα
467 1314 563 1378 πέντε
580 1313 635 1378 καὶ
650 1313 892 1394 τετταράκοντα
909 1320 964 1398 ἔτη
985 1340 1083 1399 γεγο-

76 1423 176 1474 νυῖαν
192 1409 269 1494 ἤδης

159 1529 296 1590 ΧΑΡΜ.
319 1527 384 1590 Καὶ
399 1521 466 1609 μην
480 1525 662 1608 ἐπόμνυται
678 1523 740 1589 δύο
752 1524 806 1590 καὶ
823 1533 949 1591 είκοσιυ
963 1530 1009 1601 εἰς
1024 1523 1083 1593 τόν

75 1621 237 1711 ἐσόμενον
252 1621 520 1709 Ἐλαφηβολιῶνα
536 1624 689 1690 τελέσειν.

159 1739 187 1799 3.
208 1739 330 1800 Tm.
349 1732 402 1802 Σύ
414 1735 448 1800 δὲ
460 1738 611 1816 ποτέροις
626 1735 832 1810 πιστεύσειας
844 1732 903 1810 liv,
919 1749 986 1810 τοῖς
997 1738 1084 1802 ἐκεί-

74 1858 134 1917 νης
155 1829 268 1914 ὅρκοις
288 1829 310 1919 ἢ
331 1847 398 1911 τοῖς
421 1841 564 1901 σεαυτοῦ
585 1831 791 1918 ὀφθαλμοίςς
819 1837 992 1914 ἐπίσκεψαι
1015 1835 1081 1920 γάρ

75 1929 219 2016 ἀκριβῶς
239 1930 429 2017 ὑποβλέψας
450 1934 528 1999 ποτὲ
550 1928 628 2009 τούς
644 1934 835 2016 κροτάφους
854 1931 970 2047 αύτὴς,
997 1939 1081 2000 ἔνθα

74 2031 181 2114 μόνον
195 2029 254 2108 τὰς
268 2057 368 2116 αυτης
379 2040 489 2116 τριχας
504 2039 583 2150 ἔχει·
606 2030 644 2098 τά
662 2033 698 2098 δε
710 2031 793 2099 αλλα
805 2033 936 2150 φεηάκη
948 2041 1078 2118 βαθεια.
1123 2043 1126 2049 ’

74 2153 147 2208 περι
137 2127 201 2196 δε
214 2127 292 2206 τούς
305 2133 496 2213 κροτάφους
510 2127 636 2196 ὁπόταν
651 2126 824 2217 ἀσθενήσῃ
834 2128 872 2197 τό
888 2131 1077 2214 φάρμακον,

73 2251 98 2312 φ
87 2216 289 2311 βάπτεται,
304 2224 578 2295 νπολευκαίνεται
595 2225 634 2293 τά
652 2229 766 2294 πολλά
796 2236 902 2296 καίτοι
917 2237 951 2296 τί
964 2240 1079 2308 τοῦπος

71 2292 186 2410 βίασαί
200 2351 278 2392 ποτε
292 2327 348 2392 καὶ
362 2324 496 2410 γυμνὴν
511 2331 602 2394 ίδεῖν

157 2445 291 2506 ΧΑΡΜ.
318 2437 543 2506 Οὐδεπάποτέ
557 2466 613 2524 μοι
628 2438 712 2523 πρὸς
727 2449 825 2508 τούτο
844 2447 1014 2511 ἐνέδωκεν.

159 2546 280 2606 Tm.
303 2537 464 2616 Εἰκότως·
480 2536 638 2624 ἠπίστατο
649 2537 715 2624 γὰρ
726 2543 1029 2665 μυσαχθησόμενόν
1040 2566 1078 2614 σε

70 2635 128 2712 τὰς
143 2635 243 2722 αὐτῆς
258 2637 387 2714 λεύκας.
410 2635 470 2722 ὅλη
488 2635 557 2704 δὲ’
538 2636 604 2704 απὸ
620 2645 682 2704 τού
696 2637 834 2725 αὐχένος
847 2644 881 2719 ές
894 2641 934 2709 τά
949 2645 1076 2728 γόνατα

67 2735 230 2817 παρδάλει
244 2739 362 2802 ἔοικεν.
386 2733 468 2803 άλλόι
487 2735 529 2802 σύ
546 2738 706 2861 έδάηρυες
726 2739 861 2827 τοιαύτη
876 2739 921 2826 μὴ
933 2745 1075 2825 σύνοδος
1093 2763 1147 2817 310

69 2833 89 2914 ἡ
107 2855 172 2896 που
187 2831 267 2915 τάχα
284 2858 338 2898 και
330 2832 467 2898 ἐλύπει
482 2855 519 2899 σε
533 2835 587 2899 και
603 2831 795 2916 ὑπερεώρας

153 2951 289 3010 ΧΑΡΜ.
318 2939 458 3030 Ναί,
432 2973 457 3012 οι
483 2947 678 3030 Τρύφαινα,
703 2953 809 3013 καίτοι
829 2960 973 3018 τοσαῦτα
993 2954 1073 3040 παρ’

66 3046 150 3127 ἐμοῦ
164 3043 391 3130 λαμβάνουσα.
416 3048 469 3113 καὶ
481 3053 546 3112 νῦν
561 3043 673 3131 ἐπειδὴ
685 3054 790 3130 χιλίας
801 3051 939 3138 αἰτούση
954 3051 1016 3120 οὐκ
1027 3053 1073 3121 εί-

63 3167 126 3226 χον
137 3144 266 3210 διδόναι
275 3147 396 3234 ῥηιδίως
407 3144 464 3212 άτε
474 3143 649 3229 ὑποπατρὶ
660 3149 848 3237 φειδομένῳ
858 3151 1072 3237 τρεφόμενος,

64 3245 249 3325 Μοσχίωνα
270 3244 467 3364 ἐσδεξαμένη
485 3241 660 3311 ἀπέκλεισέ
677 3271 732 3330 με,
757 3245 841 3314 ἄνθ’
865 3276 913 3314 τιν
928 3259 1073 3337 λυπῆσαι

63 3336 175 3406 κάλ’
134 3337 234 3418 αυτὸς
247 3343 360 3408 θέλων
376 3340 481 3428 αύτην
494 3345 532 3410 σὲ
549 3351 745 3430 παρείληφα.

155 3461 275 3522 Tm
311 3453 450 3542 Μάτην
472 3454 671 3543 Ἀφροδίτην
692 3459 769 3526 ούκ.
774 3487 818 3527 αν
838 3454 939 3546 ἧκον,
966 3474 998 3530 ελ
1016 3491 1073 3549 μοι

62 3558 202 3628 προεῖπέ
220 3581 268 3630 τις
284 3551 328 3633 ὦς
346 3558 397 3623 έπδ
415 3557 546 3635 τούτοις
562 3567 906 3710 παραλαμβανοίμηηῆ
928 3571 1071 3648 λυπῆσαι
1159 3586 1161 3592 ·

919 3655 934 3685 ᾖ
