2625 4092
156 302 224 343 xum
580 286 818 341 Pauuuauio.

226 428 311 492 cyneo.
330 444 352 477 c.
372 427 385 476 1
405 423 597 492 γυμνοδερκῇ]
617 439 725 491 γυμνος
743 418 811 493 ἔρχη
829 425 963 476 Burmeist.
981 441 1008 490 p.
1025 424 1070 477 40.
1089 427 1172 490 magia
1190 424 1243 491 pla·

155 503 195 547 eei
222 496 293 560 quod
316 497 428 550 Lobeuk.
466 497 582 560 reposuit
603 485 711 561 γυμνός
734 491 808 561 θέρη
849 495 910 544 ibid.
933 485 1121 560 εόναζόμενος
1142 502 1244 545 auctore

154 566 255 616 Halmio
272 566 332 616 dedi
347 581 393 630 pro
409 511 669 628 καδεδναζόμενος.
689 565 766 615 Diud.
785 558 834 613 aeci
853 554 954 631 εόνόζη
970 556 1059 629 μόνος
1075 564 1245 615 Fritaaohium

155 643 288 698 sequutus.
325 634 386 684 ibid.
403 631 535 684 τοιοῦτον
554 625 620 700 γὰρ]
642 630 727 684 τοῦτο
742 625 796 699 γὰρ
811 634 891 683 Halm.
928 651 950 684 o.
972 636 989 683 2
1010 624 1042 682 δὲ
1060 623 1196 701 εότελείγ]
1214 622 1244 680 δ’

155 695 279 771 εὐτελείᾳ
293 704 369 757 Diud.
406 704 466 754 idid.
486 701 566 771 ποτε]
586 693 650 753 ποτ’
666 704 702 755 id.
741 720 762 756 ο.
779 699 909 768 5μανία]
925 700 1015 768 μανία
1032 716 1062 752 τε
1076 704 1155 753 Diud.
1190 699 1245 753 0.ss

154 763 320 840 αὐταρκεῖν]
344 762 470 838 αότόρκη
491 775 529 825 id.
572 773 632 825 ibid.
655 769 854 839 παραγίνεται]
876 771 1079 838 παραγίγνεται
1101 772 1138 826 id.
1180 787 1204 820 υ.
1226 769 1246 820 9

155 839 273 909 γίνεται]
291 839 416 908 γίγνεται
434 843 470 894 id.
499 858 521 892 ο.
538 843 572 894 10
589 833 742 907 πράγματα
757 844 832 892 eiecit
849 842 884 894 id.
901 851 1005 893 auctore
1021 843 1145 892 lacubaio.
1175 854 1198 890 ο
1210 840 1243 891 11

153 904 207 963 Μὰ
220 909 280 961 Δία
297 926 355 962 oum
373 913 431 964 eod.
456 912 549 976 scripsi
572 912 604 962 de
625 910 712 962 Seiani
733 913 799 962 ooui.
818 926 866 978 pro
883 902 931 975 Νὴ
948 908 1006 960 Δία
1040 927 1061 960 ο.
1081 909 1115 962 13
1132 896 1170 961 dv
1185 917 1246 960 aute

154 974 305 1046 ὁρμήσειεν
324 981 356 1032 de
374 996 430 1032 meo
449 981 545 1032 addidi.
584 997 605 1030 ο.
625 981 659 1033 16
677 972 709 1030 δὲ
729 971 856 1047 ἆγαθοιῆ
874 971 903 1028 δ’
920 970 1036 1045 ἀγαθοῦ
1049 979 1128 1035 Diod.
1164 994 1189 1031 ο.
1213 979 1245 1031 17

155 1043 239 1118 χρόᾳ]
256 1047 340 1119 χροιᾷ
355 1050 391 1101 id.
425 1051 488 1102 ibid.
505 1043 578 1118 δῴη]
597 1046 663 1115 δοίη
683 1049 719 1101 id.
754 1051 816 1102 ibid.
832 1043 1001 1117 γινομένων]
1017 1041 1192 1114 γιγνομένων
1209 1048 1246 1100 id.

154 1139 175 1170 ο.
189 1121 221 1172 18
239 1113 368 1183 ἀξιοῦτε,
392 1116 504 1187 κακῶς]
531 1109 660 1182 ἀξιοῦτε,
685 1117 777 1176 καλοῖς
800 1116 878 1186 βουλ.
897 1135 920 1172 s.
942 1110 1069 1182 ἀξιοῦτε,
1095 1107 1135 1177 οἷς
1150 1113 1246 1174 κακῶς

154 1188 233 1256 βοολ.
250 1189 334 1240 Halm.
351 1188 478 1255 Hiraohig,
499 1204 525 1254 p.
541 1188 588 1240 66:
608 1179 737 1252 ἀξιοῦτε,
756 1179 853 1246 ἄλλοις
872 1177 1053 1254 ἐπιτιμῶντες
1067 1183 1160 1245 καλοῖς
1177 1183 1247 1270 (δου-

153 1253 316 1322 λευομένοις
333 1249 469 1315 πολλάκις
484 1253 549 1321 περὶ
566 1243 606 1307 όν
621 1250 777 1322 πράττουσι
790 1249 874 1308 αὐτοὶ
893 1247 950 1306 κτέ.
978 1274 1001 1312 o.
1013 1257 1046 1309 19
1061 1256 1246 1321 καλουμενων

154 1318 346 1395 εὐδαιμόνων]
364 1329 400 1378 iia
418 1328 451 1378 de
462 1327 600 1378 Weistenii
612 1330 680 1378 euni.
694 1342 741 1393 pro
755 1319 938 1393 καλουμένων
955 1317 1132 1392 ἄνθροίπων.
1150 1327 1245 1376 iliud:

154 1388 334 1461 εόδαιμόνων
350 1391 533 1463 καλουμένων
552 1387 719 1462 ἀνθρώπων
747 1413 770 1447 ο.
787 1398 821 1449 20
835 1386 919 1446 aizoi
934 1397 1012 1448 iliud.
1028 1397 1101 1446 uncia
1117 1396 1246 1447 liberavit.

225 1466 355 1518 Soloeeisi.
371 1483 392 1517 ο.
408 1467 422 1517 1
440 1458 562 1531 λέγωμεν
578 1474 682 1517 auotore
696 1465 796 1516 Halmio
812 1467 873 1517 dedi
887 1480 934 1531 pro
948 1458 1063 1531 λέγομεν
1091 1481 1114 1516 ο.
1129 1468 1146 1517 2
1159 1478 1248 1514 κατα·

155 1533 275 1658 uili
291 1525 952 1672 ”iamdudumdiluuii
1070 1521 1235 1671 σακε

154 1691 214 1726 oum
238 1677 295 1726 eod.
316 1684 419 1727 auclore
437 1673 549 1725 Gesnero
571 1675 659 1725 addidi
681 1687 711 1724 σε
745 1675 807 1725 ibid.
828 1665 908 1734 δόξει
928 1669 1017 1739 λέγειν
1034 1690 1091 1724 eum
1114 1674 1244 1726 eodm.

154 1761 200 1811 pro
219 1737 330 1806 δόξειεν
348 1737 438 1809 λέγειν
470 1760 490 1794 ο.
508 1745 539 1794 11
557 1736 731 1805 καθέζεσθαι
742 1743 786 1792 hio
803 1753 828 1795 et
844 1743 911 1794 inire
928 1752 952 1793 et
970 1736 1126 1808 καθέζομαι
1142 1752 1247 1793 auctore

153 1815 292 1865 Fritzsehio
306 1815 339 1864 ad
352 1813 482 1879 aristoph.
494 1827 549 1866 rau.
566 1828 593 1880 p.
603 1813 654 1866 303
667 1814 787 1864 revocavi
801 1827 849 1879 pro
863 1809 1035 1873 καθίζεσθαι
1051 1824 1076 1862 ει
1090 1809 1247 1877 καθίζομαι

154 1885 215 1939 ibid.
227 1875 259 1933 τὰ
270 1876 455 1950 καθέζεσθαι]
465 1883 514 1932 hoo
528 1883 585 1932 loco
600 1883 669 1933 idem
687 1884 726 1933 vir
740 1883 830 1933 doetus
840 1882 969 1933 excidisse
981 1891 1054 1948 putat
1067 1881 1144 1932 liaeo:
1161 1876 1213 1930 καὶ
1222 1876 1249 1930 εί

154 1944 187 2003 τό
199 1945 251 2017 μὲν
266 1946 439 2011 καθέζεσθαι
456 1948 520 2001 ίσον
534 1941 592 2000 ἐστὶ
600 1949 641 2018 τῷ
649 1950 811 2018 καθῆσθαι,
827 1947 938 2011 καθίζει
949 1944 982 2001 δέ
992 1943 1008 2002 ὁ
1020 1940 1115 2008 ἑστός.
1133 1967 1158 2002 ο.
1171 1952 1205 2001 12
1214 1941 1247 2000 τό

156 2032 214 2073 aule
225 2012 255 2070 d'
267 2011 358 2089 ἑαυτῷ
367 2037 426 2071 cum
436 2021 513 2072 Diud.
523 2022 635 2082 inserui,
653 2022 866 2085 quemadmodum
877 2022 927 2071 ium
941 2021 1021 2071 voluit
1029 2021 1247 2071 Hemsterhueiua.

224 2092 370 2154 Philopatr.
391 2107 414 2142 ο.
430 2091 443 2140 1
461 2078 491 2139 ἐκ
505 2086 557 2156 τῆς
574 2083 681 2158 χειρός]
697 2081 727 2140 έκ
742 2100 844 2140 auclore
859 2089 957 2156 Guyeto
976 2091 1074 2142 addidi.
1099 2090 1162 2142 ibid.
1174 2081 1248 2142 κατὰ

155 2157 291 2225 κρημνῶν
304 2167 405 2210 auclore
416 2159 515 2210 Halmio
533 2162 625 2224 scripsi
644 2176 692 2226 pro
707 2151 778 2209 auaui
797 2154 927 2225 κρημνόν
961 2161 1022 2211 ibid
1031 2150 1095 2226 τόν]
1105 2155 1159 2209 τοῖν
1169 2158 1248 2208 Diud.

157 2248 180 2285 e.
195 2233 212 2280 2
228 2219 416 2296 ὑποβλέπειν,
434 2229 651 2314 quemadmodum
665 2228 745 2280 voluit
759 2229 948 2295 Wytteubaoh..
966 2231 1058 2294 scripsi
1072 2243 1120 2295 pto
1139 2217 1249 2296 ἐπιβλέ-

156 2313 221 2349 πειν
254 2299 315 2349 ibid.
335 2290 369 2348 τό
385 2312 415 2348 τε
431 2311 492 2348 ανω
511 2308 614 2349 auctore
628 2300 727 2348 Halmio
743 2315 789 2364 pro
807 2289 839 2348 τό
859 2287 919 2348 ἅνω
933 2311 963 2347 τε
998 2316 1021 2349 c.
1037 2298 1054 2351 3
1069 2293 1176 2366 Βαβαῖ]
1193 2296 1250 2347 Βα-

156 2365 205 2437 βαὶ
222 2368 299 2419 Dind.
340 2367 402 2419 idid.
425 2359 602 2448 οἰχήσονται]
621 2361 817 2434 διοιχήσονται
835 2368 917 2422 Halm.
935 2369 1027 2418 melius
1046 2367 1111 2418 mihi
1133 2381 1193 2418 essa
1212 2370 1249 2417 vi-

156 2441 241 2496 detur,
260 2439 283 2487 si
298 2426 326 2495 ές
340 2445 400 2522 post
416 2429 535 2494 ὁλκαδες
551 2438 667 2488 addatur.
702 2438 764 2490 ibid.
780 2425 813 2494 ός
830 2451 860 2501 γε
877 2428 962 2504 κατὰ]
985 2440 1022 2488 ila
1039 2437 1136 2488 monitu
1154 2436 1250 2488 Halmii

156 2509 251 2584 scripsi
266 2522 312 2571 pro
329 2522 367 2564 ως
385 2505 449 2570 καί,
469 2497 541 2556 κατὰ
578 2523 600 2556 o.
615 2496 739 2556 4έκεῖνο
755 2523 813 2556 eum
825 2507 904 2558 Diud.
920 2522 971 2556 rea.
987 2522 1034 2572 pro
1049 2496 1158 2563 ἐκεῖνος
1191 2505 1250 2559 αδ

101 2637 104 2642 ·
156 2568 1251 2712 σκυλακίωνκαλουκκκικιελλαελ

156 2716 232 2768 Diud.
268 2732 291 2769 ο.
309 2716 343 2767 12
359 2710 408 2765 καλ
427 2705 458 2765 ἐκ
474 2711 545 2782 τῶν]
569 2703 600 2764 έκ
619 2715 691 2766 deest
705 2715 774 2780 apud
796 2716 872 2765 eund.
906 2731 931 2764 ο.
946 2714 981 2765 14
996 2711 1143 2782 γίνεσθαι]
1158 2711 1252 2780 γίγνε-

158 2785 229 2835 σθαι
243 2785 279 2837 id.
312 2802 334 2836 ο.
351 2785 384 2838 16
398 2775 467 2835 ouidi
478 2777 511 2835 κέ
524 2774 564 2850 o']
583 2777 616 2834 κε’
628 2799 687 2834 oum
702 2785 761 2834 eod.
781 2784 868 2834 addidi
880 2792 1020 2865 praeeunte
1035 2783 1157 2834 Gesnero.
1184 2801 1208 2834 ο.
1217 2783 1251 2834 18

157 2843 285 2919 ἑτεροῖόν
309 2856 342 2904 de
357 2854 449 2922 Guyeti
471 2855 538 2904 coni.
561 2867 618 2903 oum
639 2852 697 2903 eod.
717 2868 764 2918 pro
781 2842 905 2917 ἕτερείον
940 2870 963 2906 ο.
981 2853 1016 2904 20
1034 2843 1251 2921 έλλειπασμοδς]

157 2913 333 2987 λοιπασμοδς
349 2923 385 2972 id.
422 2939 444 2974 ι.
462 2924 496 2973 22
513 2918 733 2988 κατεγίνωσκον]
752 2919 977 2988 κατεγίγνωσκον
992 2923 1029 2974 id.
1065 2921 1127 2974 ibid.
1151 2921 1252 2988 Τελμι-

158 2983 208 3042 οέα
226 3007 285 3042 oum
301 2992 359 3044 eod.
376 2991 494 3042 revocavi
511 3005 559 3056 pro
577 2983 732 3053 Τελμισσέα
766 3051 768 3057 Ι

228 3060 368 3111 chorialem.
389 3077 410 3115 ο.
425 3060 440 3110 1
453 3056 585 3125 γίνεσθαι
614 3055 765 3125 γίγνεσθαι
780 3061 817 3116 ld.
847 3060 908 3116 ibid.
921 3047 967 3111 ότι
982 3050 1019 3125 δὴ
1035 3062 1094 3118 eod.
1110 3070 1252 3126 praeeunte

158 3144 205 3195 pro
221 3118 268 3179 ότι
282 3121 314 3178 ii
352 3146 375 3180 ο.
397 3121 585 3194 2γινομένου
619 3121 789 3194 γιγνομένου
802 3131 840 3182 id.
877 3147 901 3184 o.
920 3130 936 3183 3
953 3128 1093 3180 καταθεῖο
1113 3145 1173 3179 oum
1194 3130 1251 3179 eod.

158 3201 244 3264 recepi
264 3199 296 3250 de
317 3199 447 3250 Frlizsahii
467 3199 567 3249 emend.
587 3212 634 3263 pro
656 3197 800 3250 καταθοῖο
845 3215 867 3250 ο.
887 3201 903 3251 5
927 3189 1046 3265 ἐγίνετο]
1071 3189 1200 3263 ἐγίγνετο
1218 3196 1252 3247 id.

159 3283 181 3320 o.
196 3267 213 3319 δ
228 3256 249 3333 ἢ
262 3264 303 3337 τῷ
321 3259 424 3334 πάντα]
439 3263 480 3316 τό
497 3283 554 3317 cum
571 3268 628 3318 eud.
645 3267 677 3317 de
693 3267 800 3321 desueti
814 3271 883 3319 coni.
898 3269 1003 3325 inserui.
1036 3269 1098 3318 ibid.
1115 3257 1253 3328 ἀνδρείας

159 3347 297 3402 praeeunte
313 3337 370 3386 eod.
389 3353 435 3404 pro
453 3315 584 3400 δνδρίας.
601 3338 636 3388 ita
656 3346 681 3387 et
698 3353 721 3388 ο.
742 3340 783 3389 12.
824 3355 848 3389 ο.
865 3340 881 3390 7
902 3330 1065 3418 γινόμενος]
1082 3329 1250 3403 γιγνόμενος

159 3407 206 3492 id.u
225 3422 246 3488 ρ.
258 3407 280 3488 ,8
295 3398 443 3488 θόλατταν
457 3414 594 3474 praeeunte
609 3408 667 3461 eod.
680 3421 727 3472 pro
741 3399 892 3457 θάλασσαν
905 3425 947 3489 ρτ’.
964 3396 1092 3489 10,ἕτερα
1109 3401 1253 3476 ἀμφισβη-

160 3473 521 3614 ῗῖιῗὲἒίῖδδμξῗδῖἵῗὲ
541 3477 575 3596 ⁶0².
591 3491 734 3597 Τίιῖἶῗλ
751 3475 1252 3612 δῖᾱέίιῖοδῖιῗριιῗέίίῗίιηέξζλῖῗ

1305 3604 1307 3691 l
