2625 4092
230 272 292 334 362
594 274 884 333 AOYKIANOY

231 460 283 511 τες
303 431 408 501 ὀπίσω
429 431 680 500 άπονοστέουσι.
714 434 920 518 φυλάξαντες
941 434 977 501 δέ
991 432 1071 501 ἑπτά
1086 431 1230 520 ἡμερέων

231 532 380 619 άριθμδν
396 532 503 612 οὕτως
522 537 556 611 ἐς
571 530 608 599 τό
629 531 706 615 ίρδν
726 536 929 619 ἐσέρχονται·
958 539 1025 615 πρὸ
1041 534 1079 601 δὲ
1092 540 1231 599 τουτέων

231 630 273 720 ἡν
286 636 478 715 ἐσέλθωσιν,
495 629 558 699 οὐκ
569 628 645 698 ὅσια
657 635 816 700 ποιέουσι.
839 638 889 700 53.
901 631 1033 717 νόμοισι
1044 631 1081 699 δέ
1091 634 1124 710 ἐς
1135 639 1232 698 ταῦτα

230 736 390 816 χρέωνται
412 730 612 797 τουτέοισιν·
640 726 684 813 ἡν
705 733 767 815 μέν
784 757 832 809 τις
848 728 977 796 αὐτέων
994 732 1097 797 νέκυν
1118 734 1233 814 ίδηται,

231 836 362 915 ἐκείνην
377 828 439 915 τὴυ
455 826 582 915 ἡμέρην
598 831 630 906 ἐς
645 826 683 896 τό
699 828 775 913 ίρόν
792 826 855 895 οὐκ
869 826 1073 915 άπικνέεται,
1090 836 1131 917 τῇ
1147 828 1235 914 έτερη

231 934 267 997 δὲ
288 928 439 1014 καθήρας
461 924 587 994 ἑωυτόν
602 930 775 1010 ἐσέρχεται.
810 923 938 992 αὐτέων
958 927 994 993 δέ
1013 934 1081 993 τῶν
1102 931 1236 1011 οἰκηίων

231 1035 292 1094 τοῦ
308 1031 427 1103 νέκυος
445 1029 576 1093 ἕκαστοι
592 1026 799 1111 φυλάξαντες
813 1021 963 1110 ἀριθμόν
977 1022 1129 1110 ἡμερέων
1147 1025 1237 1108 τριή-

232 1152 333 1192 κοντα
355 1126 410 1191 καὶ
431 1120 489 1201 τὰς
510 1120 658 1207 κεφαλάς
673 1125 853 1207 ξυράμενοι
869 1123 1075 1207 ἐσέρχονται,
1102 1124 1187 1203 πρὶν
1207 1121 1238 1187 δὲ

231 1223 309 1289 τάδε
320 1228 463 1306 ποιῆσαι,
477 1218 517 1288 οὐ
529 1228 644 1305 σφίσιν
653 1222 775 1287 ἐσιέναι
788 1218 892 1287 ὅσιον.
909 1226 959 1287 54.
971 1222 1100 1288 θύουσι
1112 1219 1151 1287 δέ
1163 1220 1238 1307 βόας

231 1319 376 1401 άρσενάς
390 1346 425 1386 τε
441 1322 495 1386 καί
510 1318 635 1405 θήλεας
651 1320 704 1384 καὶ
719 1315 813 1403 αἶγας
827 1320 882 1386 καὶ
897 1318 983 1398 ὅιας·
1004 1319 1090 1398 σύας
1103 1318 1143 1386 δὲ
1158 1320 1238 1404 μού-

232 1446 292 1496 νας
304 1420 440 1503 ἐναγέας
452 1421 637 1502 νομίζοντες
649 1414 725 1483 οὐτε
739 1418 888 1484 θύουσιν
899 1416 975 1485 οὐτε
986 1418 1168 1485 σιτέονται.
1186 1416 1239 1484 άλ-

231 1526 283 1587 λυι
302 1512 392 1583 δὀὐ
412 1519 515 1602 σφέας
531 1518 683 1601 ἐναγέας,
704 1511 788 1584 άλλά
805 1514 899 1599 ίροῦς
914 1522 1118 1603 νομίζουσιν.
1151 1515 1239 1599 ὀρνί-

230 1624 307 1682 θων
330 1639 365 1680 τε
391 1610 536 1680 αὐτέοισι
562 1609 737 1697 περιστερὴ
763 1620 870 1697 χρῆμα
895 1612 1049 1695 ἱρότατον
1074 1614 1133 1681 καὶ
1166 1611 1240 1679 οὐδὲ

162 1729 214 1783 488
233 1713 356 1793 ψαύειν
379 1709 507 1779 αὐτέων
533 1716 717 1778 δικαιεῦσι·
750 1714 804 1779 καὶ
831 1707 875 1797 ἡν
899 1710 1051 1789 άέκοντες
1076 1709 1239 1790 ἅψωνται,

232 1812 362 1895 ἐναγέες
382 1813 512 1894 ἐκείνην
534 1805 596 1893 τὴν
612 1806 740 1893 ἡμέρην
763 1813 833 1875 εἰσί.
867 1806 1008 1876 τούνεκα
1030 1806 1071 1893 δὴ
1095 1808 1241 1875 αὐτέοισι

231 1907 398 1991 σύννομοί
406 1911 443 1973 τέ
453 1911 515 1974 είσι
527 1909 580 1972 καί
593 1908 624 1983 ἐς
635 1903 675 1972 τά
690 1906 799 1992 οίκὴια
814 1908 999 1991 ἐσέρχονται
1015 1904 1123 1973 καὶτὰ
1137 1903 1241 1974 πολλὰ

232 2007 269 2073 ἐν
283 2012 326 2093 γῇ
340 2008 503 2089 νέμονται.

316 2107 366 2169 55.
401 2105 493 2181 Λέξω
517 2104 552 2168 δέ
576 2103 630 2170 καὶ
654 2111 722 2169 τῶν
744 2104 1019 2189 πανηγυριστέων
1041 2099 1085 2168 τά
1110 2104 1242 2169 ἕκαστοι

231 2203 420 2267 ποιέουσιν·
443 2196 528 2285 άνὴρ
547 2191 616 2266 εὖτ’
633 2196 677 2267 άν
688 2203 720 2279 ἐς
735 2199 797 2287 τὴν
811 2199 888 2293 ίρὴν
902 2200 1002 2268 πόλιν
1017 2208 1160 2283 πρῶτον
1171 2200 1241 2267 άπι-
1289 2281 1291 2286 Ι

231 2302 380 2386 κνέηται,
396 2297 546 2385 κεφαλὴν
563 2300 624 2384 μὲν
642 2298 699 2367 ὅδε
716 2302 770 2368 καὶ
784 2296 916 2384 όφρύας
930 2300 1087 2384 ἐξάρατο,
1111 2300 1200 2385 μετά
1211 2302 1241 2367 δὲ

231 2400 367 2483 ίρεύσας
378 2397 431 2466 ὄιν
446 2397 485 2465 τά
500 2401 562 2484 μὲν
574 2398 657 2468 άλλα
671 2401 862 2492 κρεουργέει
877 2401 980 2466 τεκαὶ
995 2397 1195 2483 εὐωχέεται,
1209 2394 1239 2464 τό

232 2496 268 2564 δὲ
282 2497 383 2575 νάκος
397 2500 496 2583 χαμαί
507 2504 650 2584 θέμενος
661 2501 712 2565 ἐπί
723 2496 845 2564 τοῦτον
857 2500 889 2575 ἐς
900 2498 986 2582 γόνυ
997 2497 1122 2577 ἕζεται,
1140 2498 1242 2573 πόδας

232 2594 268 2663 δὲ
278 2598 333 2664 καὶ
342 2592 493 2681 κεφαλὴν
502 2602 563 2663 τοῦ
572 2596 710 2682 ατὴνεος
719 2598 771 2663 ἐπὶ
782 2594 843 2682 τὴν
853 2598 981 2663 ἑωυτοῦ
991 2593 1152 2682 κεφαλὴν
1163 2595 1241 2662 ἅνα-

231 2694 409 2782 λαμβάνει,
435 2692 503 2779 ἅμα
522 2693 559 2764 δὲ
580 2692 758 2781 εὐχόμενος
780 2696 878 2763 αἰτέει
893 2692 954 2780 τὴν
967 2698 1030 2780 μέν
1044 2704 1240 2777 παρεοῦσαν

231 2799 357 2879 θυσίην
374 2795 548 2878 δέκεσθαι,
564 2797 647 2878 μέζω
665 2795 700 2861 δέ
715 2798 845 2871 ἐσαῦτις
858 2791 1078 2878 ὑπισχνέεται.
1109 2797 1240 2869 τελέσας

232 2892 385 2959 δὲταῦτα
405 2893 459 2961 καὶ
479 2891 541 2979 τὴν
560 2892 712 2981 κεφαλὴν
727 2891 831 2960 αὐτοῦ
848 2895 1001 2979 στέφεται
1019 2895 1076 2958 καὶ
1095 2901 1173 2960 τῶν
1187 2891 1235 2959 άλ-

232 3000 316 3071 λων,
338 2988 453 3058 ὁκόσοι
469 2990 531 3078 τὴν
551 2989 658 3078 αὐτὴν
672 2990 754 3059 ὁδόν
768 2990 989 3060 ἀπικνέονται.
1018 2991 1105 3075 ἄρας
1122 2994 1163 3061 δὲ
1179 2991 1238 3060 άαό
1286 2997 1287 3000 ’

230 3095 288 3174 τῆς
303 3090 428 3155 ἑωυτοῦ
440 3088 625 3173 ὁδοιπορέει
638 3090 742 3159 ὐδασί
753 3117 788 3158 τε
799 3105 954 3177 ψυχροῖσι
968 3089 1156 3176 χρεόμενος
1168 3101 1241 3159 λον-

230 3195 321 3268 τρῶυ
335 3214 370 3254 τε
386 3190 440 3255 καὶ
457 3189 572 3267 πόσιος
584 3192 694 3257 εἵνεκα
709 3192 763 3258 καὶ
780 3192 812 3267 ἐς
827 3191 966 3276 πάμπαν
980 3195 1240 3274 χαμαικοιτέων·
1285 3269 1286 3276 ἡ

231 3283 273 3351 οὐ
288 3285 352 3370 γάρ
369 3288 404 3353 οί
419 3284 518 3372 εὐνῆς
534 3289 689 3375 ἐπιβῆναι
703 3287 814 3373 ὅσιον,
832 3291 912 3371 πρὶν
926 3288 988 3374 τήν
1003 3313 1038 3355 τε
1053 3284 1144 3356 δδδν
1155 3293 1239 3359 ἐκτε-

230 3386 322 3450 λέσαι
339 3385 393 3451 καὶ
414 3388 446 3462 ἐς
461 3383 523 3470 τὴν
540 3388 669 3453 ἑωυτοῦ
686 3379 779 3466 αὐτις
798 3386 987 3455 άπικέσθαι.
1022 3392 1074 3454 56.
1096 3390 1138 3455 ἐν
1156 3389 1193 3456 δέ
1206 3395 1240 3475 τῇ
1284 3413 1285 3418 ’

160 3494 211 3549 489
231 3487 286 3568 ίρῇ
297 3482 373 3549 πόλι
383 3486 550 3550 ἐκδέκεταί
558 3511 617 3569 μιν
628 3483 714 3572 άνὴρ
726 3486 913 3567 ξεινοδόκος
925 3485 1130 3574 ἀγνοέοντα·
1153 3491 1238 3576 ῥητοὶ
