2625 4092
383 271 584 331 ΠΛΟΙΟΝ
603 275 632 327 H
651 271 817 330 ΕΤΧΑΙ.
1042 267 1103 332 231

95 434 153 498 καὶ
166 429 183 498 ὁ
199 456 342 513 πυρετος
353 428 395 498 ού
406 429 619 514 διαγινώσκει
629 449 666 496 σε
677 430 815 515 βασιλέα
826 427 908 496 ὅντα
920 427 994 496 οὐδ’
1007 426 1024 497 ὁ
1037 429 1106 500 θά-

94 554 196 607 νατος
207 529 294 596 δέδιε
305 525 384 605 τούς
395 527 619 611 δορυφόρους,
631 523 706 594 ἀλλ’
720 528 864 611 έπιστύς,
877 525 1004 595 ὁπόταν
1015 525 1106 618 αὐτῷ

96 633 197 716 δοκῇ,
215 625 287 715 ἀγει
300 627 482 713 οἰμώζοντα
495 622 557 693 οάκ
567 625 766 710 αἰδούμενος
780 623 816 692 τό
833 627 992 712 διάδημα;
1013 623 1057 694 σύ
1069 630 1104 693 δὲ

96 722 115 793 ὁ
127 724 235 802 οὕτως
246 721 373 810 ὑψηλός
384 722 584 791 καταπεσών
594 718 806 800 ἀνάσπαστος
817 724 854 790 ἐκ
865 731 925 790 τοῦ
934 731 1105 810 βασιλείου

95 823 229 906 θρόνου
239 821 301 907 τήν
313 820 420 906 αύτήν
430 819 512 888 ὁδόν
524 819 600 887 ἀπει
611 833 680 898 τοῖς
690 828 835 904 πολλοίς,
848 823 995 906 ἰσότιμος
1006 825 1105 889 ἐλαυ-

96 921 238 1006 νόμενος
249 922 285 986 έν
295 928 335 1007 τῇ
345 917 447 1007 ἀγέλη
460 925 528 986 τῶν
536 924 683 1002 νεκρῶν,
701 923 794 1003 χῶμα
806 915 938 1004 ὑψηλόν
950 917 1034 1001 ὑπὲρ
1045 925 1106 1004 γῆς

96 1020 152 1085 καὶ
173 1017 297 1102 στήλην
311 1016 445 1101 μακρὰν
462 1011 484 1101 ἢ
506 1019 676 1100 πυραμίδα
696 1012 889 1099 εὔγραμμον
909 1013 968 1096 τάς
982 1024 1105 1103 γωνίας

96 1114 287 1198 ἀπολιπών,
306 1115 523 1199 ἐκπρόθεσμα
534 1113 589 1180 καί
599 1109 830 1198 ἀνεπαίσθητα
847 1115 1103 1199 φιλοτιμήματα·

97 1215 222 1292 εἰκόνες
240 1213 276 1281 δέ
292 1216 416 1281 έκείναι
432 1215 486 1279 καί
500 1212 584 1300 νεῴ,
601 1206 661 1287 ούς
677 1208 851 1277 ἀνιστᾶσιν
866 1215 902 1278 αἰ
914 1211 1027 1289 πόλεις
1043 1220 1104 1278 θε-

96 1311 321 1395 ραπεύουσαι,
338 1313 393 1378 καί
402 1307 440 1377 τό
452 1312 535 1395 μέγα
547 1305 653 1392 ὄνομα
666 1308 773 1373 πάντα
786 1305 858 1374 κατ’
871 1306 985 1394 ὀλίγον
999 1307 1104 1392 ἀπορ-
1123 1326 1174 1379 275

96 1423 150 1493 ρεῑ
168 1411 220 1476 καὶ
243 1407 376 1475 ἄπεισιν
391 1405 611 1492 ἀμελούμενα.
643 1400 687 1489 ἢν
702 1407 738 1470 δὲ
752 1406 806 1472 καὶ
829 1402 879 1472 ότι
894 1406 1035 1492 μάλιστα
1052 1409 1104 1474 ἐπὶ

95 1515 252 1575 πλείστου
268 1511 470 1593 παραμείνῃ,
489 1509 537 1580 τίς
550 1507 597 1569 έτι
607 1499 793 1581 ἀπόλαυσις
806 1500 1000 1594 ἀναισθήτῳ
1015 1501 1104 1592 αύτῷ

95 1606 283 1694 γενομένῳς
305 1604 386 1692 ὁρᾷς
406 1599 459 1671 οἷα
476 1603 537 1688 μὲν
555 1607 602 1669 έτι
617 1606 682 1682 ζῶν
700 1602 781 1681 ἕξεις
795 1600 971 1688 πράγματα
988 1599 1105 1679 δεδιοδς

97 1706 151 1772 καὶ
165 1707 351 1787 φροντίζων
363 1701 416 1769 καί
426 1702 582 1786 κάμνων,
598 1694 653 1767 οἷα
669 1700 771 1766 δὲκαὶ
784 1695 865 1784 μετά
880 1695 942 1784 τήν
956 1696 1103 1768 ἀπαλλα-

95 1801 161 1888 γήν
177 1807 285 1883 ἕδνοις

181 1903 232 1966 41.
245 1894 332 1965 Ἀλλ’
344 1894 407 1983 ήδη
419 1893 481 1963 σόν
492 1902 607 1981 αἰτεῖν,
624 1887 651 1962 οδ
665 1895 818 1979 Τιμόλαε,
834 1899 888 1963 καί
900 1894 990 1973 ὅπως
1000 1892 1104 1976 ὑπερ-

98 1996 183 2083 βάλη
197 1995 355 2080 τούτους,
374 1993 485 2076 ὥσπερ
498 1993 585 2072 εἰκός
596 1994 706 2075 ἀνδρα
718 1990 861 2060 συνετόν
871 1997 922 2060 καί
936 1994 1104 2080 πράγμασι

97 2101 241 2178 χρῆσθαι
257 2093 375 2161 εἰδότα.
859 2165 861 2170 .

186 2196 280 2258 TIM.
297 2192 425 2258 Σκόπει
438 2199 539 2276 γοῦν,
555 2183 583 2258 εἰ
594 2197 735 2269 Λυκῖνε,
753 2199 786 2258 εί
795 2216 826 2257 τι
837 2191 1036 2276 ἐπιλήψιμον
1048 2188 1105 2256 εύ-

98 2294 193 2372 ξομαι
210 2290 263 2353 καὶ
280 2286 300 2354 ό
315 2314 346 2353 τι
357 2283 401 2353 ἀν
416 2285 565 2355 εύθῦναί
573 2313 621 2365 τις
634 2291 808 2372 δυνηθείη.
829 2287 955 2373 χρυσόν
968 2289 1029 2372 μὲν
1041 2280 1105 2353 οὖν

98 2387 152 2453 καὶ
162 2383 358 2470 θησαυρούς
370 2389 424 2452 καί
435 2389 617 2471 μεδίμνους
627 2391 828 2470 νομίσματος
839 2380 861 2470 ή
872 2392 1040 2471 βασιλείας
1051 2389 1104 2452 καί

97 2485 262 2568 πολέμους
275 2486 331 2550 καὶ
346 2488 481 2568 δείματα
497 2480 582 2566 ὑπὲρ
598 2491 654 2568 τῆς
669 2481 785 2569 ἀρχῆς,
803 2480 825 2547 ἀ
843 2483 975 2560 εἰκότως
993 2485 1105 2568 διέβα-

98 2588 168 2664 λες,
194 2578 257 2648 ούκ
274 2581 462 2666 αἰτήσομαι·
492 2578 632 2667 ἀβέβαια
648 2577 713 2665 γάρ
730 2578 834 2645 ταύτά
855 2581 963 2663 γεκαὶ
981 2579 1105 2658 πολλὰς

97 2675 155 2755 τάς
170 2677 349 2765 ἐπιβουλὰς
360 2685 475 2764 ἔχοντα
490 2681 545 2746 καὶ
559 2681 661 2745 πλέον
673 2685 735 2743 τοῦ
748 2677 843 2762 ήδέος
859 2674 896 2743 τύ
915 2675 1057 2760 ἀνιαρόν
1069 2680 1105 2744 ἐν

98 2772 209 2852 αύτοίς
220 2767 272 2860 ήν.
291 2784 341 2844 42.
356 2774 420 2861 ἐγώ
431 2780 467 2843 δὲ
477 2779 642 2862 βούλομαι
652 2773 714 2842 τόν
724 2773 846 2862 Ἑρμῆν
857 2776 1036 2862 ἐντυχόντα
1047 2803 1104 2860 μοι

99 2877 218 2940 δοῦναι
230 2879 426 2952 δακτυλίους
438 2874 530 2953 τινάς
543 2877 597 2940 καί
609 2873 783 2953 τοιούτους
793 2873 855 2960 τήν
866 2875 1027 2959 δύναμιν,
1045 2875 1104 2941 ἕνα

98 2971 159 3056 μέν
174 2968 257 3037 ὥστε
270 2969 320 3039 ἀεὶ
335 2975 504 3054 ἐρρῶσθαι
519 2969 572 3040 καὶ
587 2971 755 3058 ὑγιαίνειν
768 2973 805 3040 τὸ
821 2981 915 3058 σῶμα
927 2974 981 3042 καί
995 2971 1105 3054 ἀτρυ-

98 3093 157 3136 τον
173 3065 256 3135 εἰναι
270 3071 326 3138 καὶ
337 3069 470 3156 ἀπαθῆ,
487 3075 602 3156 ἕτερον
613 3072 649 3140 δέ
666 3070 709 3150 ὡς
723 3069 768 3159 μή
780 3063 997 3154 ὁρᾶσθαιτόν
1008 3098 1104 3154 περι-

98 3168 260 3250 θέμενον,
285 3163 354 3246 οἷος
368 3161 412 3254 ἦν
432 3166 526 3238 ότού
540 3172 673 3256 Γύγου,
696 3169 755 3237 τόν
771 3175 808 3237 δέ
823 3197 896 3238 τινα
918 3169 962 3248 ὡς
978 3173 1104 3258 ἰσχύειν

99 3259 182 3347 ὑπὲρ
195 3261 322 3345 ἀνδρας
335 3274 476 3351 μυρίους
487 3269 541 3335 καὶ
552 3266 572 3334 ό
585 3297 616 3337 τι
626 3263 671 3336 ἀν
684 3268 788 3354 ἀχθος
802 3267 869 3353 ἀμα
883 3276 997 3354 μυρίοι
1010 3277 1104 3353 κινή-

99 3383 151 3427 σαι
169 3362 265 3446 μόλις
285 3367 462 3451 δύναιντο,
484 3373 583 3435 τούτο
602 3370 659 3454 ἐμὲ
677 3371 801 3455 ῥᾳδίοις
824 3369 929 3452 μόνον
946 3367 1104 3437 ἀνατίθε-

99 3469 196 3540 σθαι,
212 3466 261 3528 έτι
272 3465 308 3530 δὲ
319 3467 373 3532 καί
385 3467 543 3532 πέτεσθαι
554 3465 642 3533 πολύ
653 3464 718 3533 ἀπό
729 3474 788 3552 τῆς
798 3473 857 3551 γῆς
868 3465 1031 3547 ἀρθέντα,
1050 3471 1104 3534 καί
