2625 4092
378 326 702 388 ΦΙΛΟΠΑΤΡΙΣ.
978 322 1039 385 421

31 514 109 555 του·
126 485 195 554 εἶτα
209 487 330 574 ἤρξατο
342 487 608 572 ἐπιφθέγγεσθαι
619 489 895 571 κατισχνημένον·
921 476 1038 566 Οὗτος,

32 585 77 665 ὡς
87 598 260 670 προεῖπον,
268 579 347 664 τούς
355 591 423 651 τῶν
432 587 595 663 ἐξισωτων
604 591 792 653 καταλείπει
802 583 1041 669 έλλειπασμοδς

30 680 141 752 καὶτὰ
163 685 241 770 χρέα
257 698 325 761 τοῖς
346 687 531 760 δανεισταῖς
547 678 715 750 άποδιόσει
733 683 786 750 καί
807 682 847 750 τά
864 707 899 750 τε
915 684 1040 749 ἐνοίκια

30 784 140 850 πάντα
157 783 211 849 καί
231 779 270 848 τά
293 781 451 866 δημόσια,
477 782 532 849 καί
552 778 609 859 τάς
630 781 831 867 είραμάγγας
854 781 977 861 δέξεται
991 778 1037 866 μὴ
1058 796 1108 851 δδδ

30 880 190 961 ἐξετάζων
202 887 260 966 τῆς
274 883 397 964 τέχνης.
426 881 480 946 καὶ
495 879 718 963 κατεφλυάρει
727 885 780 947 δτι
794 878 985 964 πικρότερα.
1009 882 1043 946 οί

30 979 107 1057 περὶ
129 976 234 1044 αὐτὸν
259 976 297 1046 δὲ
320 975 442 1064 ἥδοντο
465 991 533 1054 τοῖς
555 975 668 1060 λόγοις
693 979 746 1044 καὶ
770 984 816 1067 τῷ
840 986 946 1066 καινῷ
974 982 1041 1044 τῶν

30 1073 255 1160 ἀκουσμάτων
267 1075 492 1160 προσέκειντο.
514 1079 565 1142 21.
580 1074 692 1157 ἕτερος
704 1073 739 1144 δὲ
750 1073 898 1162 τοῦνομα
910 1074 1042 1145 Χλευό-

30 1199 155 1260 χαρμος
168 1171 348 1260 τριβώνιον
370 1177 454 1258 ἔχων
470 1172 691 1255 πολόσαθρον
708 1169 914 1252 άνυπόδετός
934 1198 969 1240 τε
986 1175 1041 1240 καὶ

30 1271 175 1350 άσκεπος
185 1271 334 1357 μετέειπε
347 1284 416 1349 τοῖς
426 1266 566 1339 ὀδοῦσιν
580 1273 782 1355 ἐπικροτῶν,
798 1297 842 1349 τις
854 1269 1041 1350 ἐπεδείξατο

30 1376 92 1457 μοί
102 1397 151 1447 τις
165 1377 368 1455 κακοείμων,
391 1374 423 1448 ἐξ
447 1368 552 1452 ὀρέων
567 1369 854 1456 παραγενόμενος,
878 1370 1041 1454 κεκαρμέ-

30 1495 89 1545 νος
113 1465 174 1553 την
190 1466 314 1553 κόμην,
340 1469 377 1535 ἐν
398 1474 443 1557 τῷ
464 1469 597 1558 θεάτρῳ
615 1465 912 1555 ἀναγεγραμμένον
933 1466 1040 1552 ὄνομα
1059 1481 1111 1535 609

30 1572 278 1650 ίερογλυφικοίς
289 1567 497 1652 γράμμασιν,
514 1565 558 1644 ὡς
574 1558 671 1644 οὗτος
686 1573 732 1654 τῷ
743 1574 855 1658 χρυσῷ
871 1565 1040 1635 ἐπικλύσει

30 1661 94 1749 τὴν
109 1666 293 1747 λεωφόρον.
315 1656 359 1750 ἦν
374 1660 407 1732 δ’
424 1663 487 1750 ε’γω
504 1662 586 1733 κατά
604 1665 667 1751 μὲν
681 1663 720 1732 τά
735 1663 973 1750 Ἀριστάνδρου
987 1665 1042 1730 καὶ

30 1762 288 1846 Αρτεμιδωρου,
307 1759 359 1830 Οὐ
374 1771 481 1842 καλως
493 1761 720 1851 άποβησονται
735 1765 838 1832 ταῦτά
853 1790 890 1851 γε
906 1761 945 1830 τά
963 1761 1043 1830 ἐνό-

30 1886 113 1926 πνια
128 1861 164 1926 ἐν
180 1857 270 1944 ὑμῖν,
285 1859 368 1929 άλλά
384 1865 436 1929 σοὶ
446 1865 509 1947 μὲν
520 1860 559 1929 τά
570 1868 648 1948 χρέα
664 1863 942 1949 πληθυνθησεται
958 1861 1041 1933 άνα-

30 1957 138 2044 λόγως
152 1963 210 2042 τῆς
224 1956 429 2038 άποδόσεως·
452 1952 551 2038 οὗτος
566 1962 601 2028 δὲ
617 1964 670 2030 ἐπὶ
686 1959 774 2030 πολὺ
790 1968 850 2028 τοῦ
868 1957 993 2048 ὀβολοῦ
1003 1985 1041 2045 γε

31 2057 270 2143 στερηθήσεται
284 2056 328 2137 ὡς
340 2067 468 2127 πολλοῦ
481 2067 622 2144 χρυσίου
637 2057 840 2145 εὐπορηκώς.
865 2062 919 2128 καί
931 2064 1041 2145 ἔμοιγε

31 2162 158 2225 δοκεῖτε
173 2160 225 2226 ἐπὶ
236 2159 382 2226 λευκάδα
393 2162 518 2246 πέτρην
529 2162 584 2226 καί
599 2163 706 2246 δῆμον
718 2158 860 2242 ὀνείρων
874 2164 1041 2242 καταδαρ-

31 2261 146 2335 θέντες
163 2265 306 2325 τοσαῦτα
323 2257 552 2342 ὀνειροπολεῖν
571 2261 608 2327 ἐν
630 2256 750 2343 άκαρεί
769 2267 826 2345 της
842 2259 962 2338 νυκτὸς
978 2255 1039 2325 οὔ·
1058 2273 1110 2326 610

32 2381 100 2442 της.
117 2363 168 2425 22.
181 2361 215 2424 οἱ
224 2358 260 2425 δὲ
269 2354 502 2444 άνεκάγχασαν
512 2357 657 2437 ἅπαντες
668 2355 711 2436 ὡς
723 2356 961 2442 άποπνιγέντες
974 2354 1039 2423 ὑπὸ

32 2464 91 2523 τοῦ
107 2460 248 2541 γέλωτος
270 2461 324 2526 καί
344 2467 402 2545 τῆς
416 2456 562 2543 άμαθίας
581 2484 647 2544 μου
662 2465 917 2544 κατεγίνωσκον.
946 2447 990 2541 ἦν
1007 2453 1038 2521 δ’

32 2554 95 2642 ἔγω
113 2554 197 2638 πρός
212 2559 393 2641 Κράτωνα,
414 2564 502 2624 Μων
519 2565 628 2636 κακῶς
642 2557 751 2624 πάντα
767 2559 967 2639 ἐξερρίνισα,
990 2549 1038 2619 ἵν’

33 2666 112 2723 είπω
130 2684 160 2722 τι
178 2658 487 2743 κωμικευσάμενος,
505 2658 560 2724 καὶ
576 2653 617 2722 οὐ
632 2654 715 2724 κατὰ
730 2653 965 2738 Ἀρίστανδρον
981 2650 1041 2718 τὸν

33 2757 195 2838 Γελμισέα
211 2757 266 2824 καί
285 2754 523 2841 Ἀρτεμίδωρον
540 2753 601 2823 τόν
615 2753 768 2839 Ἐφέσιον
786 2756 956 2839 ἐξίγνευσα
972 2765 1040 2830 τοῖς

33 2851 217 2934 ἰνείρασινς
230 2849 253 2941 ἦ
267 2853 298 2922 δ’
309 2852 355 2936 ὅς,
370 2861 468 2939 Σίγα,
484 2845 656 2940 άΚριτία·
676 2859 706 2923 εί
714 2856 897 2939 έχεμνθεῐς,
913 2870 1040 2937 μυστα-

34 2953 173 3038 ιωγήσω
187 2973 224 3019 σε
239 2953 278 3019 τά
295 2953 451 3022 κάλλιστα
468 2955 523 3021 καὶ
538 2950 577 3020 τά
592 2961 658 3021 νῦν
672 2953 896 3038 γενησόμενα·
919 2949 960 3019 οὐ
975 2948 1039 3037 γάρ

34 3051 158 3134 ἷνειροι
175 3050 249 3119 τάδ’
268 3056 366 3135 εἰσίν,
385 3050 458 3121 ἀλλ’
478 3050 606 3138 άληθῆ,
628 3052 825 3139 ἐμβήσονται
842 3053 877 3119 δὲ
892 3058 938 3130 είς
951 3058 1040 3136 μῆνα

34 3158 171 3232 Μεσορί.
196 3159 298 3218 ταῦτα
313 3148 465 3237 άκηκοως
475 3149 565 3236 παρὰ
577 3159 638 3219 τοῦ
650 3153 831 3234 Κρότωνος
848 3152 903 3219 καὶ
917 3149 952 3218 τὸ
966 3147 1038 3218 ὀλι-

35 3247 163 3335 σθηρὸν
179 3257 236 3336 της
251 3254 400 3329 διανοίας
415 3249 528 3318 αὐτῶν
544 3249 762 3336 κατεγνωκοὶς
776 3249 968 3338 ἠρυθρίασα
983 3252 1037 3318 καὶ
1056 3259 1106 3316 611

35 3349 288 3428 σκυθρωπάζων
315 3348 526 3434 ἐπορευόμην
553 3346 660 3417 πολλά
687 3345 746 3416 τόν
771 3347 937 3432 Κράτωνα
970 3349 1040 3415 ἐπι-

35 3446 253 3530 ιεμφόμενος.
273 3440 319 3525 εἷς
329 3450 364 3515 δέ
381 3445 482 3532 δριμὺ
493 3449 548 3516 καί
558 3452 734 3526 τιτανῶδες
744 3445 865 3515 ένιδώυ
875 3447 1040 3532 δραξάμε-

36 3545 86 3621 τός
99 3569 167 3629 μου
184 3549 245 3611 τοῦ
257 3545 392 3625 λόπονς
405 3547 590 3630 ἐσπάρασσε
604 3547 730 3632 ῥήτρην
750 3546 954 3633 ποιήσασθαι
966 3570 1039 3612 πει-
