2625 4092
320 295 440 353 ΠΕΡΙ
462 294 558 353 ΤΗΣ
574 293 762 351 ΣῬΡΙΗΣ
783 293 921 353 ΘΕΟΤ.
1061 289 1124 353 349

118 452 181 539 γάρ
198 450 316 540 ὁμοίην
334 452 512 539 συμφορήν
528 458 666 539 ἔμμεναι
686 449 831 537 γαμετήν
847 447 867 538 ή
882 457 983 519 παῖδα
1000 450 1121 519 ὀλέσαι.

117 548 160 629 ὡς
178 552 307 618 δὲτάδε
325 550 342 617 ὁ
360 548 471 637 ίητρός
483 548 640 637 ἤκουσε,
662 556 703 617 Τί
715 576 781 634 τοι,
804 555 884 635 ἔφη,
908 552 962 635 ἐμὲ
978 557 1119 629 λίσσεαι,

15 700 16 703 ¹
115 651 170 715 καὶ
179 648 243 734 γάρ
255 676 305 717 τοι
317 646 380 735 σήν
391 662 534 734 γυναῖκα
546 655 678 714 ποθέει·
700 645 739 715 τά
751 648 785 715 δέ
799 654 912 733 ἔλεγον
924 648 1000 733 έγά,
1012 646 1120 715 πάντα
1140 664 1192 717 466

115 752 175 831 ε”ην
196 744 329 825 ψεύδεα.
360 750 510 813 πείθεται
528 744 589 828 μὲν
607 750 784 827 τουτέοισι,
810 748 864 811 καὶ
884 753 930 835 τῷ
948 746 1009 830 μέν
1031 748 1122 811 παιδὶ

14 872 15 877 ’
115 849 221 911 λείπει
233 846 287 910 καί
298 856 441 927 γυναῖκα
453 842 507 907 καὶ
519 847 711 928 βασιληίην,
727 840 874 923 αὐτόςδέ
891 848 922 921 ές
936 842 997 930 τήν
1008 851 1122 929 Βαβυ-

118 946 241 1025 λωνίην
257 942 369 1026 χώρην
385 939 518 1007 ἀπίκετο
535 941 588 1009 καὶ
606 941 707 1021 πόλιν
728 943 778 1008 έπί
794 948 839 1033 τῷ
855 941 1016 1030 Εὐφρήτῃ
1034 941 1121 1009 ἐπά-

15 1072 16 1101 1
116 1066 226 1125 νυμον
241 1040 368 1106 ἑωυτοῦ
383 1040 574 1125 ἐποιήσατο,
593 1046 678 1107 ἔνθα
689 1045 723 1107 σι’
735 1044 789 1107 καὶ
800 1038 821 1127 ἡ
833 1040 967 1126 τελευτή
981 1044 1119 1126 ἐγένετο.

115 1131 182 1205 ὦδε
198 1137 259 1223 μὲν
275 1135 292 1204 ὁ
309 1137 420 1223 ἰητρὸς
436 1138 541 1222 ἔρωτα
558 1144 645 1224 έγνω
659 1166 694 1207 τε
710 1144 763 1207 καὶ
780 1141 904 1225 ἰήσατο.
941 1144 986 1205 19.
1005 1138 1064 1224 ήδε
1080 1136 1120 1222 δή

15 1274 16 1283 ¹
114 1230 165 1303 οὐν
175 1234 195 1323 ἡ
206 1244 412 1323 Στρατονίκη
422 1244 468 1305 ἔτι
477 1245 523 1326 τῷ
534 1239 684 1325 προτέρῳ
695 1236 792 1319 ἀνδρὶ
805 1240 1025 1326 συνοικέουσα
1037 1236 1120 1321 ὄναρ

112 1334 245 1402 τοιόνδε
262 1335 438 1421 ἐθεήσατο,
456 1332 500 1415 ὥς
514 1362 571 1422 μιν
589 1331 700 1421 ἡἭρη
715 1339 867 1404 ἐκέλευεν
881 1336 1007 1420 έγείραί
1016 1338 1049 1401 οί
1062 1333 1121 1401 τὸν

113 1435 153 1500 ἐν
168 1438 206 1520 τῇ
222 1438 276 1521 ἱρή
293 1434 369 1500 πόλι
387 1432 486 1519 νηόν,
511 1437 540 1498 εί
553 1433 588 1498 δὲ
603 1430 771 1514 ἀπειθέοι,
795 1431 902 1498 πολλά
919 1432 1019 1499 οἱκαὶ
1034 1428 1120 1497 κακά
1201 1451 1204 1459 ·

15 1592 16 1597 ,
113 1528 276 1599 ἀπείλεεν.
308 1529 327 1616 ἡ
351 1534 385 1597 δὲ
407 1529 446 1597 τά
462 1529 523 1615 μέν
541 1538 654 1611 πρώτα
677 1525 836 1614 οὐδεμίην
854 1526 945 1615 ὤρην
963 1530 1118 1609 ἐποιέετο,

113 1626 196 1714 μετὰ
215 1633 250 1695 δέ
271 1627 313 1707 ὥς
332 1656 391 1713 μιν
402 1627 529 1714 μεγάλη
546 1634 670 1704 νοῦσος
686 1631 800 1713 ἔλαβε,
825 1633 870 1715 τῷ
887 1652 922 1693 τε
944 1624 1041 1711 ἀνδρί
1058 1624 1120 1712 τήν

14 1763 17 1794 ι
113 1724 196 1804 ὄψιν
208 1724 399 1812 ἀπηγήσατο
417 1728 471 1794 καὶ
488 1722 665 1811 τὴνἭρην
682 1723 833 1792 ίλάσκετο
848 1727 902 1793 καὶ
915 1726 1049 1811 στήσειν
1060 1722 1120 1792 τὸν

15 1863 17 1895 ς
114 1822 200 1912 νηὸν
218 1823 404 1905 ὑπεδέξατο.
429 1827 483 1893 καὶ
502 1823 620 1892 αὐτίκα
633 1821 727 1909 ὑγιέα
743 1822 962 1911 γενομένηνὸ
982 1823 1068 1912 ἀνήρ
1087 1827 1120 1904 ές

112 1922 178 2011 τήν
188 1922 265 2010 ίρήν
277 1925 376 1991 πόλιν
392 1930 530 2010 ἔπεμπε,
552 1921 616 1989 σύυ
629 1925 668 1990 δέ
681 1927 714 1990 οί
723 1926 777 1990 καὶ
789 1924 937 2010 χρήματα
949 1924 1004 1991 καί
1017 1942 1119 2005 στρα-

14 2059 18 2072 =
113 2020 190 2107 τιήν
202 2023 338 2107 πολλήν,
349 2022 426 2100 τούς
438 2022 498 2109 μέν
510 2024 727 2107 οίκοδομέειν,
739 2018 818 2100 τούς
830 2020 865 2089 δέ
877 2024 930 2089 καὶ
942 2028 1002 2088 τοῦ
1013 2018 1119 2106 ἀσφα-

16 2180 19 2190 .
113 2122 189 2197 λέος
202 2122 312 2187 εἵνεκα
323 2147 329 2158 ·
350 2123 489 2197 καλέσας
502 2122 541 2187 δέ
549 2146 621 2185 τινα
633 2127 702 2185 τῶν
713 2121 841 2187 ἑωυτοῦ
852 2127 969 2205 φίλων,
982 2126 1120 2204 νεηνίην

15 2259 18 2267 -
114 2217 220 2298 κάρτα
239 2218 357 2301 καλόν,
376 2225 421 2307 τῷ
440 2216 569 2302 οὕνομα
588 2209 631 2303 ἦν
646 2218 838 2304 Κομβάβος,
859 2216 939 2304 Έγιύ
957 2244 1026 2300 τοι,
1042 2224 1118 2302 ἔφη,

15 2340 20 2393 3·
114 2308 142 2382 οὐ
155 2316 329 2401 Κομβάβε,
347 2313 470 2383 έσθλόυ
483 2316 578 2383 έόντα
591 2320 696 2400 φιλέω
712 2342 746 2382 τε
759 2316 899 2399 μάλιστα
912 2322 1019 2400 φίλων
1032 2317 1122 2400 ἐμῶν

15 2456 16 2461 1
113 2417 169 2481 καὶ
182 2413 320 2499 πάμπαν
338 2416 476 2482 ἐπαινέω
488 2421 606 2500 σοφίης
624 2440 659 2481 τε
671 2416 724 2481 καί
743 2412 874 2501 εὐνοίης
891 2423 947 2501 τῆς
963 2418 994 2493 ἐς
1008 2411 1119 2500 ἡμέας,

14 2534 20 2591 j
114 2510 177 2595 τήν
189 2510 228 2595 δή
241 2512 410 2591 ἐπεδέξαο·
434 2521 498 2578 νῦν
515 2515 553 2579 δέ
569 2538 625 2597 μοι
642 2509 740 2597 χρειω
758 2513 902 2598 μεγάλης
916 2519 1059 2595 πίστιος,
1075 2517 1120 2598 τῷ

18 2664 21 2673 ,
114 2630 153 2674 σε
163 2608 252 2674 θέλω
270 2612 401 2693 γυναικὶ
422 2613 483 2698 έμή
499 2610 684 2694 ἑσπόμενον
699 2615 798 2693 έργον
814 2613 852 2675 τέ
864 2635 921 2694 μοι
937 2610 1117 2675 ἐπιτελέσαι
1138 2620 1187 2677 467

14 2755 18 2788 z
115 2702 237 2786 καλίρά
250 2710 376 2773 τελέσαι
396 2711 449 2775 καὶ
467 2715 618 2793 στρατιῆς
636 2710 858 2789 ἐπικρατέειν·
882 2709 932 2774 σοὶ
950 2708 985 2775 δέ
1000 2704 1119 2773 ἀπικο-

14 2835 16 2844 ·
114 2805 205 2892 μένςο
217 2808 248 2883 ἐξ
260 2801 371 2889 ἡμέων
383 2804 459 2893 τιμή
473 2810 599 2893 μεγάλη
611 2814 748 2873 ἔσσεται.
766 2801 849 2888 πρὸς
861 2804 985 2871 δὲτάδε
998 2802 1015 2871 ὁ
1029 2810 1120 2887 Κομ-

15 2926 16 2974 ;
114 2901 219 2990 βάβος
231 2899 347 2970 αὐτίκα
361 2911 491 2972 λίσσετο
509 2904 614 2973 πολλά
628 2907 796 2985 λιπαρέων
809 2902 855 2988 μή
866 2929 925 2987 μιν
942 2905 1120 2986 ἐκπέμπειν

15 3059 16 3069 ,
114 3002 197 3086 μηδὲ
210 3000 378 3068 πιστεύειν
396 3006 429 3070 οί
439 3000 477 3068 τά
490 3001 615 3070 πολλόν
633 3005 760 3069 ἑωυτοῦ
773 3005 891 3087 μέζονα
906 3001 1053 3085 χρήματα
1066 3001 1120 3065 καὶ

14 3152 18 3170 ,
114 3115 257 3189 γυναῖκα
275 3103 328 3169 καί
346 3108 450 3188 ἔργον,
462 3104 550 3187 ίρόν·
573 3101 613 3171 τά
626 3104 662 3171 δέ
674 3102 819 3186 ὀρρωδεε
830 3102 876 3187 μή
889 3106 965 3169 κοτέ
979 3106 1013 3169 οί
1023 3107 1119 3186 ζηλο-

114 3205 214 3285 τυπίη
232 3199 343 3290 χρόνῳ
360 3198 485 3291 ὑστέρην
512 3205 543 3279 ές
564 3200 625 3287 τήν
645 3208 874 3287 Στρατονίκην
891 3204 1035 3285 γένοιτο,
1057 3196 1119 3285 τήν

15 3332 19 3390 3
113 3304 241 3385 μοῦνος
257 3294 395 3376 ἀπάξειν
411 3304 554 3383 ἔμελλεν.
578 3306 628 3367 20.
649 3297 693 3376 ὡς
710 3302 744 3366 δέ
763 3296 892 3384 οὐδαμά
909 3302 1075 3379 ἐπείθετο,
1099 3293 1117 3363 ὁ

114 3396 151 3463 δέ
164 3400 285 3475 ἱκεσίης
302 3398 457 3481 δευτέρης
473 3395 607 3465 ἀπτεται
625 3400 745 3463 δοῦναί
758 3400 793 3465 οί
801 3396 924 3481 χρόνον
939 3393 1018 3462 έπτά
1036 3391 1117 3480 ἡμε-

15 3558 16 3563 ,
114 3496 218 3574 ρέων,
235 3491 316 3577 μετά
335 3492 370 3560 δέ
386 3492 578 3579 ἀποστεῖλαί
592 3520 650 3579 μιν
661 3494 837 3561 τελέσαντά
855 3501 962 3561 τιτῶν
974 3493 1116 3576 μάλιστα
