2625 4092
235 253 275 318 18
590 255 898 314 ΛΟΤΚΙΔΝΟΥ

233 415 254 503 ἡ
266 421 341 501 δίκη
352 414 418 484 ἔστ’
433 411 476 482 ἀν
488 413 506 482 ὁ
519 415 604 494 Ζεὺς
616 416 737 504 δικάσῃ
751 419 826 498 περὶ
840 423 901 483 τοῦ
912 422 1113 484 Διονυσίου·
1137 440 1251 497 παρα-

233 513 376 600 πλήσιον
396 514 460 599 γάρ
478 541 509 581 τι
527 517 580 582 καὶ
599 522 698 581 τοῦτο
714 520 824 582 ἔοικεν
840 511 935 582 εἶναι.
966 512 1044 581 ὥστ’
1067 513 1126 582 έάν
1147 511 1250 598 μὲνὴ

228 611 352 700 Ἡδονή
368 613 532 701 κρατήσῃ,
548 615 602 681 καλ
617 612 677 680 τόν
689 611 902 694 Ἀρίστιππον
916 613 981 693 ἕξει
995 611 1016 698 ἡ
1031 613 1169 699 Τρυφή·
1192 640 1251 679 νι-

234 712 344 798 κώσης
359 711 394 778 δὲ
409 719 466 797 της
481 719 607 796 Στοᾶς,
622 714 679 780 καὶ
696 704 794 790 οὗτος
813 718 902 779 ἔσται
916 720 974 798 της
986 711 1115 799 Ἀρετῆς
1131 737 1246 795 κεκρι-

234 813 341 896 μένος.
375 808 458 877 άόστε
483 810 579 878 ἀλλοι
600 813 827 894 παρέστωσαν,
860 807 898 877 τό
922 814 1015 878 δεῖνα
1039 814 1171 897 μέντοι,
1200 809 1249 895 μή

234 911 495 995 λαμβανέτωσαν
518 901 612 976 οὗτοι
634 906 671 975 τὸ
696 908 902 976 δικαστικόν·
936 905 1112 985 ἀδίκαστος
1132 904 1199 993 γάρ
1226 906 1251 993 ἡ

235 1010 311 1092 δίκη
325 1011 512 1092 μεμένηκεν
526 1005 647 1084 αὐτοῖς.

319 1111 424 1172 ΕΡΜ.
444 1105 570 1191 Μάτην
591 1098 655 1172 οὖν
673 1102 920 1190 ἀνεληλυθότες
937 1097 998 1172 όσι
1014 1106 1168 1190 γέροντες
1181 1102 1247 1170 ἀν-

235 1208 311 1288 δρες
326 1201 415 1270 οὕτω
429 1202 562 1290 μακράν
578 1201 641 1291 τήν
656 1202 842 1290 άνάβασιν;

319 1310 411 1373 ΔΙΚ.
438 1300 584 1389 Ἱκανόν,
609 1310 639 1372 εί
656 1305 870 1391 τριτημόρων
887 1305 1033 1389 λάβοιεν.
1062 1303 1174 1388 ἀπιτε,
1199 1305 1248 1391 μή

234 1399 465 1486 ἀγανακτεῖτε,
483 1394 586 1480 αὖθις
601 1403 762 1470 δικάσετε.

318 1505 369 1566 24.
382 1505 486 1567 EPM.
503 1504 648 1586 Διογένη
660 1503 818 1568 Σινωπέα
829 1514 984 1585 παρεῖναι
994 1499 1120 1582 καιρός,
1135 1503 1190 1568 καὶ
1201 1499 1246 1567 σά

232 1597 253 1686 ή
269 1595 548 1684 Ἀργυραμοιβική
567 1602 649 1684 λέγε.

316 1703 569 1766 ΔΙΟΓΕΝΗΣ.
599 1699 666 1766 Καὶ
685 1694 752 1783 μὴν
777 1694 821 1764 ἀν
841 1722 879 1782 γε
904 1693 949 1782 μὴ
974 1696 1141 1781 παύσηται
1167 1698 1241 1763 ένο-
1305 1676 1307 1743 δ

233 1801 374 1881 ηλοῦσα,
399 1787 425 1860 ό
445 1801 551 1879 Δίκη,
572 1792 685 1862 οὐκέτι
706 1799 859 1881 δρασμοῦ
876 1795 1049 1863 δικάσεταί
1065 1820 1137 1881 μοι,
1159 1792 1245 1862 ἀλλά
1305 1824 1307 1853 ι

234 1898 369 1960 πολλῶν
389 1893 445 1958 καλ
466 1894 603 1978 βαθέων
617 1892 834 1978 τραυμάτων·
861 1893 926 1979 έγω
941 1892 1006 1979 γάρ
1022 1890 1140 1960 αὐτίκα
1154 1892 1245 1978 μάλα

235 1991 367 2070 πατάξω
381 1997 427 2079 τῷ
444 1991 541 2081 ξύλω.

318 2094 412 2157 ΔΙΚ.
438 2095 480 2156 Τί
493 2096 609 2171 τοῦτο;
632 2093 801 2176 πέφευγεν
815 2088 835 2176 ή
850 2087 1146 2176 Ἀργυραμοιβική,
1169 2087 1186 2156 ὁ
1207 2093 1244 2156 δὲ
1306 2112 1307 2117 ’

234 2189 348 2256 διώκει
368 2189 551 2274 ἐπηρμένος
572 2187 609 2255 τό
628 2190 786 2276 βάκτρον.
820 2187 862 2257 οά
885 2188 1020 2276 μέτριόν
1040 2216 1071 2255 τι
1094 2187 1200 2256 κακόν
1222 2187 1243 2275 ἡ

234 2286 336 2357 ἀθλία
352 2293 439 2355 ἔοικε
453 2289 629 2375 λήψεσθαι.
653 2287 714 2356 τόν
727 2290 899 2375 Πύρρωνα
914 2290 1063 2375 κήρυττε.

161 2403 216 2462 θλθ
320 2392 370 2454 25.
388 2394 492 2459 EPM.
511 2385 607 2458 Ἀλλά
622 2386 644 2476 ή
659 2391 720 2476 μὲν
734 2389 888 2474 Γραφική
903 2388 1081 2473 πάρεστιν,
1104 2381 1243 2474 όΔίκη,

233 2484 412 2572 όΠόρρων
424 2488 459 2555 δὲ
472 2485 551 2556 οὐδὲ
562 2487 624 2575 τήν
638 2487 744 2576 ἀρχήν
755 2489 954 2577 ἀνελήλυθε,
970 2490 1025 2556 καὶ
1037 2487 1132 2577 ἐῴκει
1143 2495 1243 2555 τοῦτο

233 2588 380 2673 πράξειν.

319 2691 412 2755 ΔΙΚ.
435 2683 504 2754 Διά
519 2693 566 2768 τί,
585 2680 611 2755 ιά
624 2685 742 2775 Ἑρμῆς

317 2793 421 2855 ΕΡΜ.
436 2784 507 2855 ’Ότι
521 2785 623 2855 οὐδὲν
636 2786 764 2875 ήγείται
778 2788 950 2876 κριτήριον
965 2786 1089 2874 ἀληθὲς
1104 2787 1199 2857 εἶναι.

317 2892 410 2955 ΔΙΚ,
435 2893 625 2972 Τοιγαροῦν
647 2888 773 2974 ἐρήμην
793 2884 899 2954 αὐτοῦ
913 2888 1241 2956 καταδικασάτωσαν.

232 2982 293 3054 τόν
315 2987 531 3071 λογογράφον
550 2985 613 3072 ήδη
634 2988 729 3054 κάλει
750 2985 810 3054 τόν
830 2986 964 3072 Σύρον·
997 2995 1103 3055 καίτοι
1124 2988 1244 3079 πρῴην

234 3081 474 3171 ἀπηνέχθησαν
490 3080 562 3150 κατ’
581 3082 688 3151 αὐτοῦ
702 3090 739 3154 αλ
750 3091 893 3171 γραφαί,
918 3087 972 3153 καλ
989 3084 1090 3153 οὐδὲν
1103 3085 1241 3173 ἤπειγεν

232 3183 296 3272 ἤδη
312 3191 496 3268 κεκρίσθαι.
519 3183 608 3271 πλήν
623 3183 697 3254 ἀλλ’
714 3188 783 3254 ἐπεὶ
794 3191 904 3271 ἔδοξε,
919 3190 1085 3268 προτέραν
1100 3186 1244 3274 ἐσάγαγε

103 3325 107 3334 -
233 3290 291 3370 τῆς
304 3280 492 3369 Ῥητορικῆς
511 3281 574 3369 τήν
597 3289 703 3371 δίκην.
737 3293 855 3374 βαβαί,
876 3285 948 3353 ὅσοι
968 3286 1245 3372 συνεληλύθασιν

233 3383 287 3450 ἐπὶ
302 3377 365 3466 τήν
382 3378 552 3465 ἀκρόασιν.

319 3485 424 3546 ΕΡΜ.
445 3479 608 3562 Εἰκότως,
624 3472 770 3566 οἷΔίκη·
792 3481 831 3548 τό
845 3508 881 3550 τε
895 3480 960 3569 γάρ
975 3480 1019 3569 μή
1035 3483 1141 3551 ἕωλον
1156 3479 1243 3550 εἶναι
