2625 4092
226 279 288 340 2⁰8
587 283 885 341 AOTKIANOT

226 446 280 510 καὶ
297 442 422 529 στῆλην
442 442 621 527 ἐφεστάναι
640 446 811 526 δηλοῦσαν
831 451 893 509 τού
911 441 1058 527 ὀλέθρου
1073 441 1134 510 τῶν
1157 445 1231 529 τρό-

225 565 308 608 πον·
330 540 540 624 κεκολάφθαι
554 541 619 626 γάρ
632 539 685 607 ἐπ’
703 537 786 629 αύτῆ
798 539 984 623 άνθρῶπον
999 566 1061 628 μεν
1075 570 1152 610 τινα
1162 539 1232 610 οἷον

225 637 286 708 τδν
305 640 479 706 Τάνταλον
496 641 688 726 γράφουσιν
704 644 740 704 ἐν
760 646 859 728 λίμνη
878 641 1000 706 ἑστῶτα
1018 656 1069 707 καὶ
1088 639 1233 726 ἀρυομε-

225 763 289 803 νον
307 743 368 803 τού
385 736 522 820 ὕδατος,
544 735 590 816 ῶς
604 745 674 805 πίοι
696 738 753 824 δῆ,
775 735 812 804 τό
828 746 951 823 θηρίον
972 737 1090 824 δὲτὴν
1112 741 1233 818 διψάδα

226 833 419 922 ἐμπεφυκὸς
428 832 518 925 αὑτῶ
530 842 827 918 περιεσπειρᾶσθαι
838 842 883 924 τῶ
894 840 983 916 ποδί,
999 845 1057 902 καί
1065 863 1160 913 τινας
1174 862 1234 921 γυ-

225 948 343 1011 ναῖκας
355 931 615 1018 ὑδροφορούσας
627 931 696 1017 άμα
714 930 839 1010 πολλάς
853 949 1007 1019 καταχεῖν
1016 931 1053 1001 τδ
1066 933 1161 1016 ὕδωρ
1174 931 1234 1001 αύ-

225 1039 287 1098 τοῶ
328 1040 471 1116 πλησίον
484 1031 521 1100 δὲ
536 1029 585 1120 ῶὰ
599 1043 732 1098 κεῖσθαι
747 1027 799 1098 οἶα
813 1037 880 1097 τῶν
895 1040 1074 1113 στρουθῶν
1086 1035 1233 1108 ἐκείνων,

227 1125 286 1206 οὑς
301 1135 388 1214 ἔφην
403 1137 517 1215 θηρᾶν
530 1126 609 1206 τούς
622 1131 858 1214 Γαράμαντας·
887 1131 1080 1213 γεγράφθαι
1099 1131 1136 1197 δὲ
1154 1129 1234 1211 πρὸς

224 1223 474 1313 τούπίγραμμα,
492 1225 534 1295 ού
548 1243 660 1313 χεῖρον
674 1227 709 1293 δὲ
725 1229 779 1294 καὶ
796 1223 876 1292 αύτὸ
897 1233 1011 1310 εἰπεῖν,

292 1331 372 1391 Τοῖα
389 1323 553 1408 παθόντ’,
568 1323 676 1409 οἶμαι,
692 1325 748 1391 καὶ
766 1323 937 1392 Τάνταλον
954 1333 1096 1402 αδθοπος
1112 1332 1167 1392 ίοῦ

330 1422 464 1510 μηδαμά
480 1430 636 1509 κοιμῆσαι
650 1425 813 1506 διψαλέην
830 1419 966 1508 ὀδύνην.

288 1524 343 1591 καὶ
358 1533 507 1591 Δαναοῖο
522 1524 624 1604 κόρας
638 1535 730 1589 τοῖον
745 1528 849 1587 πίθον
864 1518 927 1588 οὐκ
943 1519 1131 1606 ἀναπλῆσαι

331 1620 402 1688 αίδν
418 1620 645 1698 ἐπαντλούσας
659 1616 839 1709 ὑδροφάρφ
854 1621 999 1710 καμάτῳ.

224 1724 271 1787 ἔτι
294 1721 349 1786 καὶ
368 1718 452 1788 άλλα
470 1725 532 1806 ἔπη
553 1719 690 1801 τέτταρά
712 1721 779 1785 ἐστι
805 1721 880 1799 περὶ
902 1725 970 1785 τῶν
991 1714 1085 1807 φῶν,
1113 1721 1168 1784 καὶ
1192 1717 1236 1795 ῶς

224 1814 468 1901 ἀναιρούμενος
484 1815 569 1884 αύτά
585 1817 726 1903 ἐδήχθη·
749 1814 822 1884 ἀλλ’
840 1815 951 1884 οὐκέτι
966 1822 1134 1903 μέμνημαι
1150 1819 1235 1884 ἐκεί-

224 1942 304 1982 νων.
336 1920 364 1983 7.
383 1920 581 2001 συλλέγουσι
596 1918 630 1984 δὲ
648 1917 713 1999 άρα
727 1915 767 1983 τά
786 1915 833 2005 ςδά
847 1917 902 1983 καὶ
917 1916 1142 1984 ἐσπουδάκασι
1160 1917 1235 1996 περὶ

224 2012 309 2082 αὑτά
319 2018 353 2081 οί
361 2021 535 2098 περίοικοι,
548 2012 608 2100 οὑχ
621 2013 665 2092 ῶς
676 2029 795 2099 φαγεῖν
807 2014 923 2099 μόνον,
937 2011 1020 2082 άλλά
1033 2014 1087 2080 καὶ
1098 2014 1234 2080 σκεύεσι

223 2121 368 2199 χρῶνται
380 2114 586 2191 κενώσαντες
597 2114 652 2181 καὶ
663 2114 839 2198 ἐκπῶματα
850 2120 1023 2180 ποιοῦνται
1032 2109 1090 2177 ἀπ’
1102 2109 1235 2178 αὐτῶν·

153 2227 206 2282 2³9
225 2209 267 2278 ού
281 2209 346 2296 γάρ
365 2216 476 2296 ἔχουσι
492 2213 691 2297 κεραμεύειν
705 2210 759 2278 διά
777 2210 813 2278 τὸ
831 2212 968 2298 ψάμμον
983 2209 1066 2278 εἶναι
1080 2207 1143 2295 τῆν
1156 2216 1236 2296 γῆν,

223 2316 254 2378 εί
268 2311 304 2378 δὲ
327 2313 383 2376 καὶ
399 2309 525 2395 μεγάλα
547 2308 717 2396 εὑρεθείη,
744 2313 797 2378 καὶ
817 2319 907 2378 πῖλοι
920 2317 1094 2395 γίγνονται
1116 2309 1180 2374 δύο
1199 2311 1238 2374 ἐκ

222 2418 283 2477 τοῦ
296 2408 365 2498 ῶού
376 2410 533 2476 ἑκάστου·
555 2407 592 2477 τδ
604 2408 670 2495 γάρ
684 2407 846 2495 ἡμίτομον
856 2411 1014 2489 ἑκάτερον
1024 2405 1182 2493 ἀποχρῶν
1193 2415 1237 2494 τῆ

222 2519 352 2598 κεφαλῆ
368 2510 467 2587 ,πῖλός
481 2513 580 2577 ἐστιν.
612 2516 643 2579 8.
662 2513 731 2576 ἐκεῖ
746 2517 863 2576 τοίνυν
884 2515 1026 2592 λοχῶσιν
1042 2511 1078 2574 αλ
1093 2506 1237 2585 διψάδες

221 2607 312 2691 παρά
329 2607 369 2675 τά
384 2606 450 2698 ᾠά,
466 2613 520 2676 καὶ
536 2607 672 2676 ἐπειδάν
685 2609 857 2695 προσέλθῃ
874 2605 892 2674 ὁ
908 2604 1105 2691 ἅνθρωπος,
1121 2607 1156 2672 ἐκ
1175 2613 1238 2690 τῆς

222 2710 363 2794 ψάμμου
384 2710 603 2789 ἐξερπύσασαι
623 2708 786 2774 δάκνουσι
809 2704 869 2774 τὸν
891 2710 1132 2791 κακοδαίμονα·
1161 2701 1237 2773 ὁδὲ

222 2809 341 2893 πάσχει
356 2811 464 2875 ἐκεῖνα
485 2805 525 2874 τά
541 2805 665 2893 μικρὸν
681 2813 873 2892 ἔμπροσθεν
888 2806 1044 2890 εἰρημένα
1058 2812 1166 2872 πίνων
1184 2804 1237 2872 ἀεὶ

223 2911 279 2976 καὶ
296 2915 423 2992 μᾶλλον
440 2911 549 2986 διψῶν
567 2907 623 2973 καὶ
645 2905 876 2990 πιμπλάμενος
890 2902 1058 2972 οὐδέποτε.
1089 2910 1117 2971 9.
1136 2907 1234 2973 ταυτὶ

222 3005 264 3074 ού
279 3005 323 3092 μά
335 3013 403 3074 Δία
418 3003 501 3086 πρὸς
512 3010 707 3086 Νίκανδρον
721 3001 781 3070 τὸν
794 3001 937 3089 ποιητὴν
951 3003 1237 3090 φιλοτιμούμενος

223 3110 417 3190 διεξῆλθον,
434 3101 508 3170 οὐδ’
526 3102 615 3181 ὅπως
633 3101 726 3189 ὑμεῖς
743 3105 886 3189 μάθοιτε
901 3101 944 3181 ὡς
962 3100 1024 3170 οὑκ
1040 3099 1155 3188 άμελὲς
1175 3129 1233 3186 γε·
1306 3117 1307 3148 ι

221 3206 359 3290 γένηταί
374 3231 430 3287 μοι
446 3203 563 3287 φύσεις
579 3211 646 3270 τῶν
662 3208 823 3275 Λιβυκῶν
843 3205 990 3285 ἑρπετῶν
1011 3204 1147 3270 είδίναι·
1180 3209 1237 3269 ία-

220 3311 311 3385 τρῶν
325 3302 390 3388 γάρ
411 3298 456 3369 άν
469 3310 597 3388 μᾶλλον
616 3300 634 3370 ὁ
652 3309 788 3379 ἔπαινος
803 3310 869 3385 είη,
892 3296 941 3378 οἷς
961 3297 1091 3386 ἀνάγκη
1107 3304 1236 3370 εἰδέναι

220 3410 339 3481 ταῦτα,
366 3400 410 3480 ῶς
425 3404 479 3469 καὶ
493 3399 688 3486 άμύναοθαι
704 3397 787 3466 αὑτά
805 3398 886 3485 μετά
901 3408 958 3487 τῆς
972 3405 1088 3486 τέχνης
1106 3406 1234 3487 ἔχοιεν·

220 3499 303 3571 άλλά
319 3528 376 3587 μοι
394 3507 540 3568 δοκῶ-
555 3504 609 3568 καὶ
630 3498 716 3582 πρδς
732 3506 847 3582 φιλίου
863 3498 907 3585 μῆ
924 3501 1147 3586 δυσχεράνητε
1170 3500 1234 3580 τῆν
