2625 4092
234 271 294 333 242
583 275 885 336 AOYKIANOT

234 439 350 499 τοῦσιν
364 432 477 500 αὐτόν.
501 431 574 501 ἀλλ’
593 444 624 500 εί
635 460 710 499 τινα
726 431 868 519 εὕροιμι,
886 428 912 500 ώ
926 443 1038 520 Βακχί,
1056 442 1175 520 γραῦν,
1191 434 1227 512 ώς

167 536 218 590 288
238 536 337 615 ἔφην·
362 528 544 598 ἀποσώσειε
559 528 622 617 γάρ
638 527 682 596 ἀν
700 545 850 615 φανεῖσα.

318 634 346 698 4.
364 637 492 699 BAKX.
508 629 636 713 Ἔστιν,
656 623 683 696 ώ
699 631 855 716 φιλτάτη,
878 630 928 698 ότι
946 640 1086 717 χρησίμη
1103 658 1229 717 φαρμα-

235 736 300 812 κίς,
326 729 423 810 Σόρα
444 729 480 795 τό
501 731 612 814 γένος,
637 727 708 814 ώμή
726 735 773 796 έτι
795 732 847 796 καὶ
868 743 1119 815 συμπεπηγυῖα,
1145 727 1231 814 ἥμοί

236 851 316 893 ποτε
331 833 461 892 Φανίαν
476 833 715 910 χαλεπαίνοντα
732 824 887 893 κάκεῖνον
905 834 991 912 είκή,
1008 826 1120 910 ώσπερ
1131 835 1232 909 Χαρλ·

236 948 309 1002 νος,
334 920 484 1006 διήλλαξε
501 921 581 1008 μετά
596 930 702 1008 μῆνας
717 922 816 1000 ὅλους
832 929 1001 1010 τέτταρας,
1024 923 1078 992 ότε
1096 923 1161 1010 ἐγώ
1178 928 1232 1008 μέν

235 1017 299 1104 ήδη
326 1017 552 1104 ἀπεγνώκειν,
585 1019 602 1086 ὁ
629 1023 665 1089 δὲ
692 1018 757 1087 ὑπό
781 1027 849 1087 τών
871 1024 1008 1111 ἐπῳδῶν
1030 1015 1114 1107 ήκεν
1136 1016 1234 1099 αῦθις

237 1114 292 1182 ἐπ’
305 1118 369 1199 ἐμέ,

323 1222 429 1282 ΜΕΛ.
450 1222 491 1282 Τί
500 1215 535 1283 δὲ
552 1221 693 1297 ἔπραξεν
710 1214 730 1301 ή
747 1223 867 1301 γραῦς,
885 1226 975 1298 εῖπερ
992 1222 1038 1284 έτι
1055 1220 1236 1303 μέμνησαι,

322 1319 451 1380 ΒΑΚΧ.
473 1315 644 1399 Λαμβάνει
655 1315 717 1398 μὲν
731 1311 810 1380 οῦδὲ
821 1315 945 1395 πολύν,
961 1307 1165 1398 ώΜέλιττα,
1180 1311 1237 1379 τόν

237 1413 379 1496 μισθόν,
396 1410 479 1480 ἀλλά
492 1412 640 1498 δραχμήν
651 1416 705 1480 καὶ
716 1412 833 1495 ἀρτον·
855 1416 1039 1480 ἐπικεῖσθαι
1050 1411 1085 1479 δέ
1098 1417 1151 1479 δεῖ
1159 1410 1237 1494 μετά
1297 1412 1298 1445 ³

239 1517 306 1576 τῶν
326 1507 417 1576 ἀλων
432 1514 485 1577 καί
501 1508 640 1596 όβολοῦς
660 1508 740 1577 ἐπτά
759 1514 812 1579 καί
828 1521 924 1578 θεῖον
941 1512 995 1579 καὶ
1010 1514 1103 1598 δᾷδα.
1136 1518 1238 1574 ταῦτα
1297 1590 1298 1597 ¹

240 1604 310 1692 δέἡ
332 1615 437 1694 γραῦς
457 1609 634 1694 λαμβάνει,
656 1611 710 1675 καὶ
730 1616 876 1693 κρατῆρα
898 1615 1098 1690 κεκερᾶσθαι
1120 1611 1173 1672 δεῖ
1187 1607 1239 1672 καλ

240 1712 349 1771 πίνειν
364 1709 494 1792 ἐκείνην
510 1706 627 1792 μόνην.
652 1707 761 1790 δεήσει
778 1710 816 1774 δέ
826 1734 856 1773 τι
868 1705 972 1774 αὐτοῦ
984 1713 1044 1774 τοῦ
1058 1702 1184 1789 ἀνδρὸς
1196 1701 1240 1770 εἷ’

240 1831 310 1886 ναι,
336 1800 408 1872 οἷον
424 1805 536 1889 ίμάτια
555 1800 577 1890 ή
598 1809 758 1891 κρηπῖδας
779 1800 801 1889 ή
817 1801 928 1890 ὀλίγας
947 1812 1014 1870 τῶν
1034 1812 1159 1889 τριχῶν
1174 1804 1196 1889 ή
1212 1830 1241 1869 τι

239 1928 305 1967 των
320 1928 489 1968 τοιουτων.

325 2006 431 2066 ΜΕΛ.
446 1998 529 2084 ’Ἐχω
544 1997 601 2076 τάς
618 2005 778 2084 κρηπῖδας
793 1997 905 2066 αὐτοῦ,

324 2102 351 2162 5.
367 2103 496 2164 ΒΑΚΧ.
521 2098 649 2175 Ταύτας
665 2098 855 2182 κρεμάσασα
869 2101 904 2162 ἐκ
920 2098 1088 2164 παττάλου
1106 2095 1243 2166 ὑποθυ-

240 2201 298 2282 μιᾷ
316 2203 360 2285 τῳ
376 2204 474 2286 θείῳ,
497 2197 666 2262 πάττουσα
682 2198 735 2261 καί
751 2201 818 2260 των
832 2193 923 2262 ἀλῶν
939 2195 991 2260 ἐπὶ
1007 2191 1044 2259 τό
1061 2201 1146 2277 πῦρ·
1171 2199 1242 2262 ἐπι·
1298 2234 1299 2277 χ

241 2294 385 2384 λέγειδέ
405 2291 529 2378 ἀμφοῖν
550 2293 589 2360 τά
606 2291 754 2379 ὀνόματα
773 2296 827 2361 καὶ
842 2291 877 2360 τό
899 2296 1029 2361 ἐκείνου
1046 2295 1101 2360 καὶ
1116 2293 1154 2359 τό
1171 2295 1242 2360 σόν.
1298 2282 1299 2375 ή

241 2387 307 2456 εἶτα
336 2392 370 2455 ἐκ
399 2397 459 2456 τοῦ
487 2390 613 2457 κόλπου
641 2399 869 2478 προκομίσασα
894 2393 1022 2479 ῥόμβον
1052 2395 1244 2476 ἐπιστρέφει

241 2487 372 2575 ἐπῳδήν
393 2513 467 2552 τινα
487 2492 628 2572 λέγουσα
651 2491 809 2580 ἐπιτρόχῳ
829 2498 868 2580 τῇ
887 2491 1030 2578 γλώττη,
1052 2486 1244 2577 βαρβαρικά

242 2589 294 2652 καὶ
310 2586 462 2670 φρικώδη
478 2583 633 2672 ὀνόματα,
656 2597 758 2655 ταῦτα
780 2593 912 2674 ἐποίησε
928 2589 1010 2656 τότε,
1040 2590 1094 2656 καί
1109 2585 1183 2672 μετ’
1204 2586 1245 2655 οῦ

241 2682 328 2752 πολὺ
344 2692 485 2767 Φανίας,
509 2683 575 2769 ἅμα
595 2688 733 2753 καὶτῶν
754 2689 956 2774 συνεφήβων
978 2689 1245 2772 ἐπιτιμησάντων

240 2784 332 2874 αὐτῷ
348 2786 403 2852 καὶ
418 2793 474 2870 τῆς
489 2790 661 2873 Φοιβίδος,
682 2779 844 2875 ήσυνην,
869 2782 974 2853 πολλά
990 2785 1165 2870 αἰτούσης,
1186 2777 1246 2872 ἧκέ

241 2910 307 2966 μοι,
323 2888 357 2948 τί
364 2884 481 2961 πλέους
497 2880 563 2949 ὑπό
576 2891 632 2969 τῆς
644 2889 772 2973 ἐπῳδῆς
782 2883 951 2970 ἀγόμενος.
974 2888 1020 2950 ἔτι
1031 2885 1066 2950 δὲ
1078 2887 1133 2950 καὶ
1145 2885 1244 2950 τοῦτό
1298 2930 1299 2973 3

241 3007 280 3064 με
291 2980 421 3063 σφόδρα
432 2980 514 3048 κατά
526 2989 582 3067 τῆς
597 2989 754 3068 Φοιβίδος
765 2980 801 3048 τό
814 2988 981 3068 μίσηθρον
991 2983 1175 3066 ἐδιδάξατο,
1187 3009 1244 3066 τη-

242 3080 390 3163 ρήσασαν
402 3075 437 3144 τό
454 3088 558 3164 ίχυος,
577 3077 662 3146 ἐπάν
673 3078 845 3159 ἀπολίποι,
863 3079 1112 3166 ἀμαυρώσασαν
1126 3083 1243 3167 ἐπιβῇ·
1298 3142 1299 3177 ,

241 3204 296 3244 ναι
311 3181 373 3262 μὲν
389 3185 433 3266 τῳ
451 3175 611 3266 ἀριστερῷ
630 3166 756 3264 ἐκείνης
772 3177 831 3247 τόν
846 3180 927 3264 ἐμόν
944 3179 1067 3258 δεξιόν.
1085 3187 1132 3268 τῳ
1149 3184 1243 3267 δεξιῷ

174 3295 223 3348 289
244 3276 279 3344 δέ
294 3274 353 3342 τδν
368 3273 545 3358 ἀριστερόν
560 3284 700 3362 ἔμπαλιν
710 3281 764 3345 καὶ
776 3282 899 3364 λέγειν,
912 3275 1106 3365 Ἐπιβέβηκά
1120 3298 1174 3346 σοι
1189 3285 1242 3344 καὶ
1298 3278 1299 3339 3

243 3370 400 3453 ὑπεράνω
415 3378 494 3458 είμί·
517 3376 571 3442 καὶ
586 3380 720 3461 ἐποίησα
737 3374 780 3452 ώς
794 3379 981 3459 προσέταξε.

327 3477 432 3540 ΜΕΛ.
454 3471 513 3557 Μή
526 3475 639 3557 μέλλε,
652 3474 695 3558 μή
707 3476 820 3560 μέλλε,
837 3467 991 3560 ώΒακχί,
1005 3474 1096 3542 κάλει
1107 3472 1170 3560 ήδη
1183 3471 1240 3560 τήν
1298 3534 1299 3543 ,
