2625 4092
427 302 550 363 ‹1›le
563 302 776 363 ΨΕΤΔΗΣ.
1044 300 1105 362 109

91 465 222 541 ἐκεῖνος
235 468 378 547 χαλκοῦς
392 488 442 541 τις
462 454 507 548 ἦν
527 469 585 547 τῆς
600 462 734 548 Κρήτης
749 468 935 547 περίπολος.
965 469 996 531 εί
1007 464 1044 531 δὲ
1059 459 1104 550 μὴ

93 567 237 647 χαλκοῦ,
254 553 481 643 άΕύκρατες,
497 557 582 628 ἀλλὰ
597 560 701 639 ξύλου
718 561 908 647 ἐπεποίητο,
925 558 1027 629 οὐδέν
1041 556 1106 628 αύ-

91 658 156 727 τὸν
170 660 316 727 έκοέλυεν
334 656 375 727 ού
390 665 585 744 Δημητρίου
600 663 702 743 ἔργον
719 655 819 743 εἶναι,
836 657 920 726 άλλά
934 666 1003 726 τοῖν
1018 668 1105 725 Δαι-
1119 667 1154 720 48

93 759 203 825 δάλου
216 757 446 844 τεχνημάτων·
468 756 665 841 δραπετεύει
679 764 782 843 γοῦν,
804 754 848 833 ὡς
862 755 944 842 φής,
967 752 1033 823 άπὸ
1048 762 1106 840 τῆς

94 856 226 943 βάσεως
244 857 299 923 καὶ
319 847 426 933 οὗτος.
461 860 511 922 20.
527 852 626 939 Ὅρα,
654 858 735 940 ἔφη,
759 846 785 921 ό
804 857 965 939 Τυχιάδη,
990 851 1035 940 μή
1051 874 1105 920 σοι

94 952 305 1039 μεταμελήσῃ
320 956 381 1018 τού
397 952 594 1039 σκώμματος
608 948 760 1035 ὕστερον.
783 948 856 1018 οἶδα
873 946 937 1035 ε’γώ
954 944 1008 1018 οἷα
1024 954 1104 1018 ἔπα-

93 1060 164 1118 θεν
183 1047 200 1117 ὁ
217 1047 297 1127 τούς
313 1047 454 1136 ὀβολούς
470 1047 696 1136 ὑφελόμενος,
713 1043 778 1127 -ούς
795 1045 879 1115 κατά
893 1046 956 1134 τὴν
975 1073 1105 1133 νουμη-

94 1156 176 1217 νίαν
186 1148 327 1235 ἑκάστην
337 1156 475 1236 τίθεμεν
485 1145 585 1239 αύτῷ.
609 1148 781 1217 Πάνδεινα
792 1149 902 1233 ἐχρῆν,
914 1144 1017 1216 ὁἼων
1028 1152 1104 1231 ἔφη,

95 1248 278 1332 ἱερόσυλόν
292 1274 330 1333 γε
343 1245 434 1317 ὄντα.
459 1254 528 1326 πῶς
544 1240 608 1314 οὖν
624 1243 729 1323 αὐτόν
742 1243 909 1333 ἠμύνατο,
926 1237 953 1312 ό
969 1243 1105 1328 Εὔκρα-

93 1372 166 1426 τες;
188 1348 295 1415 ἐθέλω
310 1345 374 1431 γάρ
389 1342 547 1431 ἀκοῦσαι,
565 1352 595 1415 εί
610 1347 665 1414 καὶ
679 1344 730 1413 ὅτι
746 1346 889 1431 μάλιστα
905 1341 1018 1412 οὑτοσὶ
1036 1350 1107 1410 Τν-

94 1445 213 1531 χιάδης
226 1442 408 1532 ἀπιστήσει.
430 1450 570 1526 Πολλοί,
587 1436 610 1531 ἦ
624 1441 657 1512 δ’
674 1443 727 1530 ὅς,
743 1450 879 1528 ’ἔκειντο
894 1441 1008 1529 ὀβολοὶ
1022 1438 1112 1527 πρός

92 1556 169 1611 τοῖν
179 1545 297 1609 ποδοῖν
309 1539 413 1610 αὐτοῦ
426 1545 481 1610 καὶ
496 1542 579 1610 άλλα
594 1548 780 1628 νομίσματα
795 1547 866 1610 ἔνια
877 1539 1008 1626 άργυρᾶ
1020 1537 1105 1625 πρὸς

65 1714 72 1724 ,
94 1638 158 1709 τόν
178 1637 287 1725 μηρόν
305 1647 397 1730 κηρῷ
420 1644 646 1727 κεκολλημένα
668 1642 724 1707 καὶ
742 1643 866 1708 πέταλα
886 1642 919 1719 ἐξ
940 1639 1104 1725 άργύρου,

96 1735 194 1823 εὐχαί
205 1762 295 1816 τινος
305 1733 327 1824 ἦ
336 1734 459 1824 μισθός
470 1739 523 1806 ἐπὶ
538 1744 577 1827 τῇ
589 1738 675 1806 λύσει
690 1735 809 1806 ὁπόσοι
824 1734 869 1805 δι’
883 1734 988 1805 αύτόν
1000 1735 1105 1803 ἐπαύ-

95 1858 199 1905 σαντο
221 1843 353 1926 πυρετῷ
369 1834 529 1921 ἐχόμενοι.
559 1829 604 1920 ἦν
624 1836 660 1903 δὲ
677 1832 757 1921 ἡμῖν
771 1842 875 1923 Λίβυς
895 1862 945 1913 τις
965 1835 1104 1918 οίκέτης,

96 1933 300 2018 κατάρατος,
315 1934 514 2018 ἱπποκόμος·
537 1924 636 2011 οὗτος
647 1935 836 2019 ἐπεχείρησε
847 1930 968 2010 νυκτός
981 1930 1106 2017 ύφελέ·
1122 1932 1128 1943 ’

96 2042 180 2101 σθαι
200 2034 311 2099 πάντα
331 2034 440 2099 ἐκεῖνα
456 2030 511 2098 καὶ
525 2027 681 2115 ὑφείλετο
697 2031 946 2118 καταβεβηκότα
968 2029 1032 2117 ἤδη
1045 2056 1107 2116 τη-

97 2129 201 2216 ρήσας
217 2126 277 2197 τόν
292 2126 498 2214 άνδριάνταΓ
515 2132 584 2197 ἐπεὶ
605 2128 641 2196 δὲ
657 2127 855 2197 ἐπανελθών
868 2129 1003 2217 τάχιστα
1018 2136 1106 2217 έγνω

96 2227 396 2314 περισεσυλημένος
406 2225 424 2294 ὁ
434 2230 590 2313 Πέλιχος,
603 2226 666 2309 ὅρα
678 2226 768 2307 ὅπως
779 2226 929 2314 ἠμύνατο
941 2231 994 2297 καί
1007 2253 1106 2296 κατε-

97 2328 237 2414 φοέρασε
248 2324 308 2394 τόν
321 2333 447 2413 Λίβυν·
475 2323 519 2393 δι’
539 2324 619 2413 ὅλης
632 2325 698 2414 γάρ
714 2336 772 2415 τῆς
786 2326 908 2407 νυκτός
924 2326 1054 2414 περιῄει
1069 2330 1106 2395 έν

95 2426 210 2517 κύκλφ
223 2423 286 2514 τὴν
298 2422 404 2512 πύλην
419 2423 436 2493 ὁ
448 2424 568 2505 άθλιος
580 2428 728 2506 ἐξελθεῖν
739 2424 781 2493 ού
792 2429 981 2514 δυνάμενος
992 2425 1103 2507 ὥσπερ

95 2529 130 2605 ές
149 2526 362 2613 λαβύρινθον
384 2522 553 2611 έμπεσάν,
580 2522 656 2611 άχρι
679 2524 720 2613 δὴ
744 2525 940 2611 κατελήφθη
958 2531 1044 2610 ἔχων
1064 2520 1105 2590 τά

95 2624 209 2712 φύρια
223 2626 404 2711 γενομένης
424 2631 481 2710 τῆς
500 2620 631 2710 ἡμέρας.
662 2626 718 2692 καὶ
732 2624 807 2691 τότε
822 2622 884 2709 μέν
900 2620 1028 2708 πληγάς
1042 2618 1105 2689 ούκ
1120 2638 1155 2693 49

95 2722 210 2809 ὀλίγας
224 2730 343 2811 έλαβεν
360 2722 477 2809 ἁλούς,
499 2720 541 2790 ού
558 2719 667 2790 πολύν
684 2722 720 2791 δὲ
739 2719 889 2809 έπιβιούς
906 2722 1030 2807 χρόνον
1044 2746 1106 2787 κα-

96 2822 156 2902 κός
172 2829 281 2901 κακῶς
296 2822 444 2891 άπέθανε
460 2820 742 2909 μαστιγούμενος,
760 2819 804 2899 ὡς
821 2826 930 2906 ἔλεγε,
945 2816 1028 2887 κατὰ
1043 2817 1106 2905 τὴν

95 2924 204 2991 νύκτα
216 2920 375 3007 ἑκάστην,
395 2920 477 2989 ὥστε
492 2920 548 2989 καί
558 2920 724 3007 μώλωπας
737 2924 770 3000 ές
780 2918 842 3006 τὴν
853 2922 1014 2989 ἐπιοῦσαν
1026 2925 1108 3004 φαί·

95 3031 219 3091 νεσθαι
233 3020 339 3089 αὐτοῦ
351 3023 404 3090 ἐπὶ
416 3027 477 3089 τοῦ
489 3021 648 3107 σώματος.
671 3018 756 3107 πρός
767 3028 889 3106 ταῦτα,
905 3013 933 3088 τό
947 3021 1106 3107 Τυχιάδη,

95 3120 228 3191 καὶτὸν
242 3126 384 3206 Πόλιχον
407 3127 537 3197 σκῶπτε
557 3118 641 3206 κάμέ
662 3120 774 3207 ὥσπερ
796 3128 858 3189 τού
873 3126 1012 3199 Μίνωος
1031 3116 1106 3205 ἡλι-

95 3220 222 3307 κιύτηυ
238 3226 440 3302 παραπαίειν
452 3217 517 3305 ἤδη
531 3220 631 3288 δόκει.
650 3216 757 3305 Ἀλλ’,
775 3211 999 3304 ύΕύκρατες,
1017 3210 1061 3305 ἦν
1071 3211 1105 3283 δ’

95 3320 178 3407 ἐγώ,
202 3316 269 3387 ἔστ’
285 3314 363 3387 άνὸ
385 3315 506 3405 χαλκός
526 3320 587 3404 μὲν
603 3316 738 3405 χαλκός,
760 3314 797 3384 τὸ
816 3320 851 3383 δὲ
872 3324 973 3403 ἔργον
987 3314 1107 3403 Δημή-

94 3444 187 3503 τριος
210 3415 228 3485 ὁ
248 3414 482 3503 Ἀλωπεκῆθεν
505 3419 718 3503 εἰργασμένος
738 3408 777 3505 ᾖ,
803 3412 844 3484 ού
865 3416 1025 3493 θεοποιός
1045 3438 1106 3507 τις,

95 3516 170 3586 ἀλλ’
181 3513 442 3600 ἀνθρωποποιὸς
452 3516 511 3601 άν,
521 3516 642 3585 ούποτε
652 3514 844 3601 φοβήσομαι
851 3511 913 3581 τόν
922 3511 1106 3599 άνδριάντα
