2625 4092
406 316 531 375 ΦΙΛΟ
544 318 756 377 want.
1022 315 1082 378 111

65 481 122 543 23.
142 480 178 544 οί
194 502 258 563 μεν
274 470 338 544 οὖν
356 473 441 562 ἀμφὶ
460 472 521 543 τὸν
531 474 632 545 Ἴωνα
649 480 704 544 καὶ
724 475 785 546 τόν
801 480 1014 564 Δεινόμαχον
1030 479 1084 545 καί

65 572 133 641 τὸν
146 575 346 661 Κλεόδημον
360 573 534 661 κεχηνότες
545 573 657 654 άτενὲς
672 590 849 662 προσεῖχον
863 573 953 666 αὐτῷ
965 579 1083 660 γέρον-

64 698 124 751 τες
142 670 278 759 άνδρες,
301 672 473 759 ἑλκόμενοι
487 680 545 759 τῆς
559 674 669 758 βινός,
693 672 799 758 ἠρέμα
814 680 1084 756 προσκυνοῦντες
1099 695 1134 749 51

66 768 181 847 οὕτως
190 768 361 839 ἀπίθανον
371 772 546 855 κολοσσόν,
556 769 792 856 ἡμισταδιαίαν
799 784 955 857 γυναῖκα,
966 768 1084 855 γιγάν-

67 868 165 935 τειόν
179 897 209 936 τι
224 869 479 956 μορμολύκειον.
504 865 568 954 έγῶ
584 870 620 937 δὲ
635 870 796 937 ἐνενόουν
810 865 932 955 μεταξὺ
949 863 1013 935 οἷοι
1025 865 1084 933 όν-

68 992 126 1043 τες
140 964 234 1034 αὐτοὶ
249 972 338 1046 νέοις
354 993 389 1033 τε
411 963 587 1053 ὁμιλοῦσιν
601 969 652 1035 ἐπὶ
672 974 775 1057 σοφίᾳ
793 970 846 1036 καὶ
867 964 933 1034 ὑπὸ
949 973 1084 1033 πολλῶν

68 1064 304 1149 θαυμάζονται
320 1063 459 1152 μόνητῇ
474 1070 574 1153 πολιᾷ
589 1066 702 1153 καὶτῷ
715 1064 854 1150 πώγωνι
867 1067 1084 1151 διαφέροντες

69 1168 144 1228 τῶν
160 1170 313 1250 βρεφῶν,
330 1160 370 1230 τά
386 1158 417 1228 δ’
432 1159 515 1229 άλλα
530 1163 584 1229 καὶ
596 1160 708 1228 αὐτῶν
724 1166 862 1231 ἐκείνων
877 1161 1083 1248 εὐαγωγότε-

69 1286 127 1343 ροι
143 1259 227 1344 πρὸς
246 1258 283 1328 τό
306 1266 439 1341 ψεῦδος.
468 1265 518 1327 24.
536 1256 555 1328 ὁ
574 1268 661 1346 γοῦν
671 1262 894 1347 Δεινόμαχος,
914 1262 1001 1328 Είπέ
1015 1285 1083 1345 μοι,

69 1365 157 1444 ἔφη,
180 1352 206 1425 ώ
220 1357 404 1443 Εὔκρατες,
429 1362 463 1425 οί
475 1358 575 1435 κύνες
596 1359 631 1425 δὲ
646 1366 704 1443 τῆς
719 1367 807 1426 θεοῦ
820 1365 951 1445 πηλίκοι
966 1356 1002 1425 τό
1025 1359 1081 1443 με’-

69 1466 177 1542 γεθος
191 1450 295 1543 ἦσαυς
315 1454 538 1541 Ἐλεφάντων,
561 1448 628 1541 ἧδ’
646 1455 701 1542 ὅς,
721 1453 922 1541 ὑψηλότεροι
941 1462 1009 1523 τῶν
1022 1454 1083 1522 Ἰν-

69 1559 196 1640 δικῶν,
211 1556 350 1640 μέλανες
361 1557 415 1622 καὶ
427 1551 521 1621 αὐτοὶ
532 1556 587 1622 καὶ
598 1556 708 1623 λάσιοι
722 1562 847 1645 πιναρᾷ
858 1557 913 1622 καὶ
923 1552 1083 1639 αὐχμώσῃ

69 1659 113 1739 τῇ
130 1652 242 1741 λάχνη.
266 1650 330 1739 ἐγώ
346 1653 408 1739 μέν
422 1646 486 1720 οὖν
501 1653 584 1720 ίδῶν
598 1660 696 1741 ἔστην
711 1652 920 1739 ἀναστρέψας
938 1652 1005 1739 άμα
1021 1650 1083 1737 τὴν

70 1756 258 1835 σφραγῖδα,
271 1749 315 1836 ἥν
326 1777 382 1837 μοι
393 1750 527 1835 δ”Αραψ
537 1755 678 1834 έδωκεν,
692 1758 737 1830 εἰς
748 1750 785 1819 τό
798 1761 876 1820 εἴσω
888 1760 948 1820 τοῦ
960 1751 1083 1818 δακτύ-

73 1856 153 1917 λου·
175 1844 326 1934 ἡἘκάτη
344 1848 379 1915 δὲ
398 1849 569 1927 πατάξασα
585 1856 633 1937 τῷ
647 1853 850 1938 δρακοντείῳ
868 1850 945 1916 ποδὶ
958 1847 1083 1914 τοῦδα-

70 1971 139 2030 φος
158 1947 290 2030 ἐποίησε
306 1944 415 2032 χάσμα
435 1949 662 2033 παμμέγεθες,
689 1945 807 2033 ἡλίκον
826 1945 1023 2031 ταρτάρειον
1044 1945 1080 2010 τὸ

70 2045 234 2129 μέγεθος·
258 2041 326 2110 εἶτα
342 2042 442 2134 ᾤχετο
457 2042 527 2131 μετ’
546 2041 661 2129 ὀλίγον
675 2043 841 2131 ἁλλομένη
857 2047 889 2122 ἐς
903 2041 996 2111 αὐτό.
1016 2040 1081 2129 έγώ

71 2143 110 2211 δέ
124 2142 299 2229 θαρσήσας
315 2144 463 2222 ἐπέκυψα
478 2143 662 2229 λαβόμενος
675 2146 819 2228 δένδρου
839 2139 929 2221 τινός
938 2147 1083 2228 ,πλησίον

71 2241 280 2326 πεφυκότος,
296 2236 340 2318 ῶς
351 2242 395 2326 μὴ
406 2239 659 2319 σκοτοδινιάσας
670 2244 842 2326 ἐμπέσοιμι
853 2241 905 2308 ἐπὶ
917 2238 1081 2324 κεφαλήν·

72 2338 142 2407 εἶτα
157 2340 273 2421 ἑώρων
289 2337 328 2406 τά
346 2342 382 2406 έν
395 2337 512 2406 ’Ἅιδου
527 2336 675 2426 ἅπαντα,
695 2339 756 2408 τόν
769 2342 1081 2425 Πυριφλεγέθοντα,

71 2435 136 2523 τὴν
152 2444 290 2524 λίμνην,
306 2434 366 2505 τόν
379 2440 571 2525 Κέρβερον,
588 2438 667 2517 τούς
685 2441 843 2524 νεκρούς,
862 2437 945 2506 ὥστε
959 2445 1082 2522 γνωρί-

73 2542 142 2617 ζειν
155 2538 264 2615 ένίους
278 2535 402 2605 αὐτῶν·
427 2535 486 2606 τόν
499 2545 584 2623 γοῦν
596 2542 721 2621 πατέρα
736 2537 825 2605 εἶδον
838 2536 982 2623 άκριβῶς
996 2534 1081 2603 αὐτὰ

72 2639 184 2703 ἐκεῖνα
201 2640 248 2702 ἔτι
263 2632 510 2723 ἀμπεχόμενον,
529 2640 566 2704 έν
581 2632 631 2715 οἷς
645 2635 750 2703 αὐτόν
764 2635 1012 2719 κατεθάψαμεν.
1043 2640 1087 2701 Τί

73 2734 110 2801 δέ
123 2740 294 2819 ἔπραττον,
307 2732 412 2805 ὁἼων
423 2742 499 2822 ἔφη,
517 2728 735 2820 ώΕάκρατες,
751 2740 788 2801 αί
796 2740 900 2820 ψυχαί
904 2762 914 2815 ;
940 2738 982 2799 Τί
990 2732 1082 2817 άλλο,

70 2827 94 2919 ἦ
111 2831 145 2900 δ’
161 2831 214 2914 ὅς,
238 2828 356 2919 ἢκατά
373 2843 463 2920 φῦλα
484 2838 538 2902 καὶ
554 2833 704 2920 φρήτρας
721 2829 885 2918 μετὰτῶν
903 2836 1012 2916 φίλων
1029 2833 1083 2897 καὶ

73 2939 250 3018 συγγενῶν
261 2936 490 3022 διατρίβουσιν
502 2936 555 3002 ἐπὶ
567 2941 628 2999 τοῦ
639 2931 830 3016 ἀσφοδέλου
842 2938 1080 3016 κατακείμενοι.

70 3029 345 3117 Ἀντιλεγέτωσαν
360 3026 424 3099 οὖν
440 3038 503 3118 ἔτι,
518 3025 583 3117 ἧδ’
596 3028 633 3110 ὃς
644 3028 763 3115 ὁἼων,
778 3034 813 3098 οί
824 3027 907 3115 άμφλ
924 3028 984 3096 τόν
996 3029 1083 3098 Ἐπί·
1097 3051 1134 3104 5⁴2

72 3157 201 3214 κονρον
214 3138 260 3218 τῷ
276 3135 356 3221 ἱερῷ
369 3132 527 3200 Πλάτωνι
544 3131 599 3197 καί
620 3137 666 3218 τῷ
681 3132 755 3210 περὶ
770 3136 837 3196 τῶν
851 3136 969 3215 ψυχῶν
983 3131 1082 3220 λόγῳ.

72 3229 117 3299 σὺ
132 3228 227 3317 δὲμὴ
244 3232 299 3297 καί
315 3230 374 3298 τὸν
384 3232 573 3316 Σωκράτην
589 3227 694 3297 αὐτόν
712 3233 766 3297 καὶ
781 3226 842 3296 τόν
855 3230 1021 3297 Πλάτωνα
1037 3229 1085 3297 εἱ-

73 3336 128 3409 δες
143 3336 180 3397 έν
195 3344 262 3407 τοῖς
273 3345 420 3414 νεκροῑςς
443 3328 513 3398 Τόν
524 3330 711 3414 Σωκράτην
723 3336 843 3415 ἔγωγε,
858 3321 922 3415 ἥδ’
937 3327 989 3414 ὅς,
1005 3328 1084 3397 οὐδὲ

71 3436 195 3498 τοῦτον
209 3434 341 3513 σαφῶς,
363 3425 446 3496 άλλά
468 3430 607 3508 εἰκάζων
628 3426 680 3495 ότι
698 3425 868 3513 φαλακρὸς
883 3431 937 3495 καὶ
954 3428 1087 3513 προγά-

73 3550 163 3615 στωρ
173 3520 234 3613 ἦν·
255 3523 315 3593 τόν
323 3526 491 3592 Πλάτωνα
502 3527 538 3594 δὲ
550 3525 612 3593 οὐκ
623 3526 802 3614 ἐγνώρισα·
821 3524 882 3613 χρὴ
895 3529 970 3612 γάρ,
982 3525 1083 3613 οἶμαι,
