2625 4092
249 318 312 381 356
603 320 909 380 AOYKIANOY

249 481 284 546 δὲ
299 477 360 547 οὐκ
374 478 528 566 ἤσκηται,
540 476 613 547 ἀλλ’
628 483 661 557 ές
671 476 785 545 ἀντίον
797 477 882 555 ἄπας
893 474 1130 546 ἀναπέπταται.
1154 481 1188 557 ές
1197 484 1247 562 μὲι·

250 570 300 643 ών
311 576 371 644 τδν
385 580 491 664 μέγαν
505 575 591 663 νηόν
607 578 728 654 πάντες
742 579 946 662 ἐσέρχονται,
968 579 1001 653 ές
1017 578 1054 644 δὲ
1070 574 1135 643 τδν
1149 578 1249 645 δείλα-

248 701 314 760 μον
328 680 362 743 οί
374 680 458 759 ίρέες
475 685 619 761 μοῦνον,
636 672 678 743 ού
693 679 806 758 μέντοι
822 675 942 751 πάντες
955 678 990 741 οί
1000 678 1104 759 ίρέες,
1126 670 1211 741 ἀλλὰ
1225 677 1249 740 ot

249 773 390 857 μα’λιστα
407 771 560 859 ἀγχίθεοί
577 776 614 839 τέ
626 778 689 839 είσι
705 773 760 839 καί
776 766 842 839 οἷσι
858 778 947 838 πᾶσα
961 774 995 849 ἐς
1008 768 1045 839 τύ
1069 769 1149 853 ιρδν
1165 772 1252 855 μέλε-

248 897 302 937 ται
316 878 493 955 θεραπηίη.
525 873 562 937 έν
576 868 612 936 δὲ
627 873 712 956 τῷδε
729 872 834 936 εἵαται
850 868 889 935 τὰ
905 871 997 954 ἕδεα,
1021 873 1041 955 η’
1056 894 1094 936 τε
1101 866 1191 953 Ἤρη
1207 870 1253 934 καὶ

249 966 309 1036 τδν
324 966 418 1036 αύτοὶ
433 976 500 1035 Δία
517 969 615 1037 ἐόντα
636 970 736 1055 έτέρφ
751 964 913 1052 οὐνόματι
928 972 1131 1054 κληίζουσιν.
1161 964 1254 1050 ἇμφο

179 1080 233 1137 478
251 1064 287 1133 δὲ
300 1066 438 1151 χρύσεοί
446 1068 483 1133 τέ
492 1072 553 1133 είσι
565 1065 619 1133 καὶ
631 1063 732 1150 ἄμφω
746 1066 887 1145 ἕζονται·
910 1062 995 1132 ἀλλὰ
1004 1062 1068 1150 τὴν
1079 1066 1143 1151 μὲν
1154 1061 1255 1147 Ἥρην

249 1164 378 1239 λέοντες
394 1165 574 1248 φέρουσιν,
596 1160 664 1230 ὁδί
679 1163 853 1246 ταύροισιν
867 1163 1022 1246 ἐφέζεται.
1049 1163 1107 1229 καί
1125 1166 1211 1246 δῆτα
1224 1159 1255 1228 τδ

248 1262 310 1347 μὲν
325 1270 386 1327 τού
401 1259 485 1339 Διὸς
500 1260 629 1347 ἄγαλμα
644 1264 678 1338 ές
691 1267 758 1328 Δία
771 1261 880 1327 πάντα
895 1258 958 1348 ὁρῇ
970 1263 1025 1328 καὶ
1039 1259 1200 1346 κεφαλὴν
1210 1262 1257 1327 καὶ

249 1362 363 1441 εἵματα
379 1362 434 1426 καὶ
456 1362 574 1445 ἕδρην,
598 1366 655 1426 καί
668 1386 727 1445 μιν
745 1355 823 1426 ούδὲ
838 1361 964 1427 ἐθέλων
980 1358 1091 1435 ἄλλως
1106 1359 1257 1435 εἰκάσεις.

247 1462 297 1523 32.
315 1483 336 1541 η
352 1455 387 1523 δὲ
398 1454 485 1541 Ἥρη
495 1461 674 1525 σκοπέοντί
683 1479 736 1524 σοι
751 1458 927 1526 πολυειδέα
941 1454 1080 1544 μορφὴν
1092 1460 1257 1542 ἐκφανέει·

247 1552 355 1621 καὶτὰ
371 1554 431 1638 μὲν
446 1557 619 1639 ξύμπαντα
633 1554 765 1640 ἀτρεκέϊ
775 1557 864 1646 λόγῳ
870 1555 956 1641 Ἥρη
971 1558 1077 1623 ἐστίν·
1100 1563 1173 1642 ἔχει
1184 1561 1223 1624 δέ
1231 1584 1258 1621 τι

247 1654 302 1719 καὶ
313 1649 493 1740 Ἀθηναίης
504 1658 558 1723 καὶ
570 1653 766 1740 Ἀφροδίτης
776 1658 830 1721 καὶ
839 1660 1026 1739 Σεληναίης
1037 1656 1094 1721 καί
1104 1652 1200 1739 Ῥέης
1210 1656 1257 1720 καί

244 1749 429 1837 Ἀρτέμιδος
442 1755 501 1820 καὶ
515 1755 680 1838 Νεμέσιος
703 1754 757 1820 καὶ
778 1755 949 1835 Μοιρέων.
979 1754 1063 1836 χειρὶ
1084 1751 1124 1820 δὲ
1144 1760 1187 1839 τῇ
1204 1752 1257 1837 μὲν

248 1852 342 1934 ἑτέρη
356 1858 525 1935 σκῆπτρον
545 1858 628 1937 ἔχει,
649 1858 690 1938 τῇ
709 1852 803 1937 ἑτέρη
817 1849 853 1918 δὲ
870 1848 1052 1933 ἄτρακτον,
1075 1851 1135 1917 καὶ
1155 1854 1257 1936 έπλτη
1291 1865 1292 1872 ’

249 1956 376 2035 κεφαλῇ
398 1944 532 2027 ἇκτῑνύς
554 1976 589 2016 τε
606 1952 720 2033 φορέει
740 1952 796 2015 καὶ
817 1946 948 2033 πύργον
969 1950 1024 2014 καὶ
1045 1948 1193 2035 κεστόν,
1216 1958 1255 2037 τῷ

247 2045 380 2129 μούνην
397 2044 457 2130 τὴν
472 2046 644 2133 Οὐρανίην
660 2051 871 2132 κοσμέουσιν.
894 2050 1055 2113 ἔκτοσθεν
1072 2049 1114 2113 δέ
1126 2051 1167 2115 οί
1180 2074 1255 2133 χρυ·

248 2141 305 2219 σός
319 2166 353 2208 τε
365 2140 463 2221 ἄλλος
478 2149 660 2226 περικέεται
670 2146 726 2211 καὶ
740 2150 830 2212 λίθοι
846 2144 950 2228 κύρια
962 2149 1182 2230 πολυτελέες,
1197 2152 1256 2212 τῶν

248 2243 283 2306 οί
291 2240 352 2324 μὲν
367 2247 490 2326 λευκοί,
509 2246 543 2309 οί
551 2241 587 2309 δὲ
602 2240 797 2326 ὑδατώδεες,
813 2244 929 2311 πολλοὶ
943 2244 979 2309 δὲ
992 2241 1166 2328 οἰνώδεες,
1182 2252 1255 2309 πολ-

247 2340 299 2404 λοί
319 2337 354 2403 δὲ
374 2340 552 2420 πυρώδεες.
585 2348 632 2408 ε”τι
648 2344 685 2408 δὲ
705 2337 822 2425 ὄνυχες
843 2345 877 2407 οί
890 2346 1046 2428 Σαρδῷοι
1063 2344 1190 2409 πολλοὶ
1211 2344 1255 2409 καὶ

247 2434 408 2504 ὑάκινθοι
421 2439 475 2505 καὶ
487 2442 690 2525 σμάραγδοι,
705 2436 744 2504 τὰ
762 2441 924 2524 φέρουσιν
935 2439 1118 2525 Αἰγύπτιοι
1133 2444 1193 2510 καί
1204 2439 1254 2510 Ἰν-

247 2538 300 2602 δοὶ
315 2537 369 2602 καὶ
383 2542 546 2616 Αίδίοπες
570 2542 623 2606 καὶ
637 2542 751 2623 Μῆδοι
769 2540 823 2606 καὶ
839 2536 1004 2623 Ἀρμένιοι
1021 2540 1079 2605 καί
1092 2542 1254 2628 Βαβυλώ-

247 2661 322 2701 νιοι.
350 2633 388 2702 τδ
406 2639 442 2703 δὲ
460 2633 499 2723 δὴ
515 2640 650 2723 μέζονος
664 2637 769 2723 λύγον
782 2634 892 2721 ἄξιον,
910 2642 1008 2703 τούτο
1025 2633 1253 2723 ἀπηγήσομαι·

247 2741 348 2802 λίθον
361 2738 413 2804 ἐπὶ
424 2744 463 2825 τῇ
479 2745 608 2826 κεφαλῇ
619 2740 749 2822 φορέει,
766 2738 879 2820 λυχνὶς
892 2736 1061 2819 καλέεται,
1077 2733 1254 2822 ούνομαδε

247 2836 281 2899 οί
289 2840 349 2899 τοῦ
361 2838 461 2919 ἔργον
473 2833 674 2921 ἡσνντυχίη.
698 2832 763 2902 ύπδ
777 2833 898 2900 τούτου
909 2836 947 2901 ἐν
956 2837 1052 2901 νυκτί
1065 2836 1172 2915 σέλας
1181 2845 1254 2903 πολ·

248 2928 309 2997 λδν
329 2930 572 3017 ἀπολάμπεται.
596 2930 661 3001 ύπὸ
684 2937 724 3001 δέ
735 2938 770 3001 οί
781 2936 836 3000 καί
857 2930 874 2999 ὁ
893 2931 973 3018 νηδς
994 2931 1084 3011 ἅπας
1099 2930 1181 3003 οἷον
1196 2932 1253 3001 διὸ

179 3040 230 3096 479
248 3032 400 3115 λύχνοισι
411 3040 596 3115 φαείνεται·
619 3036 656 3101 ἐν
669 3031 774 3120 ἡμέρη
785 3032 821 3100 δὲ
834 3031 871 3099 τδ
882 3034 945 3117 μὲν
956 3034 1081 3118 φέγγος
1092 3030 1253 3101 ἀσθενέει,

247 3133 339 3216 ἰδέην
355 3132 391 3199 δὲ
403 3138 467 3215 ἔχει
479 3133 583 3215 κύρτα
600 3133 767 3214 πυρώδεα.
790 3129 936 3197 καὶᾶλλο
947 3133 1163 3214 θωυμαστόν
1172 3135 1254 3199 ἐστιν

247 3232 283 3295 ἐν
303 3239 348 3319 τῷ
370 3230 494 3319 ξοάνῳ·
525 3228 568 3316 ἦν
584 3229 701 3309 ἑστεώς
722 3228 834 3308 ύντίος
847 3232 996 3316 ἐσορέῃς,
1019 3232 1052 3307 ές
1070 3232 1108 3298 σὲ
1125 3230 1192 3320 ὁρῇ
1206 3230 1252 3299 καὶ

247 3334 477 3411 μεταβαίνοντι
494 3326 531 3393 τδ
549 3333 678 3415 βλέμμα
695 3328 910 3410 ἀκολουθέει,
931 3330 987 3395 καὶ
1006 3323 1048 3413 ἢν
1071 3326 1178 3409 ἄλλος
1191 3331 1251 3398 ἑτέ-

248 3436 361 3507 ρωθεν
381 3427 511 3513 ἐσορέη,
535 3437 589 3494 ίσα
610 3432 665 3495 καὶ
680 3431 712 3506 ἐς
728 3431 857 3496 ἐκεῖνον
871 3429 1017 3494 ἐκτελέει.
1040 3430 1094 3493 33.
1114 3432 1156 3494 ἐν
1170 3431 1251 3517 μέσμ

248 3526 283 3589 δὲ
298 3520 496 3607 ἀμφοτέρων
512 3526 626 3610 ἕστηκε
642 3526 763 3605 ξόανον
777 3525 860 3595 ἄλλο
875 3526 1020 3611 χρύσεον
1033 3521 1174 3613 οὐδαμὰ
1191 3538 1248 3595 τοι
