<?xml version="1.0" encoding="UTF-8"?>
<!DOCTYPE html PUBLIC "-//W3C//DTD XHTML 1.0 Transitional//EN"
    "http://www.w3.org/TR/xhtml1/DTD/xhtml1-transitional.dtd">
<html xmlns="http://www.w3.org/1999/xhtml" xml:lang="en" lang="en">
 <head>
  <title>
</title>
<meta http-equiv="Content-Type" content="text/html;charset=utf-8" />
  <meta name='ocr-system' content='tesseract 3.04.00' />
  <meta name='ocr-capabilities' content='ocr_page ocr_carea ocr_par ocr_line ocrx_word'/>
</head>
<body>
  <div class='ocr_page' id='page_1' title='image "./lucianisamosate04jacogoog/lucianisamosate04jacogoog_0247.png"; bbox 0 0 2625 4092; ppageno 0'>
   <div class='ocr_carea' id='block_1_1' title="bbox 236 263 1099 375">
    <p class='ocr_par' dir='ltr' id='par_1_1' title="bbox 236 263 1099 375">
     <span class='ocr_line' id='line_1_1' title="bbox 236 263 1099 375; baseline 0.009 -22"><span class='ocrx_word' id='word_1_1' title='bbox 236 263 246 284; x_wconf 83' lang='lat'><strong><em>‘</em></strong></span> <span class='ocrx_word' id='word_1_2' title='bbox 360 344 362 347; x_wconf 95' lang='lat'>.</span> <span class='ocrx_word' id='word_1_3' title='bbox 395 299 629 355; x_wconf 74' lang='grc' dir='ltr'><strong><em>ντεννον</em></strong></span> <span class='ocrx_word' id='word_1_4' title='bbox 648 297 810 375; x_wconf 79' lang='grc' dir='ltr'><strong><em>οιιιον.</em></strong></span> <span class='ocrx_word' id='word_1_5' title='bbox 1041 301 1099 362; x_wconf 79' lang='lat'><strong><em>191</em></strong></span> 
     </span>
    </p>
   </div>
   <div class='ocr_carea' id='block_1_2' title="bbox 81 452 1165 3581">
    <p class='ocr_par' dir='ltr' id='par_1_2' title="bbox 81 452 1165 3581">
     <span class='ocr_line' id='line_1_2' title="bbox 97 452 1101 544; baseline 0.004 -23"><span class='ocrx_word' id='word_1_6' title='bbox 97 452 161 539; x_wconf 79' lang='grc' dir='ltr'><strong><em>μέν</em></strong></span> <span class='ocrx_word' id='word_1_7' title='bbox 178 461 398 541; x_wconf 84' lang='grc' dir='ltr'><strong><em>προδείκνυσι</em></strong></span> <span class='ocrx_word' id='word_1_8' title='bbox 408 455 470 541; x_wconf 84' lang='grc' dir='ltr'><strong><em>τήν</em></strong></span> <span class='ocrx_word' id='word_1_9' title='bbox 484 457 653 540; x_wconf 81' lang='grc' dir='ltr'><em>Γοργόνα,</em></span> <span class='ocrx_word' id='word_1_10' title='bbox 676 463 715 544; x_wconf 79' lang='grc' dir='ltr'><strong><em>τη</em></strong></span> <span class='ocrx_word' id='word_1_11' title='bbox 733 460 822 544; x_wconf 77' lang='grc' dir='ltr'><strong><em>δεξιᾷ</em></strong></span> <span class='ocrx_word' id='word_1_12' title='bbox 844 461 879 524; x_wconf 76' lang='grc' dir='ltr'><strong><em>δέ</em></strong></span> <span class='ocrx_word' id='word_1_13' title='bbox 895 469 1101 527; x_wconf 79' lang='grc' dir='ltr'><strong><em>καθικνεῖται</em></strong></span> 
     </span>
     <span class='ocr_line' id='line_1_3' title="bbox 98 552 1100 641; baseline 0.003 -22"><span class='ocrx_word' id='word_1_14' title='bbox 98 561 145 640; x_wconf 74' lang='grc' dir='ltr'><strong><em>τῷ</em></strong></span> <span class='ocrx_word' id='word_1_15' title='bbox 160 558 259 638; x_wconf 83' lang='grc' dir='ltr'><strong><em>ξίφει·</em></strong></span> <span class='ocrx_word' id='word_1_16' title='bbox 289 556 342 621; x_wconf 82' lang='grc' dir='ltr'><strong><em>καὶ</em></strong></span> <span class='ocrx_word' id='word_1_17' title='bbox 359 552 395 620; x_wconf 86' lang='grc' dir='ltr'><strong><em>τῦ</em></strong></span> <span class='ocrx_word' id='word_1_18' title='bbox 418 552 479 638; x_wconf 76' lang='grc' dir='ltr'><strong><em>μέν</em></strong></span> <span class='ocrx_word' id='word_1_19' title='bbox 495 553 576 620; x_wconf 82' lang='grc' dir='ltr'><strong><em>ὅσον</em></strong></span> <span class='ocrx_word' id='word_1_20' title='bbox 592 561 652 619; x_wconf 88' lang='grc' dir='ltr'><strong><em>τοῦ</em></strong></span> <span class='ocrx_word' id='word_1_21' title='bbox 668 553 788 638; x_wconf 79' lang='grc' dir='ltr'><strong><em>κήτους</em></strong></span> <span class='ocrx_word' id='word_1_22' title='bbox 803 552 876 621; x_wconf 79' lang='grc' dir='ltr'><strong><em>εἶδε</em></strong></span> <span class='ocrx_word' id='word_1_23' title='bbox 887 558 947 641; x_wconf 88' lang='grc' dir='ltr'><strong><em>τήν</em></strong></span> <span class='ocrx_word' id='word_1_24' title='bbox 963 561 1100 624; x_wconf 86' lang='grc' dir='ltr'><strong><em>Μέδου-</em></strong></span> 
     </span>
     <span class='ocr_line' id='line_1_4' title="bbox 98 649 1100 742; baseline 0.006 -27"><span class='ocrx_word' id='word_1_25' title='bbox 98 671 179 729; x_wconf 93' lang='grc' dir='ltr'><strong><em>σαν,</em></strong></span> <span class='ocrx_word' id='word_1_26' title='bbox 193 650 256 737; x_wconf 85' lang='grc' dir='ltr'><strong><em>ήδη</em></strong></span> <span class='ocrx_word' id='word_1_27' title='bbox 270 659 365 730; x_wconf 85' lang='grc' dir='ltr'><strong><em>λίθος</em></strong></span> <span class='ocrx_word' id='word_1_28' title='bbox 379 653 463 735; x_wconf 85' lang='grc' dir='ltr'><strong><em>ἐστί,</em></strong></span> <span class='ocrx_word' id='word_1_29' title='bbox 478 649 514 718; x_wconf 87' lang='grc' dir='ltr'><strong><em>τό</em></strong></span> <span class='ocrx_word' id='word_1_30' title='bbox 531 650 562 716; x_wconf 92' lang='grc' dir='ltr'><strong><em>δ’</em></strong></span> <span class='ocrx_word' id='word_1_31' title='bbox 579 649 661 717; x_wconf 83' lang='grc' dir='ltr'><strong><em>ὅσον</em></strong></span> <span class='ocrx_word' id='word_1_32' title='bbox 676 656 825 736; x_wconf 76' lang='grc' dir='ltr'><strong><em>ἔμψυχον</em></strong></span> <span class='ocrx_word' id='word_1_33' title='bbox 836 655 944 739; x_wconf 90' lang='grc' dir='ltr'><strong><em>μένει,</em></strong></span> <span class='ocrx_word' id='word_1_34' title='bbox 959 660 999 742; x_wconf 80' lang='grc' dir='ltr'><strong><em>τῇ</em></strong></span> <span class='ocrx_word' id='word_1_35' title='bbox 1010 653 1100 742; x_wconf 78' lang='grc' dir='ltr'><strong><em>ἅρπη</em></strong></span> 
     </span>
     <span class='ocr_line' id='line_1_5' title="bbox 96 745 1099 837; baseline 0.006 -24"><span class='ocrx_word' id='word_1_36' title='bbox 96 750 260 815; x_wconf 81' lang='grc' dir='ltr'><strong><em>κόπτεται.</em></strong></span> <span class='ocrx_word' id='word_1_37' title='bbox 278 755 327 816; x_wconf 75' lang='lat'><strong><em>23.</em></strong></span> <span class='ocrx_word' id='word_1_38' title='bbox 342 751 412 834; x_wconf 80' lang='grc' dir='ltr'><strong><em>ἑξῆς</em></strong></span> <span class='ocrx_word' id='word_1_39' title='bbox 423 750 458 815; x_wconf 78' lang='grc' dir='ltr'><strong><em>δέ</em></strong></span> <span class='ocrx_word' id='word_1_40' title='bbox 469 745 550 832; x_wconf 79' lang='grc' dir='ltr'><strong><em>μετὰ</em></strong></span> <span class='ocrx_word' id='word_1_41' title='bbox 562 747 661 831; x_wconf 90' lang='grc' dir='ltr'><strong><em>τήνδε</em></strong></span> <span class='ocrx_word' id='word_1_42' title='bbox 671 747 732 834; x_wconf 80' lang='grc' dir='ltr'><strong><em>τὴν</em></strong></span> <span class='ocrx_word' id='word_1_43' title='bbox 744 749 856 816; x_wconf 80' lang='grc' dir='ltr'><strong><em>εἰκόνα</em></strong></span> <span class='ocrx_word' id='word_1_44' title='bbox 865 752 979 836; x_wconf 81' lang='grc' dir='ltr'><strong><em>ἕτερον</em></strong></span> <span class='ocrx_word' id='word_1_45' title='bbox 990 756 1099 837; x_wconf 77' lang='grc' dir='ltr'><strong><em>δρᾶμα</em></strong></span> 
     </span>
     <span class='ocr_line' id='line_1_6' title="bbox 95 837 1095 931; baseline 0.001 -19"><span class='ocrx_word' id='word_1_46' title='bbox 95 848 276 930; x_wconf 90' lang='grc' dir='ltr'><strong><em>γέγραπται</em></strong></span> <span class='ocrx_word' id='word_1_47' title='bbox 287 847 513 930; x_wconf 72' lang='grc' dir='ltr'><strong><em>δικαιότατον,</em></strong></span> <span class='ocrx_word' id='word_1_48' title='bbox 527 837 569 911; x_wconf 83' lang='grc' dir='ltr'><strong><em>οὗ</em></strong></span> <span class='ocrx_word' id='word_1_49' title='bbox 580 842 616 910; x_wconf 85' lang='grc' dir='ltr'><strong><em>τό</em></strong></span> <span class='ocrx_word' id='word_1_50' title='bbox 630 843 815 928; x_wconf 76' lang='grc' dir='ltr'><strong><em>ἀρχέτυπον</em></strong></span> <span class='ocrx_word' id='word_1_51' title='bbox 826 843 843 912; x_wconf 92' lang='grc' dir='ltr'>ὁ</span> <span class='ocrx_word' id='word_1_52' title='bbox 856 845 1006 931; x_wconf 84' lang='grc' dir='ltr'><strong><em>γραφεύς</em></strong></span> <span class='ocrx_word' id='word_1_53' title='bbox 1017 846 1095 928; x_wconf 86' lang='grc' dir='ltr'><strong><em>παρ’</em></strong></span> 
     </span>
     <span class='ocr_line' id='line_1_7' title="bbox 95 939 1096 1032; baseline -0.001 -21"><span class='ocrx_word' id='word_1_54' title='bbox 95 942 282 1024; x_wconf 77' lang='grc' dir='ltr'><strong><em>Εὐριπίδου</em></strong></span> <span class='ocrx_word' id='word_1_55' title='bbox 295 939 317 1029; x_wconf 85' lang='grc' dir='ltr'><strong><em>ή</em></strong></span> <span class='ocrx_word' id='word_1_56' title='bbox 331 946 548 1028; x_wconf 82' lang='grc' dir='ltr'><strong><em>Σοφοκλέους</em></strong></span> <span class='ocrx_word' id='word_1_57' title='bbox 564 947 657 1009; x_wconf 81' lang='grc' dir='ltr'><strong><em>δοκεῖ</em></strong></span> <span class='ocrx_word' id='word_1_58' title='bbox 669 967 725 1027; x_wconf 93' lang='grc' dir='ltr'><strong><em>μοι</em></strong></span> <span class='ocrx_word' id='word_1_59' title='bbox 741 949 870 1028; x_wconf 84' lang='grc' dir='ltr'><strong><em>λαβεῖν·</em></strong></span> <span class='ocrx_word' id='word_1_60' title='bbox 893 945 1014 1011; x_wconf 77' lang='grc' dir='ltr'><strong><em>ἐκείνοι</em></strong></span> <span class='ocrx_word' id='word_1_61' title='bbox 1031 944 1096 1032; x_wconf 77' lang='grc' dir='ltr'><strong><em>γὰρ</em></strong></span> 
     </span>
     <span class='ocr_line' id='line_1_8' title="bbox 96 1037 1165 1126; baseline 0.006 -20"><span class='ocrx_word' id='word_1_62' title='bbox 96 1040 215 1125; x_wconf 81' lang='grc' dir='ltr'><strong><em>ὁμοίαν</em></strong></span> <span class='ocrx_word' id='word_1_63' title='bbox 229 1041 418 1126; x_wconf 78' lang='grc' dir='ltr'><strong><em>έγραφιίτην</em></strong></span> <span class='ocrx_word' id='word_1_64' title='bbox 438 1040 561 1108; x_wconf 80' lang='grc' dir='ltr'><strong><em>εἰκόνα.</em></strong></span> <span class='ocrx_word' id='word_1_65' title='bbox 588 1037 634 1105; x_wconf 77' lang='grc' dir='ltr'><strong><em>τῦ</em></strong></span> <span class='ocrx_word' id='word_1_66' title='bbox 650 1047 765 1106; x_wconf 88' lang='grc' dir='ltr'><strong><em>νεανία</em></strong></span> <span class='ocrx_word' id='word_1_67' title='bbox 779 1039 825 1107; x_wconf 77' lang='grc' dir='ltr'><strong><em>τότ</em></strong></span> <span class='ocrx_word' id='word_1_68' title='bbox 847 1042 963 1125; x_wconf 83' lang='grc' dir='ltr'><strong><em>ἑταίρω</em></strong></span> <span class='ocrx_word' id='word_1_69' title='bbox 979 1045 1094 1111; x_wconf 78' lang='grc' dir='ltr'><strong><em>Πυλαί-</em></strong></span> <span class='ocrx_word' id='word_1_70' title='bbox 1114 1061 1165 1112; x_wconf 69' lang='lat'><strong><em>204</em></strong></span> 
     </span>
     <span class='ocr_line' id='line_1_9' title="bbox 95 1131 1096 1223; baseline 0.004 -20"><span class='ocrx_word' id='word_1_71' title='bbox 95 1144 155 1222; x_wconf 83' lang='grc' dir='ltr'><strong><em>δης</em></strong></span> <span class='ocrx_word' id='word_1_72' title='bbox 164 1164 199 1204; x_wconf 91' lang='grc' dir='ltr'><strong><em>τε</em></strong></span> <span class='ocrx_word' id='word_1_73' title='bbox 209 1135 226 1203; x_wconf 93' lang='grc' dir='ltr'>ὁ</span> <span class='ocrx_word' id='word_1_74' title='bbox 237 1136 373 1215; x_wconf 83' lang='grc' dir='ltr'><strong><em>Φωκεύς</em></strong></span> <span class='ocrx_word' id='word_1_75' title='bbox 384 1139 436 1204; x_wconf 82' lang='grc' dir='ltr'><strong><em>καὶ</em></strong></span> <span class='ocrx_word' id='word_1_76' title='bbox 449 1135 599 1222; x_wconf 89' lang='grc' dir='ltr'><strong><em>Ὀρέστης</em></strong></span> <span class='ocrx_word' id='word_1_77' title='bbox 608 1140 719 1204; x_wconf 80' lang='grc' dir='ltr'><strong><em>δοκῶν</em></strong></span> <span class='ocrx_word' id='word_1_78' title='bbox 728 1136 791 1222; x_wconf 84' lang='grc' dir='ltr'><strong><em>ήδη</em></strong></span> <span class='ocrx_word' id='word_1_79' title='bbox 801 1131 961 1207; x_wconf 76' lang='grc' dir='ltr'><strong><em>τεθνάναι</em></strong></span> <span class='ocrx_word' id='word_1_80' title='bbox 972 1149 1096 1223; x_wconf 87' lang='grc' dir='ltr'><strong><em>παρελ-</em></strong></span> 
     </span>
     <span class='ocr_line' id='line_1_10' title="bbox 94 1234 1095 1322; baseline 0.001 -21"><span class='ocrx_word' id='word_1_81' title='bbox 94 1237 196 1303; x_wconf 88' lang='grc' dir='ltr'><strong><em>θόντε</em></strong></span> <span class='ocrx_word' id='word_1_82' title='bbox 219 1234 259 1302; x_wconf 75' lang='grc' dir='ltr'><strong><em>τοι</em></strong></span> <span class='ocrx_word' id='word_1_83' title='bbox 279 1243 428 1321; x_wconf 85' lang='grc' dir='ltr'><strong><em>βασίλεια</em></strong></span> <span class='ocrx_word' id='word_1_84' title='bbox 449 1237 503 1303; x_wconf 80' lang='grc' dir='ltr'><strong><em>καί</em></strong></span> <span class='ocrx_word' id='word_1_85' title='bbox 522 1234 668 1302; x_wconf 86' lang='grc' dir='ltr'><strong><em>λαθόντε</em></strong></span> <span class='ocrx_word' id='word_1_86' title='bbox 689 1236 895 1318; x_wconf 82' lang='grc' dir='ltr'><strong><em>φονεύουσιν</em></strong></span> <span class='ocrx_word' id='word_1_87' title='bbox 915 1235 1015 1322; x_wconf 77' lang='grc' dir='ltr'><strong><em>όίμφοτ</em></strong></span> <span class='ocrx_word' id='word_1_88' title='bbox 1035 1237 1095 1302; x_wconf 85' lang='grc' dir='ltr'><strong><em>τὸν</em></strong></span> 
     </span>
     <span class='ocr_line' id='line_1_11' title="bbox 93 1331 1090 1421; baseline -0.002 -19"><span class='ocrx_word' id='word_1_89' title='bbox 93 1343 277 1419; x_wconf 71' lang='grc' dir='ltr'><strong><em>Αἴγισθον·</em></strong></span> <span class='ocrx_word' id='word_1_90' title='bbox 304 1331 325 1421; x_wconf 88' lang='grc' dir='ltr'><strong><em>ή</em></strong></span> <span class='ocrx_word' id='word_1_91' title='bbox 346 1337 382 1401; x_wconf 75' lang='grc' dir='ltr'><strong><em>δὲ</em></strong></span> <span class='ocrx_word' id='word_1_92' title='bbox 404 1336 682 1419; x_wconf 76' lang='grc' dir='ltr'><strong><em>Κλυταιμνήστρα</em></strong></span> <span class='ocrx_word' id='word_1_93' title='bbox 701 1332 764 1418; x_wconf 88' lang='grc' dir='ltr'><strong><em>ήδη</em></strong></span> <span class='ocrx_word' id='word_1_94' title='bbox 786 1331 947 1420; x_wconf 85' lang='grc' dir='ltr'><strong><em>ἀνήρηται</em></strong></span> <span class='ocrx_word' id='word_1_95' title='bbox 965 1339 1020 1404; x_wconf 81' lang='grc' dir='ltr'><strong><em>καὶ</em></strong></span> <span class='ocrx_word' id='word_1_96' title='bbox 1041 1335 1090 1402; x_wconf 76' lang='grc' dir='ltr'><strong><em>ἐπ’</em></strong></span> 
     </span>
     <span class='ocr_line' id='line_1_12' title="bbox 93 1429 1094 1518; baseline 0.003 -20"><span class='ocrx_word' id='word_1_97' title='bbox 93 1429 194 1518; x_wconf 80' lang='grc' dir='ltr'><strong><em>εὐνῆς</em></strong></span> <span class='ocrx_word' id='word_1_98' title='bbox 208 1458 297 1509; x_wconf 91' lang='grc' dir='ltr'><strong><em>τινος</em></strong></span> <span class='ocrx_word' id='word_1_99' title='bbox 308 1429 493 1517; x_wconf 78' lang='grc' dir='ltr'><strong><em>ἡμίγυμνος</em></strong></span> <span class='ocrx_word' id='word_1_100' title='bbox 503 1430 675 1514; x_wconf 89' lang='grc' dir='ltr'><strong><em>πρόκειται</em></strong></span> <span class='ocrx_word' id='word_1_101' title='bbox 689 1433 744 1500; x_wconf 81' lang='grc' dir='ltr'><strong><em>καὶ</em></strong></span> <span class='ocrx_word' id='word_1_102' title='bbox 758 1439 920 1515; x_wconf 77' lang='grc' dir='ltr'><strong><em>θεραπεία</em></strong></span> <span class='ocrx_word' id='word_1_103' title='bbox 935 1439 1024 1499; x_wconf 83' lang='grc' dir='ltr'><strong><em>πᾶσα</em></strong></span> <span class='ocrx_word' id='word_1_104' title='bbox 1039 1436 1055 1501; x_wconf 83' lang='grc' dir='ltr'><strong><em>έ</em></strong></span> <span class='ocrx_word' id='word_1_105' title='bbox 1074 1473 1094 1486; x_wconf 90' lang='grc'>·</span> 
     </span>
     <span class='ocr_line' id='line_1_13' title="bbox 92 1527 1093 1614; baseline 0.003 -19"><span class='ocrx_word' id='word_1_106' title='bbox 92 1531 316 1614; x_wconf 76' lang='grc' dir='ltr'><strong><em>πεπληγμένοι</em></strong></span> <span class='ocrx_word' id='word_1_107' title='bbox 332 1527 368 1595; x_wconf 85' lang='grc' dir='ltr'><strong><em>τὸ</em></strong></span> <span class='ocrx_word' id='word_1_108' title='bbox 384 1534 482 1613; x_wconf 80' lang='grc' dir='ltr'><strong><em>ἔργον</em></strong></span> <span class='ocrx_word' id='word_1_109' title='bbox 499 1533 533 1595; x_wconf 87' lang='grc' dir='ltr'><strong><em>οί</em></strong></span> <span class='ocrx_word' id='word_1_110' title='bbox 547 1527 608 1612; x_wconf 76' lang='grc' dir='ltr'><strong><em>μέν</em></strong></span> <span class='ocrx_word' id='word_1_111' title='bbox 623 1527 733 1614; x_wconf 70' lang='grc' dir='ltr'><strong><em>οἵσπερ</em></strong></span> <span class='ocrx_word' id='word_1_112' title='bbox 748 1536 887 1614; x_wconf 79' lang='grc' dir='ltr'><strong><em>βοῶσιν,</em></strong></span> <span class='ocrx_word' id='word_1_113' title='bbox 909 1534 943 1598; x_wconf 77' lang='lat' dir='ltr'><strong><em>oc</em></strong></span> <span class='ocrx_word' id='word_1_114' title='bbox 955 1535 993 1600; x_wconf 89' lang='grc' dir='ltr'><strong><em>δέ</em></strong></span> <span class='ocrx_word' id='word_1_115' title='bbox 1005 1557 1093 1610; x_wconf 89' lang='grc' dir='ltr'><strong><em>τινες</em></strong></span> 
     </span>
     <span class='ocr_line' id='line_1_14' title="bbox 92 1625 1092 1714; baseline 0.002 -19"><span class='ocrx_word' id='word_1_116' title='bbox 92 1625 158 1713; x_wconf 85' lang='grc' dir='ltr'><strong><em>ὅπη</em></strong></span> <span class='ocrx_word' id='word_1_117' title='bbox 171 1627 304 1712; x_wconf 87' lang='grc' dir='ltr'><strong><em>φύγωσι</em></strong></span> <span class='ocrx_word' id='word_1_118' title='bbox 318 1631 562 1714; x_wconf 80' lang='grc' dir='ltr'><strong><em>περιβλέπουσι.</em></strong></span> <span class='ocrx_word' id='word_1_119' title='bbox 586 1625 712 1712; x_wconf 87' lang='grc' dir='ltr'><strong><em>σεμνόν</em></strong></span> <span class='ocrx_word' id='word_1_120' title='bbox 726 1631 765 1694; x_wconf 90' lang='grc' dir='ltr'><strong><em>δέ</em></strong></span> <span class='ocrx_word' id='word_1_121' title='bbox 777 1655 808 1694; x_wconf 92' lang='grc' dir='ltr'><strong><em>τι</em></strong></span> <span class='ocrx_word' id='word_1_122' title='bbox 823 1627 840 1694; x_wconf 91' lang='grc' dir='ltr'>ὁ</span> <span class='ocrx_word' id='word_1_123' title='bbox 855 1627 1004 1714; x_wconf 81' lang='grc' dir='ltr'><strong><em>γραφεύς</em></strong></span> <span class='ocrx_word' id='word_1_124' title='bbox 1015 1633 1092 1697; x_wconf 89' lang='grc' dir='ltr'><strong><em>έπε-</em></strong></span> 
     </span>
     <span class='ocr_line' id='line_1_15' title="bbox 91 1723 1091 1813; baseline 0.002 -22"><span class='ocrx_word' id='word_1_125' title='bbox 91 1726 194 1811; x_wconf 91' lang='grc' dir='ltr'><strong><em>νόησε</em></strong></span> <span class='ocrx_word' id='word_1_126' title='bbox 203 1723 239 1793; x_wconf 86' lang='grc' dir='ltr'><strong><em>τό</em></strong></span> <span class='ocrx_word' id='word_1_127' title='bbox 251 1727 312 1812; x_wconf 74' lang='grc' dir='ltr'><strong><em>μὲν</em></strong></span> <span class='ocrx_word' id='word_1_128' title='bbox 320 1724 435 1813; x_wconf 75' lang='grc' dir='ltr'><strong><em>ἀσεβὲς</em></strong></span> <span class='ocrx_word' id='word_1_129' title='bbox 446 1733 503 1809; x_wconf 80' lang='grc' dir='ltr'><strong><em>τῆς</em></strong></span> <span class='ocrx_word' id='word_1_130' title='bbox 514 1726 742 1811; x_wconf 84' lang='grc' dir='ltr'><strong><em>ἐπιχειρήσεως</em></strong></span> <span class='ocrx_word' id='word_1_131' title='bbox 752 1729 858 1805; x_wconf 81' lang='grc' dir='ltr'><strong><em>δείξας</em></strong></span> <span class='ocrx_word' id='word_1_132' title='bbox 869 1727 974 1811; x_wconf 88' lang='grc' dir='ltr'><strong><em>μόνον</em></strong></span> <span class='ocrx_word' id='word_1_133' title='bbox 984 1730 1037 1796; x_wconf 79' lang='grc' dir='ltr'><strong><em>καὶ</em></strong></span> <span class='ocrx_word' id='word_1_134' title='bbox 1047 1725 1091 1804; x_wconf 72' lang='grc' dir='ltr'><strong><em>ὥς</em></strong></span> 
     </span>
     <span class='ocr_line' id='line_1_16' title="bbox 89 1821 1089 1909; baseline 0.001 -20"><span class='ocrx_word' id='word_1_135' title='bbox 89 1821 154 1909; x_wconf 80' lang='grc' dir='ltr'><strong><em>ἤδη</em></strong></span> <span class='ocrx_word' id='word_1_136' title='bbox 169 1825 401 1909; x_wconf 89' lang='grc' dir='ltr'><strong><em>πεπραγμένον</em></strong></span> <span class='ocrx_word' id='word_1_137' title='bbox 417 1823 661 1908; x_wconf 78' lang='grc' dir='ltr'><strong><em>παραδραμών,</em></strong></span> <span class='ocrx_word' id='word_1_138' title='bbox 679 1822 948 1909; x_wconf 80' lang='grc' dir='ltr'><strong><em>ἐμβραδύνοντας</em></strong></span> <span class='ocrx_word' id='word_1_139' title='bbox 964 1824 1000 1890; x_wconf 77' lang='grc' dir='ltr'><strong><em>δέ</em></strong></span> <span class='ocrx_word' id='word_1_140' title='bbox 1013 1821 1089 1901; x_wconf 85' lang='grc' dir='ltr'><strong><em>τοῦς</em></strong></span> 
     </span>
     <span class='ocr_line' id='line_1_17' title="bbox 90 1917 1089 2008; baseline 0.001 -24"><span class='ocrx_word' id='word_1_141' title='bbox 90 1927 285 1997; x_wconf 90' lang='grc' dir='ltr'><strong><em>νεανίσκους</em></strong></span> <span class='ocrx_word' id='word_1_142' title='bbox 302 1920 525 2005; x_wconf 81' lang='grc' dir='ltr'><strong><em>ἐργασόμενος</em></strong></span> <span class='ocrx_word' id='word_1_143' title='bbox 537 1926 582 2006; x_wconf 77' lang='grc' dir='ltr'><strong><em>τῷ</em></strong></span> <span class='ocrx_word' id='word_1_144' title='bbox 601 1924 662 1984; x_wconf 92' lang='grc' dir='ltr'><strong><em>τοῦ</em></strong></span> <span class='ocrx_word' id='word_1_145' title='bbox 679 1925 796 2003; x_wconf 84' lang='grc' dir='ltr'><strong><em>μοιχοῦ</em></strong></span> <span class='ocrx_word' id='word_1_146' title='bbox 815 1918 919 2008; x_wconf 86' lang='grc' dir='ltr'><strong><em>φόνφ.</em></strong></span> <span class='ocrx_word' id='word_1_147' title='bbox 942 1925 992 1986; x_wconf 74' lang='lat'><strong><em>24.</em></strong></span> <span class='ocrx_word' id='word_1_148' title='bbox 1009 1917 1089 2005; x_wconf 82' lang='grc' dir='ltr'><strong><em>μετὰ</em></strong></span> 
     </span>
     <span class='ocr_line' id='line_1_18' title="bbox 90 2014 1089 2101; baseline -0.001 -17"><span class='ocrx_word' id='word_1_149' title='bbox 90 2020 126 2085; x_wconf 75' lang='grc' dir='ltr'><strong><em>δὲ</em></strong></span> <span class='ocrx_word' id='word_1_150' title='bbox 147 2023 245 2084; x_wconf 87' lang='grc' dir='ltr'><strong><em>τοῦτο</em></strong></span> <span class='ocrx_word' id='word_1_151' title='bbox 272 2017 352 2094; x_wconf 91' lang='grc' dir='ltr'><strong><em>θεός</em></strong></span> <span class='ocrx_word' id='word_1_152' title='bbox 373 2020 461 2084; x_wconf 81' lang='grc' dir='ltr'><strong><em>ἐστιν</em></strong></span> <span class='ocrx_word' id='word_1_153' title='bbox 484 2014 652 2101; x_wconf 80' lang='grc' dir='ltr'><strong><em>εὔμορφος</em></strong></span> <span class='ocrx_word' id='word_1_154' title='bbox 678 2017 732 2083; x_wconf 79' lang='grc' dir='ltr'><strong><em>καί</em></strong></span> <span class='ocrx_word' id='word_1_155' title='bbox 757 2016 929 2099; x_wconf 78' lang='grc' dir='ltr'><strong><em>μειράκιον</em></strong></span> <span class='ocrx_word' id='word_1_156' title='bbox 957 2014 1089 2101; x_wconf 80' lang='grc' dir='ltr'><strong><em>ὡραῖον,</em></strong></span> 
     </span>
     <span class='ocr_line' id='line_1_19' title="bbox 89 2112 1089 2202; baseline -0.002 -18"><span class='ocrx_word' id='word_1_157' title='bbox 89 2115 228 2201; x_wconf 75' lang='grc' dir='ltr'><strong><em>ἐρωτική</em></strong></span> <span class='ocrx_word' id='word_1_158' title='bbox 243 2141 291 2192; x_wconf 89' lang='grc' dir='ltr'><strong><em>τις</em></strong></span> <span class='ocrx_word' id='word_1_159' title='bbox 307 2117 440 2182; x_wconf 86' lang='grc' dir='ltr'><strong><em>παιδιαί·</em></strong></span> <span class='ocrx_word' id='word_1_160' title='bbox 468 2112 650 2200; x_wconf 83' lang='grc' dir='ltr'><strong><em>ὁΒρύγχος</em></strong></span> <span class='ocrx_word' id='word_1_161' title='bbox 665 2117 716 2180; x_wconf 79' lang='grc' dir='ltr'><strong><em>ἐπὶ</em></strong></span> <span class='ocrx_word' id='word_1_162' title='bbox 735 2118 854 2198; x_wconf 80' lang='grc' dir='ltr'><strong><em>πέτρας</em></strong></span> <span class='ocrx_word' id='word_1_163' title='bbox 869 2115 1089 2202; x_wconf 79' lang='grc' dir='ltr'><strong><em>καθεζόμενος</em></strong></span> 
     </span>
     <span class='ocr_line' id='line_1_20' title="bbox 88 2211 1156 2307; baseline 0.004 -25"><span class='ocrx_word' id='word_1_164' title='bbox 88 2212 197 2300; x_wconf 78' lang='grc' dir='ltr'><strong><em>ἀνέχει</em></strong></span> <span class='ocrx_word' id='word_1_165' title='bbox 209 2211 320 2307; x_wconf 72' lang='grc' dir='ltr'><strong><em>λαγιδν</em></strong></span> <span class='ocrx_word' id='word_1_166' title='bbox 335 2217 388 2281; x_wconf 81' lang='grc' dir='ltr'><strong><em>καί</em></strong></span> <span class='ocrx_word' id='word_1_167' title='bbox 399 2221 590 2299; x_wconf 80' lang='grc' dir='ltr'><strong><em>προσπαίζει</em></strong></span> <span class='ocrx_word' id='word_1_168' title='bbox 604 2212 664 2281; x_wconf 85' lang='grc' dir='ltr'><strong><em>τόν</em></strong></span> <span class='ocrx_word' id='word_1_169' title='bbox 676 2214 773 2299; x_wconf 91' lang='grc' dir='ltr'><strong><em>κύνα,</em></strong></span> <span class='ocrx_word' id='word_1_170' title='bbox 789 2211 807 2282; x_wconf 87' lang='grc' dir='ltr'>ὁ</span> <span class='ocrx_word' id='word_1_171' title='bbox 821 2213 855 2282; x_wconf 83' lang='grc' dir='ltr'><strong><em>δὲ</em></strong></span> <span class='ocrx_word' id='word_1_172' title='bbox 870 2219 1087 2305; x_wconf 79' lang='grc' dir='ltr'><strong><em>πηδησομένῳ</em></strong></span> <span class='ocrx_word' id='word_1_173' title='bbox 1106 2236 1156 2288; x_wconf 71' lang='lat'><strong><em>200</em></strong></span> 
     </span>
     <span class='ocr_line' id='line_1_21' title="bbox 88 2310 1086 2400; baseline 0 -20"><span class='ocrx_word' id='word_1_174' title='bbox 88 2320 196 2380; x_wconf 82' lang='grc' dir='ltr'><strong><em>ἔοικεν</em></strong></span> <span class='ocrx_word' id='word_1_175' title='bbox 207 2311 258 2379; x_wconf 82' lang='grc' dir='ltr'><strong><em>ἐπ’</em></strong></span> <span class='ocrx_word' id='word_1_176' title='bbox 271 2310 464 2391; x_wconf 80' lang='grc' dir='ltr'><strong><em>αύτδνέςτδ</em></strong></span> <span class='ocrx_word' id='word_1_177' title='bbox 477 2312 578 2397; x_wconf 80' lang='grc' dir='ltr'><strong><em>ὕφος,</em></strong></span> <span class='ocrx_word' id='word_1_178' title='bbox 590 2315 644 2381; x_wconf 81' lang='grc' dir='ltr'><strong><em>καὶ</em></strong></span> <span class='ocrx_word' id='word_1_179' title='bbox 655 2311 824 2381; x_wconf 84' lang='grc' dir='ltr'><strong><em>Ἀπόλλων</em></strong></span> <span class='ocrx_word' id='word_1_180' title='bbox 835 2311 1004 2397; x_wconf 75' lang='grc' dir='ltr'><strong><em>παρεστός</em></strong></span> <span class='ocrx_word' id='word_1_181' title='bbox 1015 2340 1086 2400; x_wconf 88' lang='grc' dir='ltr'><strong><em>μει-</em></strong></span> 
     </span>
     <span class='ocr_line' id='line_1_22' title="bbox 87 2410 1086 2503; baseline 0 -25"><span class='ocrx_word' id='word_1_182' title='bbox 87 2416 144 2500; x_wconf 79' lang='grc' dir='ltr'><strong><em>διᾷ</em></strong></span> <span class='ocrx_word' id='word_1_183' title='bbox 160 2410 360 2495; x_wconf 87' lang='grc' dir='ltr'><strong><em>τερπόμενος</em></strong></span> <span class='ocrx_word' id='word_1_184' title='bbox 378 2410 504 2497; x_wconf 81' lang='grc' dir='ltr'><strong><em>όμφοτν</em></strong></span> <span class='ocrx_word' id='word_1_185' title='bbox 523 2414 577 2479; x_wconf 78' lang='grc' dir='ltr'><strong><em>καὶ</em></strong></span> <span class='ocrx_word' id='word_1_186' title='bbox 596 2421 641 2503; x_wconf 74' lang='grc' dir='ltr'><strong><em>τῷ</em></strong></span> <span class='ocrx_word' id='word_1_187' title='bbox 659 2415 752 2480; x_wconf 80' lang='grc' dir='ltr'><strong><em>παιδὶ</em></strong></span> <span class='ocrx_word' id='word_1_188' title='bbox 772 2418 918 2493; x_wconf 82' lang='grc' dir='ltr'><strong><em>παίζοντι</em></strong></span> <span class='ocrx_word' id='word_1_189' title='bbox 939 2414 994 2479; x_wconf 81' lang='grc' dir='ltr'><strong><em>καὶ</em></strong></span> <span class='ocrx_word' id='word_1_190' title='bbox 1014 2437 1086 2478; x_wconf 91' lang='grc' dir='ltr'><strong><em>πει-</em></strong></span> 
     </span>
     <span class='ocr_line' id='line_1_23' title="bbox 86 2508 1084 2597; baseline 0.002 -22"><span class='ocrx_word' id='word_1_191' title='bbox 86 2511 225 2596; x_wconf 81' lang='grc' dir='ltr'><strong><em>ρωμένῳ</em></strong></span> <span class='ocrx_word' id='word_1_192' title='bbox 240 2517 285 2597; x_wconf 76' lang='grc' dir='ltr'><strong><em>τῷ</em></strong></span> <span class='ocrx_word' id='word_1_193' title='bbox 300 2515 386 2576; x_wconf 89' lang='grc' dir='ltr'><strong><em>κυνί.</em></strong></span> <span class='ocrx_word' id='word_1_194' title='bbox 408 2514 458 2578; x_wconf 74' lang='lat'><strong><em>25.</em></strong></span> <span class='ocrx_word' id='word_1_195' title='bbox 474 2512 525 2577; x_wconf 76' lang='grc' dir='ltr'><strong><em>ἐπὶ</em></strong></span> <span class='ocrx_word' id='word_1_196' title='bbox 540 2513 576 2577; x_wconf 76' lang='grc' dir='ltr'><strong><em>δέ</em></strong></span> <span class='ocrx_word' id='word_1_197' title='bbox 591 2512 719 2588; x_wconf 84' lang='grc' dir='ltr'><strong><em>τούτοις</em></strong></span> <span class='ocrx_word' id='word_1_198' title='bbox 734 2508 751 2577; x_wconf 84' lang='grc' dir='ltr'><strong>ὁ</strong></span> <span class='ocrx_word' id='word_1_199' title='bbox 767 2508 915 2594; x_wconf 85' lang='grc' dir='ltr'><strong><em>Περσεύς</em></strong></span> <span class='ocrx_word' id='word_1_200' title='bbox 931 2512 1032 2578; x_wconf 83' lang='grc' dir='ltr'><strong><em>πάλιν</em></strong></span> <span class='ocrx_word' id='word_1_201' title='bbox 1045 2510 1084 2578; x_wconf 81' lang='grc' dir='ltr'><strong><em>τέι</em></strong></span> 
     </span>
     <span class='ocr_line' id='line_1_24' title="bbox 85 2606 1084 2694; baseline -0.004 -15"><span class='ocrx_word' id='word_1_202' title='bbox 85 2608 152 2693; x_wconf 81' lang='grc' dir='ltr'><strong><em>πρὸ</em></strong></span> <span class='ocrx_word' id='word_1_203' title='bbox 164 2617 224 2675; x_wconf 89' lang='grc' dir='ltr'><strong><em>τοῦ</em></strong></span> <span class='ocrx_word' id='word_1_204' title='bbox 234 2611 355 2693; x_wconf 90' lang='grc' dir='ltr'><strong><em>κήτους</em></strong></span> <span class='ocrx_word' id='word_1_205' title='bbox 366 2611 475 2677; x_wconf 84' lang='grc' dir='ltr'><strong><em>έκείνα</em></strong></span> <span class='ocrx_word' id='word_1_206' title='bbox 488 2615 619 2694; x_wconf 78' lang='grc' dir='ltr'><strong><em>τολμῶν</em></strong></span> <span class='ocrx_word' id='word_1_207' title='bbox 630 2610 685 2674; x_wconf 81' lang='grc' dir='ltr'><strong><em>καὶ</em></strong></span> <span class='ocrx_word' id='word_1_208' title='bbox 699 2606 891 2692; x_wconf 84' lang='grc' dir='ltr'><strong><em>ήΜέδουσα</em></strong></span> <span class='ocrx_word' id='word_1_209' title='bbox 902 2613 1084 2693; x_wconf 87' lang='grc' dir='ltr'><strong><em>τεμνομένη</em></strong></span> 
     </span>
     <span class='ocr_line' id='line_1_25' title="bbox 85 2704 1085 2794; baseline -0.005 -19"><span class='ocrx_word' id='word_1_210' title='bbox 85 2705 147 2792; x_wconf 82' lang='grc' dir='ltr'><strong><em>τήν</em></strong></span> <span class='ocrx_word' id='word_1_211' title='bbox 161 2705 310 2793; x_wconf 85' lang='grc' dir='ltr'><strong><em>κεφαλήν</em></strong></span> <span class='ocrx_word' id='word_1_212' title='bbox 324 2711 377 2776; x_wconf 80' lang='grc' dir='ltr'><strong><em>καί</em></strong></span> <span class='ocrx_word' id='word_1_213' title='bbox 389 2706 514 2794; x_wconf 85' lang='grc' dir='ltr'><strong><em>Ἀθηνᾶ</em></strong></span> <span class='ocrx_word' id='word_1_214' title='bbox 527 2711 694 2775; x_wconf 88' lang='grc' dir='ltr'><strong><em>σκέπουσα</em></strong></span> <span class='ocrx_word' id='word_1_215' title='bbox 705 2704 765 2772; x_wconf 88' lang='grc' dir='ltr'><strong><em>τδν</em></strong></span> <span class='ocrx_word' id='word_1_216' title='bbox 779 2707 923 2787; x_wconf 87' lang='grc' dir='ltr'><strong><em>Περσέα·</em></strong></span> <span class='ocrx_word' id='word_1_217' title='bbox 945 2705 962 2771; x_wconf 88' lang='grc' dir='ltr'>ὁ</span> <span class='ocrx_word' id='word_1_218' title='bbox 979 2707 1014 2772; x_wconf 78' lang='grc' dir='ltr'><strong><em>δὲ</em></strong></span> <span class='ocrx_word' id='word_1_219' title='bbox 1025 2704 1085 2790; x_wconf 88' lang='grc' dir='ltr'><strong><em>τήν</em></strong></span> 
     </span>
     <span class='ocr_line' id='line_1_26' title="bbox 85 2801 1083 2894; baseline 0.002 -23"><span class='ocrx_word' id='word_1_220' title='bbox 85 2807 147 2890; x_wconf 83' lang='grc' dir='ltr'><strong><em>μὲν</em></strong></span> <span class='ocrx_word' id='word_1_221' title='bbox 161 2805 287 2889; x_wconf 89' lang='grc' dir='ltr'><strong><em>τόλμαν</em></strong></span> <span class='ocrx_word' id='word_1_222' title='bbox 304 2814 488 2891; x_wconf 73' lang='grc' dir='ltr'><strong><em>εἴργασται,</em></strong></span> <span class='ocrx_word' id='word_1_223' title='bbox 503 2805 539 2873; x_wconf 89' lang='grc' dir='ltr'>τό</span> <span class='ocrx_word' id='word_1_224' title='bbox 556 2807 591 2873; x_wconf 76' lang='grc' dir='ltr'><strong><em>δὲ</em></strong></span> <span class='ocrx_word' id='word_1_225' title='bbox 607 2811 707 2889; x_wconf 81' lang='grc' dir='ltr'><strong><em>ἔργον</em></strong></span> <span class='ocrx_word' id='word_1_226' title='bbox 721 2802 782 2888; x_wconf 82' lang='grc' dir='ltr'><strong><em>οὐχ</em></strong></span> <span class='ocrx_word' id='word_1_227' title='bbox 793 2806 918 2884; x_wconf 84' lang='grc' dir='ltr'><strong><em>έιόρακέ</em></strong></span> <span class='ocrx_word' id='word_1_228' title='bbox 926 2828 994 2887; x_wconf 85' lang='grc' dir='ltr'><strong><em>πω,</em></strong></span> <span class='ocrx_word' id='word_1_229' title='bbox 1009 2801 1083 2894; x_wconf 78' lang='grc' dir='ltr'><strong><em>ἀλλ’</em></strong></span> 
     </span>
     <span class='ocr_line' id='line_1_27' title="bbox 84 2899 1084 2991; baseline -0.002 -19"><span class='ocrx_word' id='word_1_230' title='bbox 84 2906 138 2972; x_wconf 81' lang='grc' dir='ltr'><strong><em>ἐπὶ</em></strong></span> <span class='ocrx_word' id='word_1_231' title='bbox 158 2910 215 2988; x_wconf 78' lang='grc' dir='ltr'><strong><em>τῆς</em></strong></span> <span class='ocrx_word' id='word_1_232' title='bbox 235 2901 372 2982; x_wconf 74' lang='grc' dir='ltr'><strong><em>ἀσπίδος</em></strong></span> <span class='ocrx_word' id='word_1_233' title='bbox 389 2913 445 2990; x_wconf 83' lang='grc' dir='ltr'><strong><em>της</em></strong></span> <span class='ocrx_word' id='word_1_234' title='bbox 461 2905 630 2991; x_wconf 89' lang='grc' dir='ltr'><strong><em>Γοργόνος</em></strong></span> <span class='ocrx_word' id='word_1_235' title='bbox 649 2899 711 2988; x_wconf 79' lang='grc' dir='ltr'><strong><em>τήν</em></strong></span> <span class='ocrx_word' id='word_1_236' title='bbox 732 2902 860 2970; x_wconf 90' lang='grc' dir='ltr'><strong><em>είκόνα·</em></strong></span> <span class='ocrx_word' id='word_1_237' title='bbox 882 2899 950 2968; x_wconf 80' lang='grc' dir='ltr'><strong><em>οἶδε</em></strong></span> <span class='ocrx_word' id='word_1_238' title='bbox 966 2899 1030 2985; x_wconf 77' lang='grc' dir='ltr'><strong><em>γὰρ</em></strong></span> <span class='ocrx_word' id='word_1_239' title='bbox 1048 2901 1084 2970; x_wconf 87' lang='grc' dir='ltr'><strong><em>τό</em></strong></span> 
     </span>
     <span class='ocr_line' id='line_1_28' title="bbox 84 2999 1085 3088; baseline 0 -19"><span class='ocrx_word' id='word_1_240' title='bbox 84 3001 269 3088; x_wconf 91' lang='grc' dir='ltr'><strong><em>πρόστιμον</em></strong></span> <span class='ocrx_word' id='word_1_241' title='bbox 287 3011 345 3088; x_wconf 83' lang='grc' dir='ltr'><strong><em>τῆς</em></strong></span> <span class='ocrx_word' id='word_1_242' title='bbox 361 3001 511 3088; x_wconf 81' lang='grc' dir='ltr'><strong><em>ἀληθοῦς</em></strong></span> <span class='ocrx_word' id='word_1_243' title='bbox 527 3003 643 3084; x_wconf 82' lang='grc' dir='ltr'><strong><em>ὅψεως.</em></strong></span> <span class='ocrx_word' id='word_1_244' title='bbox 675 3007 727 3070; x_wconf 80' lang='lat'><strong><em>26.</em></strong></span> <span class='ocrx_word' id='word_1_245' title='bbox 742 2999 825 3069; x_wconf 79' lang='grc' dir='ltr'><strong><em>κατὰ</em></strong></span> <span class='ocrx_word' id='word_1_246' title='bbox 849 3002 886 3070; x_wconf 74' lang='grc' dir='ltr'><strong><em>δὲ</em></strong></span> <span class='ocrx_word' id='word_1_247' title='bbox 903 2999 962 3068; x_wconf 85' lang='grc' dir='ltr'><strong><em>τόν</em></strong></span> <span class='ocrx_word' id='word_1_248' title='bbox 983 3005 1085 3086; x_wconf 90' lang='grc' dir='ltr'><strong><em>μέσον</em></strong></span> 
     </span>
     <span class='ocr_line' id='line_1_29' title="bbox 83 3097 1083 3186; baseline -0.001 -19"><span class='ocrx_word' id='word_1_249' title='bbox 83 3115 196 3186; x_wconf 81' lang='grc' dir='ltr'><strong><em>τοῖχον</em></strong></span> <span class='ocrx_word' id='word_1_250' title='bbox 215 3098 285 3166; x_wconf 85' lang='grc' dir='ltr'><strong><em>όίνω</em></strong></span> <span class='ocrx_word' id='word_1_251' title='bbox 307 3127 355 3178; x_wconf 91' lang='grc' dir='ltr'><strong><em>τις</em></strong></span> <span class='ocrx_word' id='word_1_252' title='bbox 379 3100 559 3186; x_wconf 83' lang='grc' dir='ltr'><strong><em>όντίθυρος</em></strong></span> <span class='ocrx_word' id='word_1_253' title='bbox 581 3099 725 3185; x_wconf 76' lang='grc' dir='ltr'><strong><em>Ἀθηνᾶς</em></strong></span> <span class='ocrx_word' id='word_1_254' title='bbox 745 3097 826 3177; x_wconf 87' lang='grc' dir='ltr'><strong><em>ναός</em></strong></span> <span class='ocrx_word' id='word_1_255' title='bbox 848 3105 1036 3184; x_wconf 88' lang='grc' dir='ltr'><strong><em>πεποίηται,</em></strong></span> <span class='ocrx_word' id='word_1_256' title='bbox 1062 3099 1083 3185; x_wconf 85' lang='grc' dir='ltr'><strong><em>ή</em></strong></span> 
     </span>
     <span class='ocr_line' id='line_1_30' title="bbox 83 3197 1080 3286; baseline 0 -19"><span class='ocrx_word' id='word_1_257' title='bbox 83 3199 163 3277; x_wconf 84' lang='grc' dir='ltr'><strong><em>θεὸς</em></strong></span> <span class='ocrx_word' id='word_1_258' title='bbox 182 3204 282 3267; x_wconf 85' lang='grc' dir='ltr'><strong><em>λίθου</em></strong></span> <span class='ocrx_word' id='word_1_259' title='bbox 302 3206 442 3283; x_wconf 86' lang='grc' dir='ltr'><strong><em>λευκοῦ,</em></strong></span> <span class='ocrx_word' id='word_1_260' title='bbox 465 3198 502 3267; x_wconf 87' lang='grc' dir='ltr'><strong><em>τό</em></strong></span> <span class='ocrx_word' id='word_1_261' title='bbox 524 3207 631 3286; x_wconf 76' lang='grc' dir='ltr'><strong><em>σχῆμα</em></strong></span> <span class='ocrx_word' id='word_1_262' title='bbox 647 3197 689 3266; x_wconf 87' lang='grc' dir='ltr'><strong><em>οῦ</em></strong></span> <span class='ocrx_word' id='word_1_263' title='bbox 711 3199 981 3285; x_wconf 89' lang='grc' dir='ltr'><strong><em>πολεμιστήριον,</em></strong></span> <span class='ocrx_word' id='word_1_264' title='bbox 1008 3197 1080 3269; x_wconf 79' lang='grc' dir='ltr'><strong><em>ἀλλ’</em></strong></span> 
     </span>
     <span class='ocr_line' id='line_1_31' title="bbox 83 3293 1152 3384; baseline 0 -18"><span class='ocrx_word' id='word_1_265' title='bbox 83 3293 156 3366; x_wconf 81' lang='grc' dir='ltr'><strong><em>οἷον</em></strong></span> <span class='ocrx_word' id='word_1_266' title='bbox 166 3294 211 3363; x_wconf 75' lang='grc' dir='ltr'><strong><em>όν</em></strong></span> <span class='ocrx_word' id='word_1_267' title='bbox 219 3300 347 3381; x_wconf 88' lang='grc' dir='ltr'><strong><em>γένοιτο</em></strong></span> <span class='ocrx_word' id='word_1_268' title='bbox 357 3298 493 3384; x_wconf 83' lang='grc' dir='ltr'><strong><em>εἰρήνην</em></strong></span> <span class='ocrx_word' id='word_1_269' title='bbox 501 3295 647 3382; x_wconf 80' lang='grc' dir='ltr'><strong><em>ἀγούσης</em></strong></span> <span class='ocrx_word' id='word_1_270' title='bbox 655 3304 741 3364; x_wconf 84' lang='grc' dir='ltr'><strong><em>θεοῦ</em></strong></span> <span class='ocrx_word' id='word_1_271' title='bbox 750 3305 937 3383; x_wconf 85' lang='grc' dir='ltr'><strong><em>πολεμικῆς.</em></strong></span> <span class='ocrx_word' id='word_1_272' title='bbox 953 3295 1081 3366; x_wconf 73' lang='grc' dir='ltr'><strong><em>κλείει</em></strong></span> <span class='ocrx_word' id='word_1_273' title='bbox 1101 3313 1152 3368; x_wconf 74' lang='lat'><strong><em>206</em></strong></span> 
     </span>
     <span class='ocr_line' id='line_1_32' title="bbox 82 3392 1081 3483; baseline -0.003 -19"><span class='ocrx_word' id='word_1_274' title='bbox 82 3393 163 3482; x_wconf 78' lang='grc' dir='ltr'><strong><em>μετὰ</em></strong></span> <span class='ocrx_word' id='word_1_275' title='bbox 176 3394 301 3480; x_wconf 88' lang='grc' dir='ltr'><strong><em>ταύτην</em></strong></span> <span class='ocrx_word' id='word_1_276' title='bbox 311 3394 393 3481; x_wconf 80' lang='grc' dir='ltr'><strong><em>ἄλλη</em></strong></span> <span class='ocrx_word' id='word_1_277' title='bbox 404 3394 540 3480; x_wconf 76' lang='grc' dir='ltr'><strong><em>Ἀθηνᾶ,</em></strong></span> <span class='ocrx_word' id='word_1_278' title='bbox 556 3393 596 3462; x_wconf 86' lang='grc' dir='ltr'><strong><em>ού</em></strong></span> <span class='ocrx_word' id='word_1_279' title='bbox 608 3402 703 3472; x_wconf 87' lang='grc' dir='ltr'><strong><em>λίθος</em></strong></span> <span class='ocrx_word' id='word_1_280' title='bbox 717 3393 801 3480; x_wconf 81' lang='grc' dir='ltr'><strong><em>αῦτη</em></strong></span> <span class='ocrx_word' id='word_1_281' title='bbox 813 3421 861 3479; x_wconf 89' lang='grc' dir='ltr'><strong><em>γε,</em></strong></span> <span class='ocrx_word' id='word_1_282' title='bbox 876 3392 959 3463; x_wconf 81' lang='grc' dir='ltr'><strong><em>όλλέι</em></strong></span> <span class='ocrx_word' id='word_1_283' title='bbox 970 3395 1081 3483; x_wconf 84' lang='grc' dir='ltr'><strong><em>γραφή</em></strong></span> 
     </span>
     <span class='ocr_line' id='line_1_33' title="bbox 81 3490 1083 3581; baseline 0.003 -22"><span class='ocrx_word' id='word_1_284' title='bbox 81 3495 201 3562; x_wconf 80' lang='grc' dir='ltr'><strong><em>πόλιν·</em></strong></span> <span class='ocrx_word' id='word_1_285' title='bbox 214 3490 395 3576; x_wconf 85' lang='grc' dir='ltr'><strong><em>Ἥφαιστος</em></strong></span> <span class='ocrx_word' id='word_1_286' title='bbox 410 3490 515 3578; x_wconf 83' lang='grc' dir='ltr'><strong><em>αὐτήν</em></strong></span> <span class='ocrx_word' id='word_1_287' title='bbox 529 3494 641 3561; x_wconf 79' lang='grc' dir='ltr'><strong><em>διώκει</em></strong></span> <span class='ocrx_word' id='word_1_288' title='bbox 658 3492 794 3580; x_wconf 81' lang='grc' dir='ltr'><strong><em>έριῦν,ή</em></strong></span> <span class='ocrx_word' id='word_1_289' title='bbox 812 3494 848 3562; x_wconf 72' lang='grc' dir='ltr'><strong><em>δὲ</em></strong></span> <span class='ocrx_word' id='word_1_290' title='bbox 864 3495 997 3581; x_wconf 86' lang='grc' dir='ltr'><strong><em>φεύγει,</em></strong></span> <span class='ocrx_word' id='word_1_291' title='bbox 1020 3495 1083 3562; x_wconf 78' lang='grc' dir='ltr'><strong><em>κάκ</em></strong></span> 
     </span>
    </p>
   </div>
   <div class='ocr_carea' id='block_1_3' title="bbox 0 0 1318 4092">
    <p class='ocr_par' dir='ltr' id='par_1_3' title="bbox 0 0 1318 4092">
     <span class='ocr_line' id='line_1_34' title="bbox 0 0 1318 4092; baseline 0 6"><span class='ocrx_word' id='word_1_292' title='bbox 0 0 1318 4092; x_wconf 95' lang='lat' dir='ltr'><strong><em> </em></strong></span> 
     </span>
    </p>
   </div>
  </div>
 </body>
</html>
