2625 4092
235 257 277 320 34
590 260 888 318 ΛΟΤΚΙΑΝΟΤ

235 420 337 499 άλλας
356 422 471 504 τέχνας
485 417 720 504 μανθάνοντες
736 424 894 503 μισοῦσιν
915 416 1034 504 αὐτάς,
1056 417 1141 486 ω’στε
1162 423 1249 485 ἔνιοι

236 517 280 588 δι’
293 515 396 598 αὐτάς
409 515 705 600 ἀποδιδράσκουσι.
726 525 761 586 τί
774 521 821 603 δέ,
836 516 879 585 οὐ
893 516 1028 587 κάκεῖνο
1042 522 1203 605 ἐννοῆσαί
1210 540 1250 586 σε
1297 522 1298 541 ’

235 622 303 702 δεῖ,
325 615 377 683 ότι
391 618 445 684 καὶ
466 613 545 694 τούς
559 618 597 683 έν
613 619 755 694 ἐκείναις
768 631 839 694 ταῖς
854 619 983 704 τέχναις
996 619 1252 705 προκόπτοντας

235 721 269 783 ολ
282 717 420 797 πατέρες
435 715 490 781 καὶ
501 717 638 800 μητέρες
649 715 780 793 τούτοις
796 722 915 800 τιμῶσι
925 716 1084 802 μάλιστα,
1100 711 1151 796 οἷς
1160 713 1247 784 καθ’

232 812 362 899 ἡμέραν
372 807 498 880 καὶτὸν
510 813 710 894 παράσιτον;
724 818 844 889 Καλῶς
853 809 895 896 νὴ
903 811 961 882 Δί’
973 813 1146 897 ἔγραψενό
1157 828 1250 899 παῖς,
1298 808 1299 847 1

236 914 403 996 λέγοντες,
426 909 500 976 δότε
523 907 613 1000 αὐτῷ
631 925 769 996 φαγεῖν·
797 907 862 977 οὐκ
883 916 1030 996 ἔγραψεν
1047 909 1177 998 ὀρθῶς,
1201 910 1250 998 μὴ
1290 986 1293 992 ,

236 1014 327 1076 δῦτε.
356 1007 447 1075 οῦτω
462 1005 499 1075 τό
514 1014 650 1094 πρᾶγμα
666 1011 721 1077 καὶ
736 1013 872 1093 ἔντιμον
885 1011 940 1076 καλ
956 1013 993 1076 έν
1006 1017 1147 1098 τιμωρίᾳ
1161 1015 1251 1095 μέγα

235 1113 397 1191 φαίνεται.
427 1111 477 1174 14.
495 1103 632 1193 καὶμὴν
645 1112 683 1175 αί
696 1105 794 1175 άλλαι
807 1110 918 1194 τέχναι
938 1104 975 1174 τό
991 1106 1133 1192 ὕστερον
1145 1116 1249 1178 τοῦτο

234 1210 346 1291 έχουσι
358 1203 439 1289 μετὰ
452 1201 489 1271 τὸ
505 1214 629 1290 μαθεῖν
643 1208 698 1274 καὶ
712 1203 792 1284 τοῦς
808 1204 958 1288 καρποῦς
974 1205 1079 1292 ἡδέως
1092 1203 1249 1292 άπολαμ-

235 1304 396 1390 βάνονσι·
419 1303 524 1390 πολλὴ
542 1301 608 1390 γάρ
625 1307 703 1389 ,καὶ
721 1304 839 1388 ὄρθιος
855 1303 948 1390 οἶμος
961 1307 994 1383 ές
1008 1304 1151 1383 αὐτάς’“
1170 1303 1192 1390 ἡ
1209 1304 1248 1370 δὲ

235 1400 435 1488 παρασιτικὴ
450 1401 539 1490 μόνη
553 1410 621 1470 τῶν
636 1401 749 1471 όίλλων
760 1399 866 1480 εὐθὺς
880 1400 1043 1472 άπολαόει
1060 1412 1118 1489 τῆς
1131 1405 1248 1489 τέχνης

236 1504 273 1568 ἐν
293 1497 383 1588 αὐτῷ
402 1508 448 1589 τῷ
471 1502 679 1586 μανθάνειν,
700 1502 756 1569 καὶ
773 1499 841 1587 ἅμα
858 1529 893 1569 τε
916 1501 1049 1588 α”ρχεται
1066 1505 1121 1570 καὶ
1142 1506 1178 1569 έν
1199 1509 1250 1590 τῷ

235 1600 321 1668 τέλει
333 1601 430 1665 ἐστίν.
452 1601 508 1668 καὶ
524 1604 637 1686 μέντοι
648 1607 717 1667 νῦν
727 1599 839 1668 άλλων
853 1608 979 1687 τεχνῶν
990 1599 1031 1668 οὐ
1041 1605 1145 1687 τινές,
1160 1597 1248 1668 άλλά

235 1703 338 1764 πᾶσαι
354 1697 406 1763 ἐπὶ
420 1698 531 1815 μόγην
545 1695 608 1784 τὴν
621 1694 753 1784 τροφὴν
767 1700 964 1784 γεγόνασιν,
980 1726 998 1767 ο
986 1697 1049 1767 ’δε
1062 1699 1250 1781 παράσιτος

166 1804 219 1861 853
238 1790 344 1871 εὐθὺς
360 1799 424 1880 ἔχει
441 1819 504 1914 τχν
524 1794 655 1882 τροφὴν
672 1795 742 1882 ἅμα
757 1824 804 1864 τω
789 1797 986 1882 άρξασθαι
1000 1804 1057 1882 τῆς
1072 1799 1196 1883 τέχνης.
1223 1791 1249 1880 ἦ
1303 1816 1305 1901 χ

236 1889 299 1959 οὐκ
316 1891 477 1972 έννοεῖς”
456 1920 507 1961 οτι
523 1892 541 1961 6
556 1894 618 1980 μὲν
632 1893 781 1981 γεωργός
797 1911 940 2019 γεωργεῖ
952 1893 993 1962 οὐ
1007 1901 1069 1962 τοῦ
1083 1907 1250 1979 γεωργεῖν

236 1992 333 2058 ἕνεκα
354 1987 444 2057 καῖ’
430 2018 448 2057 ο
469 1994 593 2059 τέκτων
613 2001 816 2062 τεκταίνεται
838 1994 911 2082 οὐχι
931 2002 993 2062 τοῦ
1014 2000 1250 2061 τεκταίνεσθαι
1304 2046 1305 2053 ,

236 2090 375 2208 ἔχευα,
376 2084 394 2156 6
420 2089 456 2157 δὲ
470 2092 652 2177 παράσιτος
669 2091 730 2180 οὐχ
749 2096 866 2178 ἕτερον
885 2097 948 2181 μέν
960 2122 993 2161 τι
1007 2092 1137 2175 διόκει,
1159 2088 1250 2158 ἄλλα

236 2183 273 2254 τό
296 2183 377 2253 αὐτὸ
399 2189 453 2255 και
477 2194 577 2275 ἔργον
594 2189 683 2260 ἐστιν
701 2189 807 2259 αὐτοῦ
823 2195 878 2260 και
900 2184 944 2260 οὐ
964 2193 1062 2259 ἕνεκα
1082 2197 1251 2276 γίγνεται;

237 2291 287 2355 15
304 2283 417 2352 καὶ
376 2311 443 2372 μην
461 2288 572 2356 ἐκεῖνά
590 2317 629 2375 γε
650 2288 792 2368 οὐδείς’
775 2311 865 2358 εστιν
882 2288 972 2370 ὅστις
986 2288 1049 2358 οὐκ
1065 2291 1250 2371 ἐπίσταται,
1304 2348 1305 2355 ,

237 2383 288 2452 ότι
305 2409 335 2452 οι
328 2383 463 2470 μὲν
426 2413 485 2466 τας
497 2386 616 2467 λοιπάς
629 2392 744 2474 τέχνας
760 2388 973 2473 ἐργαζόμενοι
987 2385 1048 2454 τόν
1064 2388 1127 2472 μὲν
1140 2383 1252 2452 ἄλλον

235 2485 360 2572 χρόνον
380 2493 644 2572 ταλαιπωροῦσι,
670 2494 751 2573 μίαν
764 2489 800 2555 δὲ
817 2482 840 2572 ἢ
856 2486 917 2554 δύο
938 2486 1043 2572 μόνας
1063 2494 1124 2553 τοῦ
1139 2483 1251 2571 μηνός

236 2583 360 2671 ἡμέρας
376 2581 467 2668 ίερᾶς
481 2584 617 2671 ἄγουσι,
633 2589 688 2654 καὶ
703 2590 741 2655 αἱ
750 2584 864 2665 πόλεις
879 2586 915 2653 δὲ
929 2583 988 2664 τάς
1001 2587 1064 2672 μὲν
1078 2583 1123 2651 δι’
1139 2591 1251 2669 ἔτους,

237 2683 296 2764 τάς
312 2685 348 2752 δὲ
369 2685 537 2770 ἐμμήνους
560 2683 676 2768 ἑορτάς
698 2691 903 2770 διατελοῦσι,
924 2688 980 2752 καλ
1001 2681 1253 2769 εὐφραίνεσθαι

238 2786 391 2870 λέγονται
408 2785 499 2852 τότε·
521 2783 539 2851 6
556 2786 592 2853 δὲ
607 2784 790 2867 παράσιτος
803 2791 864 2849 τοῦ
878 2779 983 2868 μηνός
996 2778 1055 2859 τάς
1064 2777 1248 2863 τριάκονθ’

237 2880 361 2970 ἡμέρας
373 2882 465 2967 ἱεράς
480 2882 568 2968 ἄγει·
591 2890 694 2952 πᾶσαι
710 2881 776 2969 γάρ
791 2880 881 2972 αὐτῷ
897 2887 1057 2949 δοκοῦσιν
1078 2880 1252 2948 εἶναιτῶν

237 2989 339 3050 θεῶν.
363 2987 413 3050 16.
426 2987 474 3048 ἔτι
485 2982 591 3067 οἱμὲν
601 2983 804 3069 βουλόμενοι
814 2979 873 3059 τάς
883 2980 985 3058 άλλως
995 2985 1111 3068 τέχνας
1123 3005 1252 3062 κατορ-

237 3088 329 3151 θοῦν
351 3078 564 3165 ὀλιγοσιτίαις
587 3083 643 3150 καὶ
668 3079 893 3166 ὀλιγοποσίαις
920 3086 1064 3166 χρῶνται
1089 3078 1251 3161 καθάπερ

238 3183 274 3248 ολ
286 3186 482 3263 νοσοῦντες,
504 3189 711 3261 πολυσιτίαις
727 3181 763 3248 δὲ
776 3182 832 3247 καὶ
845 3185 1066 3258 πολυποσίαις
1078 3175 1142 3245 οὐκ
1155 3181 1253 3245 ἔστιν

239 3277 509 3365 εὐφραινόμενον
524 3281 724 3366 μανθάνειν.
756 3285 806 3350 17.
825 3281 880 3348 καὶ
894 3283 932 3348 αἱ
942 3280 1004 3365 μὲν
1020 3278 1119 3347 ἄλλαι
1135 3279 1253 3363 τέχναι

238 3380 336 3466 χωρὶς
356 3375 512 3464 ὀργάνων
530 3377 686 3467 οὐδαμῶς
707 3388 754 3470 τῷ
773 3382 963 3470 κεκτημένῳ
983 3375 1162 3464 ὑπηρετεῖν
1183 3375 1253 3444 δό-

240 3506 373 3546 νανται·
399 3475 475 3546 οὐτε
490 3476 555 3563 γάρ
574 3475 690 3547 αὐλεῖν
705 3485 755 3546 ἔνι
769 3481 868 3564 χωρὶς
881 3477 996 3548 αὐλῶν
1013 3476 1091 3545 οὔτε
1104 3477 1253 3555 ψάλλειν
