2625 4092
121 324 238 379 ΠΕΡΙ
260 324 356 380 ΤΗΣ
372 321 689 380 ΠΕΡΕΓΡΙΝΟΤ
710 321 980 382 ΤΕΛΕΤΤΗΣ.
1023 317 1085 382 271

81 479 309 564 μισθοφοράν,
325 482 380 547 καὶ
391 481 519 566 ποιήσω
530 481 649 545 πάντα,
672 484 869 567 ἐπιτριβεῖεν
884 479 917 546 δ’
930 474 994 547 οὖν
1005 479 1094 548 ἀλα-·

81 577 174 657 ζόνες
191 576 300 654 ὄντες·
322 584 387 662 ἔγω
404 575 435 661 γ’
449 571 514 644 οὖν
528 570 567 645 εύ
583 587 668 645 ποιῶ
683 576 727 663 μή
745 581 946 664 προσιεμένη
964 578 1087 658 αὐτούς

80 678 118 742 τό
133 674 301 757 παράπαν.
323 673 436 754 ἁλιεύς
449 702 498 753 τις
512 679 582 761 ἐμοί
596 672 759 761 γένοιτοῆ
775 677 897 762 ναύτης
908 672 930 763 ή
942 674 1087 763 γεωργός

80 773 229 857 ἰσότιμος
243 775 439 840 κολακεύειν
457 772 551 852 είδῶς
568 772 669 859 μικρά
684 776 738 841 καί
753 780 895 858 κομίζων
908 776 1031 858 πολλά,
1054 779 1088 842 οί
1103 785 1154 842 32⁵

82 871 117 939 δὲ
134 869 213 948 τούς
228 873 354 955 λόφους
367 873 564 950 ἐπισείοντες
579 865 673 939 οὗτοι
687 874 743 940 καὶ
759 871 816 950 τάς
829 873 934 957 μα’χας
949 873 1087 959 διηγού-

80 995 194 1056 μενοι,
212 970 334 1054 ψόφοι,
351 962 377 1035 ῶ
392 974 554 1053 Παρθενί.

139 1363 254 1430 ΠΕΡΙ
294 1366 395 1431 ΤΗΣ
426 1363 740 1432 ΠΕΡΕΓΡΙΝΟΥ
771 1364 1038 1430 mmm.

170 1547 196 1607 1.
214 1550 451 1619 Λουκιανος
467 1546 632 1628 Κρονίῳ
650 1533 695 1604 εύ
709 1540 917 1620 πράττειν.
934 1537 969 1608 ‘0
983 1566 1087 1607 κακο-

81 1644 211 1723 δαίμων
222 1648 423 1725 Περεγρῖνος
438 1633 459 1722 ή
472 1635 516 1714 ῶς
528 1634 627 1713 αὐτὸς
640 1643 770 1721 ἔχαιρεν
781 1634 954 1720 ὀνομάζων
965 1636 1085 1704 ἑαυτόν

79 1735 239 1818 Πρωτεύς
253 1735 334 1804 αὐτὸ
347 1738 387 1822 δή
401 1740 506 1804 έκεῖνο
519 1733 555 1801 τὸ
568 1742 629 1800 τοῦ
639 1732 820 1818 Ὁμηρικοῦ
832 1738 993 1815 Πρωτέως
1003 1740 1084 1801 έπα-
1103 1748 1155 1804 326

80 1845 162 1902 θεν·
185 1834 315 1902 ἅπαντα
327 1832 391 1920 γάρ
404 1835 500 1918 δόξης
514 1835 612 1900 ἕνεκα
622 1832 802 1917 γενόμενος
813 1834 867 1900 καί
878 1841 998 1917 μυρίας
1008 1859 1086 1915 τρο-

80 1933 146 2011 πάς
167 1935 372 2019 τραπόμενος
393 1931 433 1999 τά
458 1941 628 1999 τελευταῖα
649 1935 753 1996 ταῦτα
776 1932 830 1996 καί
852 1938 920 2013 πῦρ
941 1934 1085 2015 ἐγένετο·

81 2034 230 2122 τοσούτω
245 2033 310 2118 ἀρα
327 2040 372 2123 τῷ
388 2037 483 2115 ἔρωτι
498 2037 555 2115 της
570 2030 669 2114 δόξης
684 2037 795 2113 είχετο.
819 2031 873 2096 καί
884 2036 949 2094 νῦν
961 2030 1085 2107 ἐκεῖνος

81 2127 349 2215 ἀπηνθράκωταί
372 2151 425 2196 σοι
449 2126 465 2195 ὁ
489 2131 655 2215 βέλτιστος
675 2125 757 2194 κατὰ
778 2126 837 2194 τόν
857 2125 1086 2212 Ἐμπεδοκλέα,

82 2227 162 2311 παρ’
179 2227 261 2295 ὅσον
276 2227 294 2295 ὁ
312 2229 374 2313 μέν
389 2223 454 2294 κάν
469 2232 643 2295 διαλαθεῖν
661 2227 823 2312 ἐπειράθη
839 2223 992 2313 ἐμβαλῶν
1009 2227 1087 2292 ἑαυ-

80 2324 143 2392 τὸν
155 2332 199 2402 είς
211 2327 290 2404 τούς
301 2332 481 2411 κρατῆρας,
500 2322 518 2390 ὁ
531 2323 567 2391 δὲ
578 2324 745 2409 γενυάδαςΙ
753 2316 851 2401 οὗτος
865 2321 926 2409 τήν
938 2332 1087 2390 πολυαν-

79 2425 305 2509 θρωποτάτην
322 2431 388 2490 τῶν
400 2421 600 2509 Ἑλληνικῶν
615 2424 838 2508 πανηγύρεων
859 2423 1003 2506 τηρήσας
1020 2445 1086 2487 πυ-

82 2523 149 2607 ράν
170 2520 220 2589 ὅτι
235 2529 392 2608 μεγίστην
410 2523 512 2608 νήσας
529 2522 731 2608 ἐνεπήδησεν
749 2524 799 2588 ἐπὶ
815 2522 985 2587 τοσούτων
999 2546 1085 2605 μαρ-

81 2625 194 2704 τύρων
215 2626 270 2688 καί
290 2622 412 2708 λόγους
427 2622 520 2699 τινὰς
539 2617 623 2704 ὑπέρ
641 2621 763 2688 τούτου
785 2617 888 2688 είπῶν
909 2616 992 2700 πρὸς
1007 2615 1086 2694 τούς

81 2723 244 2806 Ἕλληνας
254 2719 295 2786 ού
305 2719 368 2804 πρὸ
378 2729 511 2787 πολλῶν
520 2718 654 2806 ἡμερῶν
663 2727 724 2786 τοῦ
734 2720 948 2805 τολμήματος.
962 2723 991 2784 2.
1003 2725 1087 2782 πολ-

82 2820 124 2889 λά
141 2828 257 2888 τοίνυν
273 2825 361 2886 δοκῶ
375 2847 431 2904 μοι
450 2817 534 2902 ὁρᾶν
551 2841 587 2885 σε
602 2827 749 2905 γελῶντα
766 2820 818 2885 ε’πί
832 2824 872 2904 τή
885 2815 1007 2903 κορύζη
1025 2821 1086 2880 τοῦ

82 2926 254 3006 γέροντος,
279 2920 464 3004 μᾶλλονδὲ
487 2919 539 2986 καί
562 2915 675 2986 ἀκούω
698 2926 844 3005 βοῶντος
866 2911 919 2983 οἷά
938 2938 975 2981 σε
1001 2911 1088 2990 είκός

82 3026 184 3107 βοοῖν,
202 3014 295 3104 ῶτής
305 3016 509 3105 ἀβελτερίας,
523 3014 549 3084 ῶ
561 3027 618 3106 τῆς
629 3022 841 3099 δοξοκοπίας,
857 3010 884 3082 ῶ
897 3020 964 3081 τῶν
975 3011 1087 3079 ἄλλων

82 3117 105 3186 δι’
118 3124 229 3204 λέγειν
241 3119 407 3203 είῶθαμεν
421 3121 495 3199 περί
509 3115 630 3185 αὐτῶν.
654 3115 697 3183 σύ
709 3120 769 3200 μὲν
781 3107 844 3182 οὖν
856 3114 972 3198 πόρρω
982 3119 1085 3178 ταῦτα
1103 3121 1154 3179 θλλ

82 3221 137 3286 καί
152 3224 267 3305 μακρῷ
280 3215 542 3302 ἀσφαλέστερον,
559 3215 622 3301 ἐγῶ
634 3215 670 3281 δέ
685 3212 774 3294 παρὰ
786 3212 906 3295 τόςπύρ
917 3209 1015 3296 αύτό,
1034 3212 1089 3277 καί

83 3325 131 3386 ἔτι
142 3317 305 3400 πρότερον
316 3319 352 3383 ἐν
364 3323 475 3404 πολλῶ
487 3315 610 3400 πλήθει
619 3322 687 3380 τῶν
698 3311 872 3400 ἀκροατῶν
884 3309 978 3378 είπον
989 3307 1087 3392 αὐτό,

84 3420 184 3486 ἐνίων
205 3417 266 3501 μέν
286 3413 502 3500 ἀχθομένων,
534 3413 608 3482 ὅσοι
632 3415 822 3497 ἐθαύμαζον
843 3408 905 3494 τήν
924 3407 1088 3475 ἀπόνοιαν

83 3524 145 3585 τοῦ
160 3521 330 3602 γέροντος·
350 3508 437 3601 ἦσαν
449 3516 488 3581 δέ
500 3539 588 3592 τινες
598 3519 632 3580 οἳ
643 3515 698 3580 καί
713 3509 807 3578 αὐτοὶ
821 3511 942 3594 έγέλων
957 3504 1009 3574 ἐπ’
1024 3503 1088 3572 αύ-
