<?xml version="1.0" encoding="UTF-8"?>
<!DOCTYPE html PUBLIC "-//W3C//DTD XHTML 1.0 Transitional//EN"
    "http://www.w3.org/TR/xhtml1/DTD/xhtml1-transitional.dtd">
<html xmlns="http://www.w3.org/1999/xhtml" xml:lang="en" lang="en">
 <head>
  <title>
</title>
<meta http-equiv="Content-Type" content="text/html;charset=utf-8" />
  <meta name='ocr-system' content='tesseract 3.04.00' />
  <meta name='ocr-capabilities' content='ocr_page ocr_carea ocr_par ocr_line ocrx_word'/>
</head>
<body>
  <div class='ocr_page' id='page_1' title='image "./lucianisamosate04jacogoog/lucianisamosate04jacogoog_0362.png"; bbox 0 0 2625 4092; ppageno 0'>
   <div class='ocr_carea' id='block_1_1' title="bbox 232 297 891 364">
    <p class='ocr_par' dir='ltr' id='par_1_1' title="bbox 232 297 891 364">
     <span class='ocr_line' id='line_1_1' title="bbox 232 297 891 364; baseline 0.008 -5"><span class='ocrx_word' id='word_1_1' title='bbox 232 297 295 360; x_wconf 79' lang='lat'><strong><em>³06</em></strong></span> <span class='ocrx_word' id='word_1_2' title='bbox 596 303 891 364; x_wconf 78' lang='lat' dir='ltr'><em>AOYKIANOY</em></span> 
     </span>
    </p>
   </div>
   <div class='ocr_carea' id='block_1_2' title="bbox 161 458 1292 3588">
    <p class='ocr_par' dir='ltr' id='par_1_2' title="bbox 161 458 1292 2311">
     <span class='ocr_line' id='line_1_2' title="bbox 231 458 1227 548; baseline 0.011 -21"><span class='ocrx_word' id='word_1_3' title='bbox 231 467 307 546; x_wconf 92' lang='grc' dir='ltr'><strong><em>βίον</em></strong></span> <span class='ocrx_word' id='word_1_4' title='bbox 321 458 458 548; x_wconf 87' lang='grc' dir='ltr'><strong><em>ἀγαγῶν</em></strong></span> <span class='ocrx_word' id='word_1_5' title='bbox 470 466 570 542; x_wconf 79' lang='grc' dir='ltr'><em>ἔδειξε</em></span> <span class='ocrx_word' id='word_1_6' title='bbox 582 477 650 540; x_wconf 78' lang='grc' dir='ltr'><strong><em>τοῖς</em></strong></span> <span class='ocrx_word' id='word_1_7' title='bbox 661 472 810 548; x_wconf 77' lang='grc' dir='ltr'><em>πολλοῖς,</em></span> <span class='ocrx_word' id='word_1_8' title='bbox 827 460 881 532; x_wconf 82' lang='grc' dir='ltr'><strong><em>οἷα</em></strong></span> <span class='ocrx_word' id='word_1_9' title='bbox 894 471 1022 535; x_wconf 80' lang='grc' dir='ltr'><strong><em>ἔπαθεν</em></strong></span> <span class='ocrx_word' id='word_1_10' title='bbox 1033 464 1106 537; x_wconf 83' lang='grc' dir='ltr'><strong><em>ἀνό</em></strong></span> <span class='ocrx_word' id='word_1_11' title='bbox 1121 468 1227 548; x_wconf 87' lang='grc' dir='ltr'><strong><em>ἀθλιος</em></strong></span> 
     </span>
     <span class='ocr_line' id='line_1_3' title="bbox 232 555 1228 645; baseline 0.009 -20"><span class='ocrx_word' id='word_1_12' title='bbox 232 557 289 625; x_wconf 76' lang='grc' dir='ltr'><strong><em>ὑπ’</em></strong></span> <span class='ocrx_word' id='word_1_13' title='bbox 311 557 440 641; x_wconf 83' lang='grc' dir='ltr'><strong><em>αύτῶν;</em></strong></span> <span class='ocrx_word' id='word_1_14' title='bbox 461 561 682 644; x_wconf 94' lang='grc' dir='ltr'><strong><em>διεσπάσαντο</em></strong></span> <span class='ocrx_word' id='word_1_15' title='bbox 697 558 762 645; x_wconf 89' lang='grc' dir='ltr'><strong><em>γάρ</em></strong></span> <span class='ocrx_word' id='word_1_16' title='bbox 779 556 823 627; x_wconf 91' lang='grc' dir='ltr'><strong><em>άν</em></strong></span> <span class='ocrx_word' id='word_1_17' title='bbox 840 558 945 628; x_wconf 82' lang='grc' dir='ltr'><strong><em>αὐτόν</em></strong></span> <span class='ocrx_word' id='word_1_18' title='bbox 959 555 998 629; x_wconf 82' lang='grc' dir='ltr'><strong><em>εὖ</em></strong></span> <span class='ocrx_word' id='word_1_19' title='bbox 1018 563 1082 631; x_wconf 82' lang='grc' dir='ltr'><strong><em>οἷδ’</em></strong></span> <span class='ocrx_word' id='word_1_20' title='bbox 1099 564 1149 632; x_wconf 84' lang='grc' dir='ltr'><strong><em>ότι</em></strong></span> <span class='ocrx_word' id='word_1_21' title='bbox 1164 575 1228 634; x_wconf 81' lang='grc' dir='ltr'><strong><em>ἐκι-</em></strong></span> 
     </span>
     <span class='ocr_line' id='line_1_4' title="bbox 232 657 1229 752; baseline 0.007 -28"><span class='ocrx_word' id='word_1_22' title='bbox 232 658 413 744; x_wconf 77' lang='grc' dir='ltr'><strong><em>δραμόντες</em></strong></span> <span class='ocrx_word' id='word_1_23' title='bbox 431 657 541 742; x_wconf 84' lang='grc' dir='ltr'><strong><em>ῶσπερ</em></strong></span> <span class='ocrx_word' id='word_1_24' title='bbox 556 657 615 726; x_wconf 85' lang='grc' dir='ltr'><strong><em>τόν</em></strong></span> <span class='ocrx_word' id='word_1_25' title='bbox 627 662 762 726; x_wconf 87' lang='grc' dir='ltr'><strong><em>Πενθέα</em></strong></span> <span class='ocrx_word' id='word_1_26' title='bbox 777 663 813 726; x_wconf 86' lang='grc' dir='ltr'><strong><em>αί</em></strong></span> <span class='ocrx_word' id='word_1_27' title='bbox 825 659 1000 738; x_wconf 73' lang='grc' dir='ltr'><strong><em>Μαινάδες</em></strong></span> <span class='ocrx_word' id='word_1_28' title='bbox 1013 657 1035 746; x_wconf 80' lang='grc' dir='ltr'><strong><em>ἦ</em></strong></span> <span class='ocrx_word' id='word_1_29' title='bbox 1049 667 1086 729; x_wconf 83' lang='grc' dir='ltr'><strong><em>αἱ</em></strong></span> <span class='ocrx_word' id='word_1_30' title='bbox 1094 671 1229 752; x_wconf 81' lang='grc' dir='ltr'><strong><em>Θρᾷτται</em></strong></span> 
     </span>
     <span class='ocr_line' id='line_1_5' title="bbox 231 752 394 842; baseline 0.006 -20"><span class='ocrx_word' id='word_1_31' title='bbox 231 753 291 822; x_wconf 86' lang='grc' dir='ltr'><strong><em>τόν</em></strong></span> <span class='ocrx_word' id='word_1_32' title='bbox 311 752 394 842; x_wconf 82' lang='grc' dir='ltr'><strong><em>Ὀρφ</em></strong></span> 
     </span>
     <span class='ocr_line' id='line_1_6' title="bbox 230 850 1231 944; baseline 0.003 -23"><span class='ocrx_word' id='word_1_33' title='bbox 230 852 480 938; x_wconf 77' lang='grc' dir='ltr'><strong><em>ἀπενέγκασθαι</em></strong></span> <span class='ocrx_word' id='word_1_34' title='bbox 493 853 529 921; x_wconf 85' lang='grc' dir='ltr'><strong><em>τό</em></strong></span> <span class='ocrx_word' id='word_1_35' title='bbox 546 858 646 940; x_wconf 84' lang='grc' dir='ltr'><strong><em>μέρος</em></strong></span> <span class='ocrx_word' id='word_1_36' title='bbox 659 851 743 936; x_wconf 87' lang='grc' dir='ltr'><strong><em>πρός</em></strong></span> <span class='ocrx_word' id='word_1_37' title='bbox 757 850 923 939; x_wconf 77' lang='grc' dir='ltr'><em>ἀλλήλους</em></span> <span class='ocrx_word' id='word_1_38' title='bbox 938 857 1075 935; x_wconf 81' lang='grc' dir='ltr'><strong><em>ἕκαστος</em></strong></span> <span class='ocrx_word' id='word_1_39' title='bbox 1089 856 1231 944; x_wconf 87' lang='grc' dir='ltr'><strong><em>άμιλλῶ-</em></strong></span> 
     </span>
     <span class='ocr_line' id='line_1_7' title="bbox 230 951 1292 1041; baseline 0.006 -23"><span class='ocrx_word' id='word_1_40' title='bbox 230 979 341 1038; x_wconf 84' lang='grc' dir='ltr'><strong><em>μενοι,</em></strong></span> <span class='ocrx_word' id='word_1_41' title='bbox 360 955 447 1039; x_wconf 83' lang='grc' dir='ltr'><strong><em>οἵγε</em></strong></span> <span class='ocrx_word' id='word_1_42' title='bbox 468 951 546 1020; x_wconf 74' lang='grc' dir='ltr'><strong><em>οὐδὲ</em></strong></span> <span class='ocrx_word' id='word_1_43' title='bbox 563 953 770 1035; x_wconf 79' lang='grc' dir='ltr'><strong><em>ἑορτάζοντες</em></strong></span> <span class='ocrx_word' id='word_1_44' title='bbox 791 958 852 1032; x_wconf 81' lang='grc' dir='ltr'><strong><em>ἔξω</em></strong></span> <span class='ocrx_word' id='word_1_45' title='bbox 871 961 933 1020; x_wconf 84' lang='grc' dir='ltr'><strong><em>τού</em></strong></span> <span class='ocrx_word' id='word_1_46' title='bbox 954 960 1174 1039; x_wconf 78' lang='grc' dir='ltr'><strong><em>φιλοκερδοῦς</em></strong></span> <span class='ocrx_word' id='word_1_47' title='bbox 1189 963 1231 1023; x_wconf 88' lang='grc' dir='ltr'><strong><em>εί·</em></strong></span> <span class='ocrx_word' id='word_1_48' title='bbox 1291 1026 1292 1041; x_wconf 50' lang='grc'><strong><em>,</em></strong></span> 
     </span>
     <span class='ocr_line' id='line_1_8' title="bbox 231 1044 1292 1140; baseline 0.002 -23"><span class='ocrx_word' id='word_1_49' title='bbox 231 1072 302 1134; x_wconf 93' lang='grc' dir='ltr'><strong><em>σιν,</em></strong></span> <span class='ocrx_word' id='word_1_50' title='bbox 324 1047 407 1117; x_wconf 89' lang='grc' dir='ltr'><strong><em>ἀλλά</em></strong></span> <span class='ocrx_word' id='word_1_51' title='bbox 430 1051 600 1132; x_wconf 92' lang='grc' dir='ltr'><strong><em>πρόσοδον</em></strong></span> <span class='ocrx_word' id='word_1_52' title='bbox 621 1054 656 1117; x_wconf 88' lang='grc' dir='ltr'><strong><em>οί</em></strong></span> <span class='ocrx_word' id='word_1_53' title='bbox 673 1052 790 1118; x_wconf 78' lang='grc' dir='ltr'><strong><em>πολλοὶ</em></strong></span> <span class='ocrx_word' id='word_1_54' title='bbox 812 1058 1009 1136; x_wconf 83' lang='grc' dir='ltr'><strong><em>πεποίηνται</em></strong></span> <span class='ocrx_word' id='word_1_55' title='bbox 1025 1051 1087 1139; x_wconf 75' lang='grc' dir='ltr'><strong><em>τὴν</em></strong></span> <span class='ocrx_word' id='word_1_56' title='bbox 1108 1056 1232 1140; x_wconf 76' lang='grc' dir='ltr'><strong><em>ἑορτήν.</em></strong></span> <span class='ocrx_word' id='word_1_57' title='bbox 1291 1044 1292 1078; x_wconf 52' lang='lat'><strong>¹</strong></span> 
     </span>
     <span class='ocr_line' id='line_1_9' title="bbox 232 1146 1292 1239; baseline 0.004 -23"><span class='ocrx_word' id='word_1_58' title='bbox 232 1147 299 1216; x_wconf 82' lang='grc' dir='ltr'><strong><em>εἶτα</em></strong></span> <span class='ocrx_word' id='word_1_59' title='bbox 311 1151 414 1234; x_wconf 78' lang='grc' dir='ltr'><strong><em>οἱμὲν</em></strong></span> <span class='ocrx_word' id='word_1_60' title='bbox 426 1146 622 1235; x_wconf 87' lang='grc' dir='ltr'><strong><em>ἀπέρχονται</em></strong></span> <span class='ocrx_word' id='word_1_61' title='bbox 637 1149 853 1236; x_wconf 79' lang='grc' dir='ltr'><strong><em>λῃστεύοντες</em></strong></span> <span class='ocrx_word' id='word_1_62' title='bbox 865 1152 902 1215; x_wconf 82' lang='grc' dir='ltr'><strong><em>ἐν</em></strong></span> <span class='ocrx_word' id='word_1_63' title='bbox 915 1158 962 1239; x_wconf 78' lang='grc' dir='ltr'><strong><em>τῷ</em></strong></span> <span class='ocrx_word' id='word_1_64' title='bbox 974 1158 1150 1239; x_wconf 73' lang='grc' dir='ltr'><strong><em>συμποσίῳ</em></strong></span> <span class='ocrx_word' id='word_1_65' title='bbox 1160 1150 1234 1229; x_wconf 84' lang='grc' dir='ltr'><strong><em>τούς</em></strong></span> <span class='ocrx_word' id='word_1_66' title='bbox 1291 1182 1292 1221; x_wconf 70' lang='lat'>1</span> 
     </span>
     <span class='ocr_line' id='line_1_10' title="bbox 231 1243 1234 1332; baseline 0 -18"><span class='ocrx_word' id='word_1_67' title='bbox 231 1255 365 1332; x_wconf 89' lang='grc' dir='ltr'><strong><em>φίλους,</em></strong></span> <span class='ocrx_word' id='word_1_68' title='bbox 383 1252 416 1314; x_wconf 81' lang='grc' dir='ltr'><strong><em>οἱ</em></strong></span> <span class='ocrx_word' id='word_1_69' title='bbox 429 1250 467 1314; x_wconf 87' lang='grc' dir='ltr'><strong><em>δέ</em></strong></span> <span class='ocrx_word' id='word_1_70' title='bbox 481 1253 536 1314; x_wconf 93' lang='grc' dir='ltr'><strong><em>σοί</em></strong></span> <span class='ocrx_word' id='word_1_71' title='bbox 548 1273 582 1313; x_wconf 88' lang='grc' dir='ltr'><strong><em>τε</em></strong></span> <span class='ocrx_word' id='word_1_72' title='bbox 598 1251 847 1330; x_wconf 83' lang='grc' dir='ltr'><strong><em>λοιδοροῦνται,</em></strong></span> <span class='ocrx_word' id='word_1_73' title='bbox 863 1243 964 1314; x_wconf 78' lang='grc' dir='ltr'><strong><em>οὐδὲν</em></strong></span> <span class='ocrx_word' id='word_1_74' title='bbox 980 1251 1072 1330; x_wconf 83' lang='grc' dir='ltr'><strong><em>δέον,</em></strong></span> <span class='ocrx_word' id='word_1_75' title='bbox 1089 1247 1234 1326; x_wconf 76' lang='grc' dir='ltr'><strong><em>καὶτοὺς</em></strong></span> 
     </span>
     <span class='ocr_line' id='line_1_11' title="bbox 230 1337 1235 1431; baseline 0 -19"><span class='ocrx_word' id='word_1_76' title='bbox 230 1345 356 1431; x_wconf 91' lang='grc' dir='ltr'><strong><em>κύβους</em></strong></span> <span class='ocrx_word' id='word_1_77' title='bbox 372 1353 609 1431; x_wconf 79' lang='grc' dir='ltr'><strong><em>συντρίβουσιν</em></strong></span> <span class='ocrx_word' id='word_1_78' title='bbox 626 1342 795 1421; x_wconf 81' lang='grc' dir='ltr'><strong><em>ἀναιτίους</em></strong></span> <span class='ocrx_word' id='word_1_79' title='bbox 808 1343 906 1422; x_wconf 88' lang='grc' dir='ltr'><strong><em>όντας</em></strong></span> <span class='ocrx_word' id='word_1_80' title='bbox 918 1342 1030 1423; x_wconf 80' lang='grc' dir='ltr'><strong><em>αὐτοῖς</em></strong></span> <span class='ocrx_word' id='word_1_81' title='bbox 1045 1337 1093 1410; x_wconf 83' lang='grc' dir='ltr'><strong><em>ῶν</em></strong></span> <span class='ocrx_word' id='word_1_82' title='bbox 1105 1345 1235 1422; x_wconf 83' lang='grc' dir='ltr'><strong><em>ἑκόντες</em></strong></span> 
     </span>
     <span class='ocr_line' id='line_1_12' title="bbox 230 1440 1235 1531; baseline 0.006 -21"><span class='ocrx_word' id='word_1_83' title='bbox 230 1451 394 1511; x_wconf 85' lang='grc' dir='ltr'><strong><em>ποιοῦσιν.</em></strong></span> <span class='ocrx_word' id='word_1_84' title='bbox 427 1449 456 1510; x_wconf 87' lang='grc'><strong><em>9.</em></strong></span> <span class='ocrx_word' id='word_1_85' title='bbox 473 1441 556 1526; x_wconf 84' lang='grc' dir='ltr'><strong><em>ἀτάρ</em></strong></span> <span class='ocrx_word' id='word_1_86' title='bbox 577 1446 648 1511; x_wconf 87' lang='grc' dir='ltr'><strong><em>είπέ</em></strong></span> <span class='ocrx_word' id='word_1_87' title='bbox 666 1468 723 1526; x_wconf 92' lang='grc' dir='ltr'><strong><em>μοι</em></strong></span> <span class='ocrx_word' id='word_1_88' title='bbox 740 1446 794 1509; x_wconf 79' lang='grc' dir='ltr'><strong><em>καὶ</em></strong></span> <span class='ocrx_word' id='word_1_89' title='bbox 815 1443 908 1526; x_wconf 91' lang='grc' dir='ltr'><strong><em>τόδε,</em></strong></span> <span class='ocrx_word' id='word_1_90' title='bbox 934 1450 968 1510; x_wconf 90' lang='grc' dir='ltr'><strong><em>τί</em></strong></span> <span class='ocrx_word' id='word_1_91' title='bbox 980 1445 1021 1528; x_wconf 84' lang='grc' dir='ltr'><strong><em>δη’</em></strong></span> <span class='ocrx_word' id='word_1_92' title='bbox 1037 1469 1119 1510; x_wconf 89' lang='grc' dir='ltr'><strong><em>ποτε</em></strong></span> <span class='ocrx_word' id='word_1_93' title='bbox 1134 1440 1235 1531; x_wconf 73' lang='grc' dir='ltr'><strong><em>ἁβρὸς</em></strong></span> 
     </span>
     <span class='ocr_line' id='line_1_13' title="bbox 161 1535 1235 1626; baseline -0.002 -20"><span class='ocrx_word' id='word_1_94' title='bbox 161 1561 212 1616; x_wconf 69' lang='lat'><strong><em>392</em></strong></span> <span class='ocrx_word' id='word_1_95' title='bbox 233 1542 320 1606; x_wconf 90' lang='grc' dir='ltr'><strong><em>ούτω</em></strong></span> <span class='ocrx_word' id='word_1_96' title='bbox 335 1537 415 1618; x_wconf 82' lang='grc' dir='ltr'><strong><em>θεὸς</em></strong></span> <span class='ocrx_word' id='word_1_97' title='bbox 431 1535 479 1607; x_wconf 79' lang='grc' dir='ltr'><strong><em>ῶν</em></strong></span> <span class='ocrx_word' id='word_1_98' title='bbox 494 1544 548 1608; x_wconf 79' lang='grc' dir='ltr'><strong><em>καὶ</em></strong></span> <span class='ocrx_word' id='word_1_99' title='bbox 563 1543 672 1626; x_wconf 88' lang='grc' dir='ltr'><strong><em>γέρων</em></strong></span> <span class='ocrx_word' id='word_1_100' title='bbox 686 1539 915 1625; x_wconf 83' lang='grc' dir='ltr'><strong><em>ἐπιλεξάμενος</em></strong></span> <span class='ocrx_word' id='word_1_101' title='bbox 930 1538 968 1606; x_wconf 86' lang='grc' dir='ltr'><strong><em>τό</em></strong></span> <span class='ocrx_word' id='word_1_102' title='bbox 984 1538 1235 1624; x_wconf 86' lang='grc' dir='ltr'><strong><em>ἀτερπέστατον,</em></strong></span> 
     </span>
     <span class='ocr_line' id='line_1_14' title="bbox 231 1634 1292 1723; baseline -0.004 -17"><span class='ocrx_word' id='word_1_103' title='bbox 231 1637 329 1706; x_wconf 86' lang='grc' dir='ltr'><strong><em>ὁπότε</em></strong></span> <span class='ocrx_word' id='word_1_104' title='bbox 345 1635 457 1723; x_wconf 82' lang='grc' dir='ltr'><strong><em>ἡχιῶν</em></strong></span> <span class='ocrx_word' id='word_1_105' title='bbox 468 1641 574 1723; x_wconf 82' lang='grc' dir='ltr'><strong><em>ἐπέχει</em></strong></span> <span class='ocrx_word' id='word_1_106' title='bbox 588 1636 627 1705; x_wconf 89' lang='grc' dir='ltr'><strong><em>τά</em></strong></span> <span class='ocrx_word' id='word_1_107' title='bbox 641 1639 751 1704; x_wconf 88' lang='grc' dir='ltr'><strong><em>πάντα</em></strong></span> <span class='ocrx_word' id='word_1_108' title='bbox 760 1639 814 1704; x_wconf 80' lang='grc' dir='ltr'><strong><em>καλ</em></strong></span> <span class='ocrx_word' id='word_1_109' title='bbox 829 1635 982 1722; x_wconf 83' lang='grc' dir='ltr'><strong><em>όβορρας</em></strong></span> <span class='ocrx_word' id='word_1_110' title='bbox 994 1635 1100 1715; x_wconf 80' lang='grc' dir='ltr'><strong><em>πολύς</em></strong></span> <span class='ocrx_word' id='word_1_111' title='bbox 1111 1641 1168 1704; x_wconf 84' lang='grc' dir='ltr'><strong><em>καὶ</em></strong></span> <span class='ocrx_word' id='word_1_112' title='bbox 1179 1634 1235 1702; x_wconf 83' lang='grc' dir='ltr'><strong><em>ού·</em></strong></span> <span class='ocrx_word' id='word_1_113' title='bbox 1291 1710 1292 1723; x_wconf 43' lang='grc'><strong><em>,</em></strong></span> 
     </span>
     <span class='ocr_line' id='line_1_15' title="bbox 231 1726 1292 1820; baseline -0.005 -16"><span class='ocrx_word' id='word_1_114' title='bbox 231 1739 288 1804; x_wconf 77' lang='grc' dir='ltr'><strong><em>δὲν</em></strong></span> <span class='ocrx_word' id='word_1_115' title='bbox 303 1733 322 1803; x_wconf 87' lang='grc' dir='ltr'>ὅ</span> <span class='ocrx_word' id='word_1_116' title='bbox 338 1762 369 1802; x_wconf 91' lang='grc' dir='ltr'><strong><em>τι</em></strong></span> <span class='ocrx_word' id='word_1_117' title='bbox 387 1733 428 1802; x_wconf 87' lang='grc' dir='ltr'><strong><em>ού</em></strong></span> <span class='ocrx_word' id='word_1_118' title='bbox 441 1740 590 1820; x_wconf 81' lang='grc' dir='ltr'><strong><em>πέπηγεν</em></strong></span> <span class='ocrx_word' id='word_1_119' title='bbox 603 1733 669 1802; x_wconf 82' lang='grc' dir='ltr'><strong><em>ὑπό</em></strong></span> <span class='ocrx_word' id='word_1_120' title='bbox 683 1742 746 1801; x_wconf 82' lang='grc' dir='ltr'><strong><em>τοῦ</em></strong></span> <span class='ocrx_word' id='word_1_121' title='bbox 761 1736 886 1817; x_wconf 79' lang='grc' dir='ltr'><strong><em>κρύους</em></strong></span> <span class='ocrx_word' id='word_1_122' title='bbox 900 1738 955 1801; x_wconf 79' lang='grc' dir='ltr'><strong><em>καὶ</em></strong></span> <span class='ocrx_word' id='word_1_123' title='bbox 969 1733 1009 1800; x_wconf 88' lang='grc' dir='ltr'><strong><em>τά</em></strong></span> <span class='ocrx_word' id='word_1_124' title='bbox 1020 1737 1146 1817; x_wconf 82' lang='grc' dir='ltr'><strong><em>δένδρα</em></strong></span> <span class='ocrx_word' id='word_1_125' title='bbox 1157 1730 1234 1819; x_wconf 76' lang='grc' dir='ltr'><strong><em>ξηρά</em></strong></span> <span class='ocrx_word' id='word_1_126' title='bbox 1291 1726 1292 1731; x_wconf 26' lang='lat'>¹</span> 
     </span>
     <span class='ocr_line' id='line_1_16' title="bbox 230 1831 1237 1920; baseline -0.006 -16"><span class='ocrx_word' id='word_1_127' title='bbox 230 1838 283 1904; x_wconf 82' lang='grc' dir='ltr'><strong><em>καὶ</em></strong></span> <span class='ocrx_word' id='word_1_128' title='bbox 294 1832 406 1920; x_wconf 87' lang='grc' dir='ltr'><strong><em>γυμνά</em></strong></span> <span class='ocrx_word' id='word_1_129' title='bbox 416 1837 470 1902; x_wconf 81' lang='grc' dir='ltr'><strong><em>καὶ</em></strong></span> <span class='ocrx_word' id='word_1_130' title='bbox 482 1833 615 1918; x_wconf 87' lang='grc' dir='ltr'><strong><em>ἀφυλλα</em></strong></span> <span class='ocrx_word' id='word_1_131' title='bbox 626 1837 681 1901; x_wconf 81' lang='grc' dir='ltr'><strong><em>καί</em></strong></span> <span class='ocrx_word' id='word_1_132' title='bbox 691 1840 725 1902; x_wconf 80' lang='grc' dir='ltr'><strong><em>οἱ</em></strong></span> <span class='ocrx_word' id='word_1_133' title='bbox 733 1843 890 1918; x_wconf 79' lang='grc' dir='ltr'><strong><em>λειμῶνες</em></strong></span> <span class='ocrx_word' id='word_1_134' title='bbox 901 1832 1049 1919; x_wconf 79' lang='grc' dir='ltr'><strong><em>ἄμορφοι</em></strong></span> <span class='ocrx_word' id='word_1_135' title='bbox 1060 1835 1117 1901; x_wconf 83' lang='grc' dir='ltr'><strong><em>καὶ</em></strong></span> <span class='ocrx_word' id='word_1_136' title='bbox 1129 1831 1237 1918; x_wconf 88' lang='grc' dir='ltr'><strong><em>ἀπην-</em></strong></span> 
     </span>
     <span class='ocr_line' id='line_1_17' title="bbox 229 1929 1237 2019; baseline -0.008 -17"><span class='ocrx_word' id='word_1_137' title='bbox 229 1933 371 2019; x_wconf 89' lang='grc' dir='ltr'><strong><em>θηκότες</em></strong></span> <span class='ocrx_word' id='word_1_138' title='bbox 392 1935 447 2000; x_wconf 82' lang='grc' dir='ltr'><strong><em>καὶ</em></strong></span> <span class='ocrx_word' id='word_1_139' title='bbox 467 1937 500 2000; x_wconf 81' lang='grc' dir='ltr'><strong><em>οἱ</em></strong></span> <span class='ocrx_word' id='word_1_140' title='bbox 518 1932 694 2018; x_wconf 87' lang='grc' dir='ltr'><strong><em>ἀνθρωποι</em></strong></span> <span class='ocrx_word' id='word_1_141' title='bbox 714 1931 949 2017; x_wconf 75' lang='grc' dir='ltr'><strong><em>ἐπικεκυφότες</em></strong></span> <span class='ocrx_word' id='word_1_142' title='bbox 965 1929 1076 2012; x_wconf 84' lang='grc' dir='ltr'><strong><em>ῶσπερ</em></strong></span> <span class='ocrx_word' id='word_1_143' title='bbox 1098 1935 1134 1997; x_wconf 85' lang='grc' dir='ltr'><strong><em>οί</em></strong></span> <span class='ocrx_word' id='word_1_144' title='bbox 1147 1930 1237 1996; x_wconf 91' lang='grc' dir='ltr'><strong><em>πάνυ</em></strong></span> 
     </span>
     <span class='ocr_line' id='line_1_18' title="bbox 231 2028 1236 2118; baseline -0.006 -20"><span class='ocrx_word' id='word_1_145' title='bbox 231 2030 465 2118; x_wconf 77' lang='grc' dir='ltr'><strong><em>γεγηρακότες,</em></strong></span> <span class='ocrx_word' id='word_1_146' title='bbox 491 2028 574 2116; x_wconf 85' lang='grc' dir='ltr'><strong><em>ἀμφὶ</em></strong></span> <span class='ocrx_word' id='word_1_147' title='bbox 597 2029 658 2117; x_wconf 77' lang='grc' dir='ltr'><strong><em>τὴν</em></strong></span> <span class='ocrx_word' id='word_1_148' title='bbox 678 2029 822 2116; x_wconf 93' lang='grc' dir='ltr'><strong><em>κάμινον</em></strong></span> <span class='ocrx_word' id='word_1_149' title='bbox 841 2033 874 2097; x_wconf 89' lang='grc' dir='ltr'><strong><em>οί</em></strong></span> <span class='ocrx_word' id='word_1_150' title='bbox 892 2037 1024 2111; x_wconf 86' lang='grc' dir='ltr'><strong><em>πολλοί,</em></strong></span> <span class='ocrx_word' id='word_1_151' title='bbox 1053 2036 1236 2113; x_wconf 83' lang='grc' dir='ltr'><strong><em>τηνικαῦτα</em></strong></span> 
     </span>
     <span class='ocr_line' id='line_1_19' title="bbox 231 2124 1236 2215; baseline -0.003 -20"><span class='ocrx_word' id='word_1_152' title='bbox 231 2129 409 2211; x_wconf 81' lang='grc' dir='ltr'><strong><em>ἑορτάζεις;</em></strong></span> <span class='ocrx_word' id='word_1_153' title='bbox 431 2126 473 2193; x_wconf 86' lang='grc' dir='ltr'><strong><em>ού</em></strong></span> <span class='ocrx_word' id='word_1_154' title='bbox 493 2126 557 2214; x_wconf 92' lang='grc' dir='ltr'><strong><em>γάρ</em></strong></span> <span class='ocrx_word' id='word_1_155' title='bbox 573 2128 793 2215; x_wconf 83' lang='grc' dir='ltr'><strong><em>πρεσβυτικός</em></strong></span> <span class='ocrx_word' id='word_1_156' title='bbox 807 2153 846 2212; x_wconf 90' lang='grc' dir='ltr'><strong><em>γε</em></strong></span> <span class='ocrx_word' id='word_1_157' title='bbox 862 2124 879 2194; x_wconf 87' lang='grc' dir='ltr'>ὁ</span> <span class='ocrx_word' id='word_1_158' title='bbox 898 2124 1012 2210; x_wconf 85' lang='grc' dir='ltr'><strong><em>καιρός</em></strong></span> <span class='ocrx_word' id='word_1_159' title='bbox 1027 2124 1106 2193; x_wconf 79' lang='grc' dir='ltr'><strong><em>ούδὲ</em></strong></span> <span class='ocrx_word' id='word_1_160' title='bbox 1124 2127 1236 2210; x_wconf 80' lang='grc' dir='ltr'><strong><em>ἐπιτη-</em></strong></span> 
     </span>
     <span class='ocr_line' id='line_1_20' title="bbox 231 2228 577 2311; baseline 0.003 -18"><span class='ocrx_word' id='word_1_161' title='bbox 231 2228 318 2302; x_wconf 87' lang='grc' dir='ltr'><strong><em>δειος</em></strong></span> <span class='ocrx_word' id='word_1_162' title='bbox 333 2238 400 2302; x_wconf 78' lang='grc' dir='ltr'><strong><em>τοῖς</em></strong></span> <span class='ocrx_word' id='word_1_163' title='bbox 416 2233 577 2311; x_wconf 78' lang='grc' dir='ltr'><strong><em>τρυφῶσι.</em></strong></span> 
     </span>
    </p>

    <p class='ocr_par' dir='ltr' id='par_1_3' title="bbox 229 2315 1290 2607">
     <span class='ocr_line' id='line_1_21' title="bbox 313 2315 1290 2410; baseline -0.007 -19"><span class='ocrx_word' id='word_1_164' title='bbox 313 2330 444 2391; x_wconf 88' lang='grc' dir='ltr'><em>ΚΡΟΝ.</em></span> <span class='ocrx_word' id='word_1_165' title='bbox 473 2324 587 2391; x_wconf 91' lang='grc' dir='ltr'><strong><em>Πολλά</em></strong></span> <span class='ocrx_word' id='word_1_166' title='bbox 608 2349 648 2410; x_wconf 89' lang='grc' dir='ltr'><strong><em>με</em></strong></span> <span class='ocrx_word' id='word_1_167' title='bbox 670 2322 877 2407; x_wconf 83' lang='grc' dir='ltr'><strong><em>ἀνακρίνεις,</em></strong></span> <span class='ocrx_word' id='word_1_168' title='bbox 904 2315 1066 2404; x_wconf 85' lang='grc' dir='ltr'><strong><em>ῶοῦτος,</em></strong></span> <span class='ocrx_word' id='word_1_169' title='bbox 1093 2320 1159 2406; x_wconf 82' lang='grc' dir='ltr'><strong><em>ἤδη</em></strong></span> <span class='ocrx_word' id='word_1_170' title='bbox 1185 2329 1236 2386; x_wconf 87' lang='grc' dir='ltr'><strong><em>πί·</em></strong></span> <span class='ocrx_word' id='word_1_171' title='bbox 1289 2334 1290 2337; x_wconf 76' lang='grc'>’</span> 
     </span>
     <span class='ocr_line' id='line_1_22' title="bbox 229 2415 1238 2510; baseline -0.008 -21"><span class='ocrx_word' id='word_1_172' title='bbox 229 2449 301 2489; x_wconf 86' lang='grc' dir='ltr'><strong><em>νειν</em></strong></span> <span class='ocrx_word' id='word_1_173' title='bbox 319 2425 410 2490; x_wconf 85' lang='grc' dir='ltr'><strong><em>δέον’</em></strong></span> <span class='ocrx_word' id='word_1_174' title='bbox 434 2421 622 2510; x_wconf 81' lang='grc' dir='ltr'><strong><em>παρῄρησαι</em></strong></span> <span class='ocrx_word' id='word_1_175' title='bbox 637 2428 724 2508; x_wconf 83' lang='grc' dir='ltr'><strong><em>γοῦν</em></strong></span> <span class='ocrx_word' id='word_1_176' title='bbox 737 2446 804 2506; x_wconf 92' lang='grc' dir='ltr'><strong><em>μου</em></strong></span> <span class='ocrx_word' id='word_1_177' title='bbox 825 2421 949 2507; x_wconf 93' lang='grc' dir='ltr'><strong><em>χρόνον</em></strong></span> <span class='ocrx_word' id='word_1_178' title='bbox 964 2426 1020 2504; x_wconf 77' lang='grc' dir='ltr'><strong><em>τῆς</em></strong></span> <span class='ocrx_word' id='word_1_179' title='bbox 1040 2420 1158 2504; x_wconf 77' lang='grc' dir='ltr'><strong><em>ἑορτῆς</em></strong></span> <span class='ocrx_word' id='word_1_180' title='bbox 1177 2415 1238 2482; x_wconf 80' lang='grc' dir='ltr'><strong><em>οὐκ</em></strong></span> 
     </span>
     <span class='ocr_line' id='line_1_23' title="bbox 229 2517 1289 2607; baseline -0.008 -19"><span class='ocrx_word' id='word_1_181' title='bbox 229 2517 343 2606; x_wconf 86' lang='grc' dir='ltr'><strong><em>ἀλίγον</em></strong></span> <span class='ocrx_word' id='word_1_182' title='bbox 368 2517 410 2586; x_wconf 87' lang='grc' dir='ltr'><strong><em>ού</em></strong></span> <span class='ocrx_word' id='word_1_183' title='bbox 435 2519 527 2586; x_wconf 87' lang='grc' dir='ltr'><strong><em>πάνυ</em></strong></span> <span class='ocrx_word' id='word_1_184' title='bbox 546 2517 710 2606; x_wconf 82' lang='grc' dir='ltr'><strong><em>ἀναγκαῖά</em></strong></span> <span class='ocrx_word' id='word_1_185' title='bbox 734 2545 791 2605; x_wconf 93' lang='grc' dir='ltr'><strong><em>μοι</em></strong></span> <span class='ocrx_word' id='word_1_186' title='bbox 812 2526 915 2586; x_wconf 85' lang='grc' dir='ltr'><strong><em>ταῦτα</em></strong></span> <span class='ocrx_word' id='word_1_187' title='bbox 936 2523 1235 2602; x_wconf 74' lang='grc' dir='ltr'><strong><em>προσφιλοσοφῶν.</em></strong></span> <span class='ocrx_word' id='word_1_188' title='bbox 1288 2580 1289 2607; x_wconf 27' lang='grc' dir='ltr'><strong><em>ι</em></strong></span> 
     </span>
    </p>

    <p class='ocr_par' dir='ltr' id='par_1_4' title="bbox 228 2614 1289 3192">
     <span class='ocr_line' id='line_1_24' title="bbox 230 2614 1289 2703; baseline -0.007 -19"><span class='ocrx_word' id='word_1_189' title='bbox 230 2615 313 2685; x_wconf 77' lang='grc' dir='ltr'><strong><em>ὥστε</em></strong></span> <span class='ocrx_word' id='word_1_190' title='bbox 329 2625 395 2685; x_wconf 90' lang='grc' dir='ltr'><strong><em>νῦν</em></strong></span> <span class='ocrx_word' id='word_1_191' title='bbox 410 2617 471 2701; x_wconf 73' lang='grc' dir='ltr'><strong><em>μὲν</em></strong></span> <span class='ocrx_word' id='word_1_192' title='bbox 486 2617 569 2703; x_wconf 87' lang='grc' dir='ltr'><strong><em>ἀφες</em></strong></span> <span class='ocrx_word' id='word_1_193' title='bbox 590 2616 692 2696; x_wconf 82' lang='grc' dir='ltr'><strong><em>αὐτά,</em></strong></span> <span class='ocrx_word' id='word_1_194' title='bbox 720 2616 922 2703; x_wconf 75' lang='grc' dir='ltr'><strong><em>εὐωχώμεθα</em></strong></span> <span class='ocrx_word' id='word_1_195' title='bbox 944 2615 979 2683; x_wconf 72' lang='grc' dir='ltr'><strong><em>δὲ</em></strong></span> <span class='ocrx_word' id='word_1_196' title='bbox 1001 2614 1063 2701; x_wconf 79' lang='grc' dir='ltr'><strong><em>ἤδη</em></strong></span> <span class='ocrx_word' id='word_1_197' title='bbox 1085 2617 1141 2681; x_wconf 81' lang='grc' dir='ltr'><strong><em>καὶ</em></strong></span> <span class='ocrx_word' id='word_1_198' title='bbox 1157 2639 1237 2695; x_wconf 89' lang='grc' dir='ltr'><strong><em>κρο-</em></strong></span> <span class='ocrx_word' id='word_1_199' title='bbox 1288 2622 1289 2637; x_wconf 70' lang='grc'>’</span> 
     </span>
     <span class='ocr_line' id='line_1_25' title="bbox 228 2712 1237 2804; baseline -0.006 -22"><span class='ocrx_word' id='word_1_200' title='bbox 228 2722 338 2801; x_wconf 79' lang='grc' dir='ltr'><strong><em>πῶμεν</em></strong></span> <span class='ocrx_word' id='word_1_201' title='bbox 354 2718 408 2782; x_wconf 78' lang='grc' dir='ltr'><strong><em>καὶ</em></strong></span> <span class='ocrx_word' id='word_1_202' title='bbox 425 2719 477 2783; x_wconf 78' lang='grc' dir='ltr'><strong><em>ἐπὶ</em></strong></span> <span class='ocrx_word' id='word_1_203' title='bbox 491 2724 531 2803; x_wconf 77' lang='grc' dir='ltr'><strong><em>τῇ</em></strong></span> <span class='ocrx_word' id='word_1_204' title='bbox 549 2719 646 2804; x_wconf 76' lang='grc' dir='ltr'><strong><em>ἑορτῇ</em></strong></span> <span class='ocrx_word' id='word_1_205' title='bbox 663 2718 962 2800; x_wconf 75' lang='grc' dir='ltr'><strong><em>ἐλευθεριάζωμεν,</em></strong></span> <span class='ocrx_word' id='word_1_206' title='bbox 985 2712 1053 2781; x_wconf 84' lang='grc' dir='ltr'><strong><em>εἶτα</em></strong></span> <span class='ocrx_word' id='word_1_207' title='bbox 1069 2712 1237 2780; x_wconf 88' lang='grc' dir='ltr'><strong><em>πεττεύω-</em></strong></span> 
     </span>
     <span class='ocr_line' id='line_1_26' title="bbox 229 2811 1237 2902; baseline -0.006 -21"><span class='ocrx_word' id='word_1_208' title='bbox 229 2839 291 2898; x_wconf 86' lang='grc' dir='ltr'><strong><em>μεν</em></strong></span> <span class='ocrx_word' id='word_1_209' title='bbox 303 2815 335 2892; x_wconf 86' lang='grc' dir='ltr'><strong><em>ές</em></strong></span> <span class='ocrx_word' id='word_1_210' title='bbox 345 2812 382 2881; x_wconf 85' lang='grc' dir='ltr'><strong><em>τὸ</em></strong></span> <span class='ocrx_word' id='word_1_211' title='bbox 395 2811 532 2898; x_wconf 83' lang='grc' dir='ltr'><strong><em>ἀρχαίου</em></strong></span> <span class='ocrx_word' id='word_1_212' title='bbox 547 2815 599 2880; x_wconf 79' lang='grc' dir='ltr'><strong><em>ἐπὶ</em></strong></span> <span class='ocrx_word' id='word_1_213' title='bbox 614 2812 751 2897; x_wconf 91' lang='grc' dir='ltr'><strong><em>καρύων</em></strong></span> <span class='ocrx_word' id='word_1_214' title='bbox 764 2818 816 2882; x_wconf 81' lang='grc' dir='ltr'><strong><em>καὶ</em></strong></span> <span class='ocrx_word' id='word_1_215' title='bbox 829 2819 982 2902; x_wconf 89' lang='grc' dir='ltr'><strong><em>βασιλέας</em></strong></span> <span class='ocrx_word' id='word_1_216' title='bbox 993 2818 1237 2897; x_wconf 85' lang='grc' dir='ltr'><strong><em>χειροτονῶμεν</em></strong></span> 
     </span>
     <span class='ocr_line' id='line_1_27' title="bbox 230 2908 1237 2997; baseline -0.004 -18"><span class='ocrx_word' id='word_1_217' title='bbox 230 2915 285 2979; x_wconf 80' lang='grc' dir='ltr'><strong><em>καὶ</em></strong></span> <span class='ocrx_word' id='word_1_218' title='bbox 305 2920 540 2997; x_wconf 86' lang='grc' dir='ltr'><strong><em>πειθαρχῶμεν</em></strong></span> <span class='ocrx_word' id='word_1_219' title='bbox 561 2910 688 2990; x_wconf 81' lang='grc' dir='ltr'><strong><em>αὐτοῖς·</em></strong></span> <span class='ocrx_word' id='word_1_220' title='bbox 717 2911 806 2980; x_wconf 79' lang='grc' dir='ltr'><strong><em>οὕτω</em></strong></span> <span class='ocrx_word' id='word_1_221' title='bbox 826 2910 891 2997; x_wconf 88' lang='grc' dir='ltr'><strong><em>γάρ</em></strong></span> <span class='ocrx_word' id='word_1_222' title='bbox 911 2908 954 2977; x_wconf 83' lang='grc' dir='ltr'><strong><em>ἀν</em></strong></span> <span class='ocrx_word' id='word_1_223' title='bbox 971 2909 1033 2994; x_wconf 77' lang='grc' dir='ltr'><strong><em>τὴν</em></strong></span> <span class='ocrx_word' id='word_1_224' title='bbox 1053 2916 1237 2995; x_wconf 90' lang='grc' dir='ltr'><strong><em>παροιμίαν</em></strong></span> 
     </span>
     <span class='ocr_line' id='line_1_28' title="bbox 230 3005 1238 3096; baseline -0.002 -20"><span class='ocrx_word' id='word_1_225' title='bbox 230 3009 514 3094; x_wconf 83' lang='grc' dir='ltr'><strong><em>ἐπαληθεύσαιμι,</em></strong></span> <span class='ocrx_word' id='word_1_226' title='bbox 548 3008 570 3094; x_wconf 81' lang='grc' dir='ltr'><strong><em>ἥ</em></strong></span> <span class='ocrx_word' id='word_1_227' title='bbox 595 3032 698 3095; x_wconf 90' lang='grc' dir='ltr'><strong><em>φησι,</em></strong></span> <span class='ocrx_word' id='word_1_228' title='bbox 725 3015 947 3096; x_wconf 87' lang='grc' dir='ltr'><strong><em>παλίμπαιδας</em></strong></span> <span class='ocrx_word' id='word_1_229' title='bbox 972 3005 1051 3086; x_wconf 84' lang='grc' dir='ltr'><strong><em>τούς</em></strong></span> <span class='ocrx_word' id='word_1_230' title='bbox 1076 3011 1238 3092; x_wconf 84' lang='grc' dir='ltr'><strong><em>γέροντας</em></strong></span> 
     </span>
     <span class='ocr_line' id='line_1_29' title="bbox 231 3114 418 3192; baseline -0.016 -19"><span class='ocrx_word' id='word_1_231' title='bbox 231 3114 418 3192; x_wconf 85' lang='grc' dir='ltr'><strong><em>γίγνεσθαι.</em></strong></span> 
     </span>
    </p>

    <p class='ocr_par' dir='ltr' id='par_1_5' title="bbox 230 3197 1237 3588">
     <span class='ocr_line' id='line_1_30' title="bbox 319 3197 1236 3291; baseline -0.003 -20"><span class='ocrx_word' id='word_1_232' title='bbox 319 3209 402 3271; x_wconf 83' lang='grc' dir='ltr'><strong><em>ΙΕΡ.</em></strong></span> <span class='ocrx_word' id='word_1_233' title='bbox 442 3199 539 3272; x_wconf 81' lang='grc' dir='ltr'><strong><em>Ἀλλά</em></strong></span> <span class='ocrx_word' id='word_1_234' title='bbox 560 3204 603 3291; x_wconf 76' lang='grc' dir='ltr'><strong><em>μὴ</em></strong></span> <span class='ocrx_word' id='word_1_235' title='bbox 631 3208 768 3275; x_wconf 89' lang='grc' dir='ltr'><strong><em>δύναιτο</em></strong></span> <span class='ocrx_word' id='word_1_236' title='bbox 795 3212 902 3285; x_wconf 80' lang='grc' dir='ltr'><strong><em>διψῶν</em></strong></span> <span class='ocrx_word' id='word_1_237' title='bbox 923 3220 1026 3289; x_wconf 79' lang='grc' dir='ltr'><strong><em>πιεῖν,</em></strong></span> <span class='ocrx_word' id='word_1_238' title='bbox 1057 3197 1086 3270; x_wconf 89' lang='grc' dir='ltr'><strong><em>ῶ</em></strong></span> <span class='ocrx_word' id='word_1_239' title='bbox 1111 3205 1236 3289; x_wconf 87' lang='grc' dir='ltr'><strong><em>Κρόνε,</em></strong></span> 
     </span>
     <span class='ocr_line' id='line_1_31' title="bbox 230 3299 1237 3390; baseline -0.003 -20"><span class='ocrx_word' id='word_1_240' title='bbox 230 3299 295 3390; x_wconf 81' lang='grc' dir='ltr'><strong><em>ότφ</em></strong></span> <span class='ocrx_word' id='word_1_241' title='bbox 310 3299 354 3386; x_wconf 80' lang='grc' dir='ltr'><strong><em>μὴ</em></strong></span> <span class='ocrx_word' id='word_1_242' title='bbox 371 3309 473 3367; x_wconf 83' lang='grc' dir='ltr'><strong><em>ταῦτα</em></strong></span> <span class='ocrx_word' id='word_1_243' title='bbox 493 3299 514 3367; x_wconf 81' lang='grc' dir='ltr'><strong><em>ἀ</em></strong></span> <span class='ocrx_word' id='word_1_244' title='bbox 529 3306 633 3390; x_wconf 86' lang='grc' dir='ltr'><strong><em>λέγεις</em></strong></span> <span class='ocrx_word' id='word_1_245' title='bbox 646 3303 736 3390; x_wconf 81' lang='grc' dir='ltr'><strong><em>ἡδέα.</em></strong></span> <span class='ocrx_word' id='word_1_246' title='bbox 768 3305 850 3372; x_wconf 78' lang='grc' dir='ltr'><strong><em>ὥστε</em></strong></span> <span class='ocrx_word' id='word_1_247' title='bbox 865 3311 1031 3389; x_wconf 86' lang='grc' dir='ltr'><strong><em>πίνωμεν·</em></strong></span> <span class='ocrx_word' id='word_1_248' title='bbox 1056 3301 1161 3370; x_wconf 86' lang='grc' dir='ltr'><strong><em>ίκανά</em></strong></span> <span class='ocrx_word' id='word_1_249' title='bbox 1175 3299 1237 3387; x_wconf 88' lang='grc' dir='ltr'><strong><em>γάρ</em></strong></span> 
     </span>
     <span class='ocr_line' id='line_1_32' title="bbox 230 3399 1236 3491; baseline 0.001 -23"><span class='ocrx_word' id='word_1_250' title='bbox 230 3399 447 3482; x_wconf 84' lang='grc' dir='ltr'><strong><em>ἀποκέκρισαι</em></strong></span> <span class='ocrx_word' id='word_1_251' title='bbox 467 3403 521 3467; x_wconf 79' lang='grc' dir='ltr'><strong><em>καὶ</em></strong></span> <span class='ocrx_word' id='word_1_252' title='bbox 541 3401 580 3468; x_wconf 89' lang='grc' dir='ltr'><strong><em>τά</em></strong></span> <span class='ocrx_word' id='word_1_253' title='bbox 601 3411 724 3484; x_wconf 90' lang='grc' dir='ltr'><strong><em>πρῶτα.</em></strong></span> <span class='ocrx_word' id='word_1_254' title='bbox 762 3414 818 3472; x_wconf 89' lang='grc' dir='ltr'><strong><em>καί</em></strong></span> <span class='ocrx_word' id='word_1_255' title='bbox 836 3431 893 3491; x_wconf 92' lang='grc' dir='ltr'><strong><em>μοι</em></strong></span> <span class='ocrx_word' id='word_1_256' title='bbox 913 3410 1001 3472; x_wconf 90' lang='grc' dir='ltr'><strong><em>δοκῶ</em></strong></span> <span class='ocrx_word' id='word_1_257' title='bbox 1020 3405 1236 3489; x_wconf 76' lang='grc' dir='ltr'><strong><em>γραψάμενος</em></strong></span> 
     </span>
     <span class='ocr_line' id='line_1_33' title="bbox 232 3498 1234 3588; baseline 0.002 -22"><span class='ocrx_word' id='word_1_258' title='bbox 232 3505 277 3575; x_wconf 84' lang='grc' dir='ltr'><strong><em>εἰς</em></strong></span> <span class='ocrx_word' id='word_1_259' title='bbox 292 3502 422 3581; x_wconf 88' lang='grc' dir='ltr'><strong><em>βιβλίον</em></strong></span> <span class='ocrx_word' id='word_1_260' title='bbox 436 3499 561 3584; x_wconf 89' lang='grc' dir='ltr'><strong><em>ταύτην</em></strong></span> <span class='ocrx_word' id='word_1_261' title='bbox 572 3498 667 3586; x_wconf 83' lang='grc' dir='ltr'><strong><em>ἡμῶν</em></strong></span> <span class='ocrx_word' id='word_1_262' title='bbox 679 3500 741 3587; x_wconf 77' lang='grc' dir='ltr'><strong><em>τὴν</em></strong></span> <span class='ocrx_word' id='word_1_263' title='bbox 754 3509 938 3570; x_wconf 89' lang='grc' dir='ltr'><strong><em>συνουσίαν</em></strong></span> <span class='ocrx_word' id='word_1_264' title='bbox 950 3499 972 3568; x_wconf 84' lang='grc' dir='ltr'><strong><em>ἀ</em></strong></span> <span class='ocrx_word' id='word_1_265' title='bbox 983 3527 1017 3568; x_wconf 86' lang='grc' dir='ltr'><strong><em>τε</em></strong></span> <span class='ocrx_word' id='word_1_266' title='bbox 1032 3499 1135 3578; x_wconf 82' lang='grc' dir='ltr'><strong><em>αὐτὸς</em></strong></span> <span class='ocrx_word' id='word_1_267' title='bbox 1148 3500 1234 3588; x_wconf 83' lang='grc' dir='ltr'><strong><em>ἠρῶ·</em></strong></span> 
     </span>
    </p>
   </div>
   <div class='ocr_carea' id='block_1_3' title="bbox 0 0 1318 4092">
    <p class='ocr_par' dir='ltr' id='par_1_6' title="bbox 0 0 1318 4092">
     <span class='ocr_line' id='line_1_34' title="bbox 0 0 1318 4092; baseline 0 0"><span class='ocrx_word' id='word_1_268' title='bbox 0 0 1318 4092; x_wconf 95' lang='lat' dir='ltr'><strong><em> </em></strong></span> 
     </span>
    </p>
   </div>
  </div>
 </body>
</html>
