2625 4092
218 279 280 344 280
571 281 877 342 AOYKIANOY

217 441 350 533 βάκτρῳ
368 446 422 511 καὶ,
446 450 582 529 τρίβωνι
608 438 624 508 ὁ
648 447 758 527 ζῆλος,
779 439 862 510 άλλά
887 449 987 510 ταῦτα
1008 447 1072 530 μὲν
1093 441 1216 529 άσφαλη
1302 464 1303 531 ᾗ

217 537 386 634 καὶβηίδια
402 547 456 612 καὶ
474 540 598 622 παντός
619 537 662 608 άν
681 552 747 628 εἰη,
771 539 808 610 τό
828 545 920 620 τέλος
939 541 975 610 δὲ
993 545 1048 610 καὶ
1062 541 1100 611 τό
1120 544 1216 628 κεφά-
1302 582 1303 631 4

217 649 312 710 λαιον
327 640 388 728 χρή
406 647 527 728 ζηλοῦν
544 644 598 709 καὶ
614 639 727 723 πυράν
742 644 912 709 συνθέντα
927 649 1062 729 κορμῶν
1078 649 1218 711 συκίνων
1302 654 1303 727 Ῑ

218 737 261 818 ὡς
273 747 322 808 ἔνι
333 740 473 825 μάλιστα
482 746 621 826 χλωρῶν
630 742 893 825 ἐναποπννγήναι
905 746 948 828 τῳ
961 747 1093 828 καπνῷ·
1109 736 1146 807 τό
1157 746 1216 819 πῦρ
1302 730 1303 797 ί

217 837 280 925 γάρ
296 831 377 905 αὐτὸ
394 837 435 904 οὐ
445 839 555 923 μόνον
562 835 765 920 Ἡρακλέους
776 841 830 904 καὶ
842 834 1057 924 Ἀσκληπιοῦ,
1076 834 1159 906 άλλά
1170 838 1216 905 καί

215 945 283 1006 τῶν
295 936 479 1017 ἱεροσύλων
491 941 545 1006 καὶ
555 935 795 1021 ἀνδροφόνων,
812 932 870 1014 οὓς
880 934 964 1019 δρῦν
977 943 1066 1003 ἔστιν
1077 939 1113 1004 ἐκ
1124 963 1216 1003 κατα-

217 1041 308 1122 δίκης
320 1031 400 1119 αὐτὸ
417 1034 612 1120 πάσχοντας.
637 1033 721 1101 ὥστε
734 1033 874 1119 άμεινον
885 1033 921 1101 τό
934 1034 989 1100 διά
1004 1043 1065 1101 τοῦ
1077 1039 1215 1101 καπνοῦ·

218 1137 304 1202 ίδιον
325 1128 390 1218 γάρ
411 1134 465 1200 καὶ
486 1130 581 1218 ὑμῶν
596 1132 712 1218 μόνων
732 1127 775 1198 άν
792 1133 932 1216 γένοιτο.
960 1136 1010 1198 25.
1028 1129 1136 1208 άλλως
1155 1125 1217 1196 τεό

147 1245 198 1300 348
218 1230 279 1316 μὲν
289 1229 471 1315 Ἡρακλῆς,
488 1239 579 1312 εἰπερ
595 1228 661 1312 άρα
677 1231 732 1298 καλ
746 1229 908 1316 ἐτόλμησέ,
920 1256 952 1296 τι
966 1236 1138 1309 τοιοῦτον,
1156 1225 1218 1294 ὑπὸ
1302 1230 1303 1239 ’

217 1329 322 1397 νόσου
339 1325 420 1396 αὐτό
439 1333 579 1412 ἔδρασεν
596 1325 662 1394 ὑπό
684 1334 745 1394 τοῦ
760 1334 988 1408 Κενταυρείου
1003 1328 1157 1413 αἳματος,
1180 1324 1219 1403 ὥς
1302 1338 1304 1413 λ

216 1448 321 1514 φησιν
336 1425 355 1513 ή
369 1431 552 1517 τραγῳδία,
573 1426 840 1512 κατεσθιόμενος,
865 1418 962 1503 οὗτος
974 1425 1010 1493 δέ
1021 1432 1219 1503 τίνοςαίτίας

216 1529 331 1596 ἕνεκεν
347 1527 501 1613 ἐμβάλλει
513 1528 628 1611 φέρων
640 1525 761 1594 ἑαυτὸν
777 1531 822 1604 είς
835 1523 872 1592 τό
890 1531 973 1608 πῦρ;
997 1524 1038 1611 νή
1049 1523 1122 1609 Δί’,
1136 1523 1221 1601 ὅπως
1302 1576 1303 1579 ¹

215 1621 277 1709 τήν
292 1631 469 1708 καρτερίαν
482 1627 680 1709 ἐπιδείξηται
695 1623 849 1706 καθάπερ
864 1628 898 1690 οί
905 1630 1116 1708 Βραχμᾶνες·
1139 1625 1221 1689 ἐκεί-

216 1748 287 1799 νοις
300 1719 365 1807 γάρ
379 1719 483 1788 αὐτόν
494 1720 588 1807 ἠξίου
600 1725 767 1807 Θεαγένης
777 1719 935 1803 εἰκάζειν,
948 1717 1059 1802 ὥσπερ
1072 1717 1134 1786 οῦκ
1146 1716 1222 1786 ἐνόν

218 1817 304 1886 εἶναί
314 1845 406 1897 τινας
422 1820 476 1886 καὶ
488 1823 524 1886 ἐν
536 1817 649 1896 Ἰνδοῖς
664 1815 798 1904 μωροῦς
809 1819 864 1886 καὶ
875 1815 1076 1896 κενοδόξους
1086 1815 1223 1899 άνθριό-
1302 1840 1303 1891 fi

217 1941 310 1995 παυς.
334 1917 424 2004 ὅμως
440 1917 470 1985 δ’
490 1909 553 1984 οὖν
570 1911 634 1984 κάν
650 1919 799 1993 ἐκείνους
814 1923 998 2002 μιμείσθω·
1022 1918 1142 1982 ἐκείνοι
1159 1912 1224 1998 γάρ

217 2013 279 2082 οῦκ
300 2020 489 2104 ἐμπηδῶσιν
511 2021 557 2094 είς
571 2011 607 2084 τό
625 2021 710 2099 πῦρ,
734 2012 778 2092 ὡς
800 2009 1052 2101 Όνησίκριτοςὸ
1072 2011 1224 2092 Ἀλεξάυ-
1302 2046 1304 2057 ν

217 2117 301 2194 δρου
322 2114 528 2201 κυβερνήτης
548 2111 630 2183 ίδῦν
644 2114 804 2182 Κάλανον
821 2114 990 2199 καόμενόν
1006 2136 1126 2199 φησιν,
1148 2109 1222 2178 ἄλλ’
1302 2110 1304 2188 ζ

147 2221 198 2274 349
218 2210 354 2284 ἐπειδάν
367 2213 509 2298 νήσωσι,
528 2220 668 2298 πλησίον
683 2211 911 2294 παραστάντες
926 2209 1076 2297 άκίνητοι
1087 2206 1227 2295 άνέχον-

216 2338 270 2376 ται
289 2312 557 2398 παροπτώμενοι,
582 2309 638 2380 εἶτ’
657 2312 829 2399 ἐπιβάντες
852 2309 934 2379 κατά
951 2318 1058 2398 σχῆμα
1074 2317 1235 2376 καίονται

216 2407 289 2475 οὐδ’
304 2408 385 2480 ὅσον
400 2407 513 2494 ὀλίγον
525 2413 742 2494 ἐπιρίψαντες
752 2418 808 2496 τῆς
823 2418 1051 2487 κατακλίσεως.
1075 2400 1175 2486 οὗτος
1192 2411 1228 2476 δὲ

215 2516 248 2575 τί
260 2511 360 2594 μέγα,
386 2514 416 2576 εί
433 2507 585 2594 ἐμπεσών
600 2509 794 2596 τεθνήξεται
815 2511 1065 2591 συναρπασθείς
1081 2507 1147 2575 ὑπὸ
1164 2517 1228 2575 τοῦ

216 2607 338 2693 πυρόςς
361 2605 424 2676 οῦκ
444 2605 503 2674 ἀπ’
526 2611 655 2686 ἐλπίδος
679 2606 723 2694 μή
746 2606 1021 2695 άναπηδήσεσθαι
1046 2604 1151 2674 αὐτόν
1172 2610 1226 2674 καί

216 2705 435 2792 ἡμίφλεκτον,
451 2713 480 2776 εί
488 2707 552 2794 μή,
569 2705 651 2790 ὅπερ
663 2715 763 2792 φασί,
775 2708 999 2794 μηχανήσεται
1010 2715 1155 2794 βαθεῖαν
1167 2733 1226 2792 γε·

214 2811 333 2874 νέσθαι
347 2809 401 2873 καὶ
414 2809 451 2874 ἐν
464 2807 582 2896 βόθρῳ
594 2804 655 2892 τὴν
671 2807 794 2891 πυράν.
817 2813 867 2874 26.
885 2809 946 2874 εἰσὶ
961 2803 992 2872 δ’
1012 2813 1047 2875 οἳ
1057 2808 1113 2875 καὶ
1124 2833 1226 2892 μετα·
1302 2852 1303 2901 g

215 2907 401 2993 βάλλεσθαί
419 2928 523 2990 φασιν
548 2903 652 2972 αὐτόν
675 2915 734 2974 καί
751 2933 826 2973 τινα
849 2903 1003 2988 ὀνείρατα
1024 2909 1225 2991 διηγεῖσθαι,

216 3003 258 3082 ὡς
280 3012 340 3070 τοῦ
363 3002 446 3082 Διός
466 3001 529 3072 οῦκ
550 3007 671 3084 εἰῦντος
694 3013 841 3090 μιαίνειν
862 3003 954 3089 ίερόν
979 3013 1110 3090 χωρίον.
1140 3002 1225 3072 ἄλλά
1302 3032 1303 3035 ’

215 3109 381 3184 θαρρείτω
398 3103 520 3171 τοῦτον
536 3129 575 3189 γε
596 3106 709 3172 ἕνεκα·
739 3103 803 3191 ἐγω
823 3103 888 3192 γάρ
908 3109 1129 3190 διομοσαίμην
1145 3096 1226 3188 άνή

144 3218 196 3274 3⁵0
216 3200 282 3287 μήν
299 3202 426 3289 μηδένα
441 3209 508 3270 τῶν
524 3211 616 3272 θεων
632 3202 891 3289 ἀγανακτήσειν,
910 3210 938 3270 εί
948 3212 1150 3288 Περεγρῖνος
1162 3228 1223 3268 κα·
1302 3208 1303 3259 ί

215 3300 273 3380 κός
288 3309 396 3380 κακῶς
411 3299 590 3370 άποθάνοι.
609 3300 651 3369 οῦ
664 3300 731 3388 μὴν
746 3299 824 3369 οὐδὲ
840 3304 958 3391 ῥηίδιον
974 3299 1064 3391 αὐτῷ
1082 3298 1125 3368 ἐτ’
1139 3297 1223 3367 άνα-

216 3405 331 3468 δῦναι·
356 3404 390 3466 οί
402 3399 467 3484 γάρ
484 3399 644 3478 συνόντες
660 3401 759 3478 κόνες
770 3407 965 3485 παρορμῶσι
977 3403 1031 3467 καί
1042 3405 1224 3465 συνωθοῦ-

215 3520 270 3566 σιν
288 3499 320 3576 ἐς
336 3498 372 3565 τό
395 3505 462 3580 πῦρ
480 3499 535 3565 καὶ
556 3495 761 3565 ὑπεκκάουσι
784 3496 846 3583 τήν
863 3496 1000 3585 γνώμην
1023 3495 1084 3565 οῦκ
1106 3499 1223 3569 ἐῶντες
