2625 4092
382 308 587 367 ΠΛΟΙΟΝ
605 314 632 364 Η
654 311 819 370 ΕΥΧΑΙ.
1044 311 1107 375 217

95 468 233 555 Κρήτην
248 465 362 548 δεξιάν
376 467 542 555 λαβόντας
562 467 647 553 ὑπὲρ
669 467 731 556 τήν
743 475 884 538 Μαλέαν
900 473 1107 553 πλεύσαντας

94 567 159 654 ήδη
176 565 262 634 εἶναι
279 571 315 634 έν
327 568 455 656 Ἰταλίᾳ.

180 687 280 748 ΛΤΚ.
307 679 363 766 Νή
379 687 462 765 Δία,
494 681 689 766 θαυμάσιόν
710 708 784 748 τινα
809 681 874 769 φής
897 684 1107 770 κυβερνήτην

93 778 154 846 τόυ
169 777 306 865 Ἥρωνα
324 778 345 864 ἢ
362 786 423 846 τοῦ
433 781 574 864 Νηρέως
584 775 780 865 ήλικιῶτην,
800 777 836 859 ὃς
850 789 1012 849 τοσοῦτον
1023 781 1106 848 ἀπε·
1124 801 1174 854 255

93 878 209 965 σφάλη
232 886 289 963 τῆς
309 875 402 945 ὁδοῦ.
437 883 487 944 10.
512 875 596 945 ἀλλά
617 884 651 944 τί
669 884 786 958 τούτο;
819 877 881 946 ούκ
900 878 1107 965 Ἀδείμαντος

93 978 222 1055 ἐκεῖνός
237 981 321 1057 έστι;

182 1096 277 1158 ΤΙΜ.
301 1090 402 1157 Πάνυ
416 1091 478 1176 μὲν
490 1082 565 1173 οάν,
579 1087 790 1175 Ἀδείμαντος
800 1088 910 1168 αὐτός.
934 1091 1105 1177 ἐμβοήσω-

91 1214 157 1274 μεν
178 1181 252 1255 οὖν.
292 1185 495 1273 Ἀδείμαντε,
519 1188 557 1253 σέ
577 1212 662 1271 φημι
683 1184 745 1254 τόν
764 1190 1025 1272 Μυρρινούσιον
1045 1187 1105 1256 τὸν

92 1292 317 1373 Στρομβίχου.
340 1289 436 1363 δυεῖν
450 1284 616 1370 θάτερον,
638 1280 660 1370 ή
678 1289 887 1371 δυσχεραίνει
908 1285 988 1355 καθ’
1010 1285 1105 1374 ήμῶν

92 1382 380 1471 ήέκκεκῶφωται·
399 1380 608 1466 Ἀδείμαντος
625 1382 707 1467 γάρ,
726 1381 789 1450 οὐκ
805 1382 906 1464 ἀλλος
920 1393 968 1464 τίς
985 1387 1062 1452 ἐστι.

178 1509 279 1569 AYK.
301 1499 402 1567 Πάνυ
417 1500 480 1585 ήδη
496 1507 612 1584 σαφῶς
627 1497 715 1585 ὁρῶ,
735 1502 791 1567 καὶ
808 1501 986 1587 θοίμάτιον
1000 1501 1106 1569 αὐτοῦ

91 1627 148 1668 και
163 1597 201 1667 τὸ
216 1601 364 1687 βάδισμα
381 1601 529 1681 ἐκείνου,
546 1599 601 1664 καὶ
616 1600 653 1664 ἐν
668 1596 770 1688 χρῷὴ
787 1600 903 1683 κουρά.
933 1603 1104 1667 ἐπιτείνω-

90 1725 156 1784 μεν
178 1702 213 1766 δὲ
240 1695 330 1783 ὅμως
351 1695 412 1764 τὸν
432 1702 631 1779 περίπατον,
659 1693 704 1774 ῶς
725 1699 964 1783 καταλάβωμεν
986 1695 1100 1765 αὐτόν.
1146 1744 1154 1761 .

19 1856 22 1861 .
90 1804 143 1866 11.
162 1791 207 1882 ήν
228 1793 272 1883 μή
293 1802 355 1862 τοῦ
376 1799 508 1881 ίματίου
528 1814 565 1859 σε
582 1792 764 1880 λαβόμενοι
787 1797 1051 1881 ἐπιστρέψωμεν,
1076 1787 1102 1862 ῶ

87 1894 289 1981 Ἀδείμαντε,
307 1890 368 1980 οὐχ
381 1891 567 1960 ὑπακούσει
580 1888 661 1977 ἡμῖν
674 1898 813 1978 βοῶσιν,
831 1891 913 1960 ἀλλά
926 1896 980 1961 καὶ
995 1920 1103 1979 φρον-

94 1998 213 2074 τίζοντι
229 1998 338 2070 ἔοικας
354 1992 407 2058 ἐπὶ
421 1997 581 2068 συννοίας
600 1986 693 2068 τινός
709 1987 751 2057 οὐ
766 1989 887 2076 μικρὸν
904 1988 983 2059 ούδὲ
1002 1989 1104 2060 εύκα-

90 2091 306 2177 ταφρόνητον
321 2096 474 2174 πρᾶγμα,
490 2086 534 2166 ῶς
550 2092 674 2171 δοκεῖς,
689 2087 901 2157 ἀνακυκλῶν.
972 2118 975 2124 ·

177 2209 501 2272 ΑΔΕῙΜΑΝΤΟΣ.
521 2199 643 2285 Ούδέν,
660 2194 687 2268 ῶ
696 2210 831 2285 Λυκῖνε,
845 2205 1002 2290 χαλεπόν,
1018 2203 1102 2273 ἀλλά

91 2332 133 2392 με
148 2307 229 2392 κενή
242 2332 293 2386 τις
313 2310 427 2374 έννοια
445 2301 568 2391 μεταξύ
583 2307 760 2390 βαδίζοντα
776 2301 972 2371 ὑπελθοῦσα
994 2329 1101 2386 παρα-

92 2410 212 2473 κοῦσαι
229 2400 326 2488 ὑμῶν
341 2406 496 2488 ἐποίησεν
507 2399 620 2480 ἀτενὲς
632 2400 716 2486 πρὸς
732 2399 836 2487 αὐτήν
850 2399 973 2470 ἀπαντι
987 2411 1033 2494 τῶ
1044 2413 1103 2471 λο-

91 2507 199 2592 μισμῷ
214 2499 455 2590 ἀποβλέποντα.

176 2621 275 2682 ΛΤΚ.
301 2621 357 2692 Τίς
372 2614 473 2702 αύτη;
494 2612 539 2701 μή
560 2612 625 2700 γάρ
643 2611 788 2701 ὀκνήσῃς
805 2618 926 2699 εἰπεῖν,
950 2619 981 2682 εί
993 2613 1038 2700 μή
1057 2618 1103 2692 τίς

90 2714 160 2780 έστι
169 2719 237 2780 τῶν
246 2712 339 2779 πάνυ
351 2709 561 2798 ἀπορρήτων.
577 2718 683 2779 καίτοι
696 2713 926 2798 ἐτελέσθημεν,
939 2708 982 2790 ῶς
991 2709 1101 2797 οἶσθα,

91 2813 148 2879 καὶ
166 2811 293 2896 στέγειν
311 2811 563 2897 μεμαθήκαμεν.

177 2915 341 2979 ΑΔΕΙΜ.
359 2905 447 2977 Ἀλλ’
459 2909 658 2994 αἰσχύνομαι
670 2914 775 2993 ἔγωγε
788 2912 892 2976 εἰπεῖν
904 2908 987 2993 πρὸς
999 2909 1100 2998 ὑμᾶς·

90 3009 182 3080 οὕτω
196 3006 261 3095 γάρ
276 3014 492 3094 μειρακιῶδες
506 3006 587 3096 ύμλν
603 3010 692 3090 δόξει
708 3008 746 3078 τὸ
764 3008 964 3096 φρόντισμα.
1119 3033 1171 3088 255

176 3127 276 3190 ΛΤΚ.
300 3127 390 3190 Μῶν
409 3120 570 3205 ἐρωτικόν
590 3125 698 3203 ίστιν;
725 3118 805 3190 οὐδὲ
820 3119 884 3207 γάρ
906 3121 1064 3191 οὐδὲτοῦ
1083 3153 1101 3192 ο

90 3220 253 3308 ἀμυήτοις
268 3218 350 3306 ήμτν
364 3222 608 3307 ἐξαγορεύσεις,
631 3219 715 3289 ἀλλὰ
733 3218 799 3288 ὑπὸ
814 3229 950 3310 λαμπρᾷ
968 3229 1007 3310 τῇ
1026 3152 1101 3291 δαδὶ

89 3322 146 3388 καὶ
161 3317 275 3397 αὐτοῖς
286 3321 538 3404 τετελεσμένοις.

177 3437 226 3499 12.
244 3437 407 3499 ΑΔΕΙΜ.
428 3428 558 3515 Οὐδέν,
576 3422 603 3497 ῶ
618 3432 806 3517 θαυμάσιε,
822 3438 993 3512 τοιοῦτον,
1017 3428 1100 3498 ἀλλα

89 3554 165 3596 τινα
180 3535 327 3597 πλοῦτον
339 3530 469 3618 ἐμαυτῷ
480 3526 749 3615 ἀνεπλαττόμην,
764 3525 808 3614 ἣν
819 3525 924 3612 κενὴν
935 3534 1100 3612 μακαρίαν
