2625 4092
248 241 318 309 128·
596 244 905 303 AOYKIANOY

246 404 352 473 ἐθέλω
372 406 427 471 καλ
444 399 524 477 ἀλλο
542 400 622 489 ὑμῖν
642 404 870 490 διηγήσασθαί
886 431 917 472 τι
937 410 1005 471 τῶν
1020 406 1169 490 ἐκεῖθεν,
1194 403 1253 472 οῦκ

244 498 516 585 ἀπροσδιόνυσον
531 498 606 568 οὐδ’
621 499 703 569 αύτό
711 553 721 585 ,
737 497 801 569 οῦδ
805 501 814 526 ’
826 494 876 567 ὦν
890 510 1055 589 ποιοῦμεν
1069 501 1254 585 ἀλλότριον.
1294 545 1295 582 χ

246 604 282 668 ἐν
297 596 410 689 Ἰνδοῖς
427 613 494 678 τοῖς
511 606 713 685 Μαχλαίοις,
736 606 772 668 οἳ
789 597 828 667 τά
850 600 927 669 λαιά
950 609 1011 668 τοῦ
1030 597 1137 670 Ἰνδοῦ
1153 627 1254 671 ποτα·
1294 589 1295 618 ³

245 706 328 785 μοῦ,
353 703 383 767 εί
402 694 485 764 κατά
508 700 593 782 βοῦν
610 695 715 765 αύτοῦ
739 701 889 785 βλέποις,
912 700 1145 786 ἐπινεμόμενοι
1161 703 1255 786 μέχρι

245 794 329 882 πρός
344 792 405 863 τόν
417 792 579 861 Ὠκεανόν
590 795 796 882 καθήκουσι,
812 795 902 880 παρά
914 796 1045 876 τούτοις
1056 795 1157 877 ἀλσυς
1167 801 1255 865 ἐστὶν

246 897 283 964 ἐν
297 894 527 983 περιφράκτῳ,
546 892 588 960 οῦ
604 894 697 961 πάνυ
711 896 844 984 μεγάλω
861 903 987 986 χωρίῳ,
1005 910 1192 982 συνηρεφεῖ
1203 900 1253 963 δέ·

238 993 356 1075 ,κιττός
382 994 446 1078 γάρ
467 990 572 1069 πολύς
597 995 651 1059 καλ
673 990 815 1078 ἀμπελοι
838 994 980 1088 σύσκιον
1003 991 1084 1060 αύτό
1108 991 1255 1081 ἀκριβῶς

248 1098 413 1178 ποιοῦσιν.
442 1093 591 1158 ἐνταῦθα
608 1098 713 1177 πηγαί
730 1097 792 1157 είσι
809 1104 895 1175 τρεῖς
911 1097 1089 1159 καλλίστου
1104 1095 1158 1160 καὶ
1175 1096 1257 1159 διει-

247 1190 408 1259 δεστάτου
426 1186 556 1275 ὕδατος,
573 1186 593 1276 ἡ
608 1190 671 1275 μὲν
680 1189 851 1274 Σατύρου,
866 1186 886 1275 ἡ
902 1188 938 1255 δὲ
949 1189 1073 1276 Πανός,
1090 1186 1111 1275 ἡ
1128 1191 1164 1257 δὲ
1175 1198 1256 1258 Σει-

247 1296 361 1377 ληνοῦ.
385 1290 439 1357 καὶ
455 1292 656 1375 εἰσέρχονται
669 1294 715 1367 είς
729 1285 810 1355 αῦτό
827 1293 861 1356 οί
870 1286 967 1358 Ἰνδολ
984 1287 1070 1369 ἀπαξ
1085 1297 1147 1357 τοῦ
1162 1296 1257 1370 ἔτους

247 1388 455 1474 ἑορτάζοντες
470 1396 515 1479 τῷ
527 1397 614 1478 θεῷ,
633 1392 687 1457 καὶ
702 1395 837 1457 πίνουσι
853 1396 1067 1483 τῶν-πηγῶν,
1092 1388 1154 1477 οὐχ
1167 1386 1257 1458 άπα-

247 1498 316 1557 σῦν
330 1488 490 1571 ἀπαντες,
513 1485 596 1555 ἀλλά
617 1486 697 1556 καθ’
713 1487 863 1575 ἡλικίαν,
886 1485 926 1556 τά
947 1489 1010 1574 μὲν
1029 1487 1186 1575 μειράκια
1201 1497 1257 1574 τῆς

246 1596 314 1673 των
334 1587 518 1673 Σατύρων,
546 1592 579 1655 ολ
598 1586 719 1672 ἀνδρες
740 1588 776 1656 δὲ
796 1594 853 1673 τῆς
867 1593 1032 1673 Πανικῆς,
1059 1587 1173 1672 τῆςδλ
1198 1594 1258 1654 τοῦ

198 1703 229 1759 81
248 1693 415 1773 Σειληνοῦ
430 1690 464 1753 οί
478 1682 550 1753 κατ’
567 1687 631 1771 ἐμέ.
656 1690 685 1754 7.
703 1682 725 1753 δι’
740 1685 801 1772 μὲν
815 1678 879 1752 οὖν
893 1686 1079 1770 πάσχουσιν
1093 1689 1128 1752 οί
1142 1689 1258 1761 παῖδες

246 1781 383 1851 ἐπειδάν
397 1789 535 1873 πίωσιν,
551 1779 637 1870 ἦολα
653 1790 687 1853 οί
696 1782 816 1867 ἀνδρες
827 1790 972 1869 τολμῶσι
985 1784 1203 1870 κατεχόμενοι
1213 1789 1258 1871 τῷ

246 1888 351 1967 Πανί,
367 1880 497 1966 μακρὸν
514 1877 557 1948 ἀν
573 1892 623 1968 είη
639 1887 765 1967 λέγειν·
787 1878 810 1949 δι’
825 1878 856 1948 δ’
873 1886 908 1950 οί
920 1882 1074 1967 γέροντες
1088 1888 1257 1962 ποιοῦσιν,

247 1980 330 2049 ὅταν
339 1989 538 2065 μεθυσθῦσι
550 1988 610 2048 τοῦ
621 1980 754 2063 ὕδατος,
767 1978 829 2048 οῦκ
842 1978 1018 2064 ἀλλότριον
1030 1985 1151 2049 εἰπεῖν·
1167 1981 1258 2047 ἐπει-

247 2080 310 2146 δάν
327 2086 384 2165 πίη
398 2076 416 2145 ὁ
432 2082 540 2163 γέρων
554 2080 608 2147 καλ
623 2080 768 2166 κατάσχη
783 2074 888 2145 αὐτόν
902 2074 919 2143 ὁ
936 2076 1114 2163 Σειληνός,
1137 2074 1257 2145 αὐτίκα

247 2178 300 2245 ἐπὶ
315 2174 401 2245 πολύ
413 2174 550 2262 ἀφωνός
563 2180 630 2244 ἐστι
645 2179 699 2245 καὶ
711 2183 958 2264 καρηβαροῦντι
970 2176 1024 2243 καλ
1035 2179 1260 2262 βεβαπτισμέ-

248 2302 296 2364 νοι
311 2280 429 2357 ἔοικεν,
446 2273 513 2343 εἶτα
528 2272 625 2361 ἀφνω
638 2276 735 2362 φωνή
747 2302 781 2342 τε
796 2273 930 2362 λαμπρά
941 2278 995 2342 καὶ
1006 2279 1143 2360 φθέγμα
1155 2271 1261 2359 τυρόν

247 2378 300 2443 καλ
319 2382 450 2461 πνεῦμα
472 2374 612 2462 λιγυρόν
633 2380 817 2462 ἐγγίγνεται
834 2372 923 2463 αὐτῷ
940 2375 994 2441 καὶ
1015 2378 1211 2449 λαλίστατος
1227 2374 1260 2451 ἐξ

247 2474 468 2561 ἀφωνοτάτου
483 2478 582 2558 ἐστίν,
602 2473 675 2542 οὐδ’
693 2470 737 2542 ἀν
751 2479 961 2559 ἐπιστομίσας
976 2471 1137 2548 παύσειας
1152 2466 1260 2537 αύτόν

247 2573 291 2661 μὴ
318 2572 392 2659 ,οῦχλ
416 2582 537 2660 συνεχῆ
566 2582 679 2643 λαλεῖν
709 2574 764 2641 καλ
789 2571 900 2659 ῥήσεις
925 2567 1054 2656 μακράς
1076 2576 1258 2654 συνείρειν.

247 2672 369 2742 συνετά
386 2677 499 2763 μέντοι
515 2672 624 2740 πάντα
646 2676 701 2741 καλ
721 2673 841 2758 κόσμια
858 2674 912 2738 καὶ
933 2669 1015 2737 κατά
1035 2665 1097 2736 τόν
1109 2666 1260 2755 Ὁμήρου

246 2778 377 2842 ἐκεῖνον
393 2771 517 2863 (λη’τορα
532 2774 757 2860 ,,νιφάδεσσιν
769 2771 899 2838 ἐοικότα
913 2775 1118 2856 χειμερίησι“
1130 2770 1260 2850 διεξέρ-
1298 2841 1299 2856 χ

247 2897 379 2961 χονται·
408 2870 482 2938 οὐδ’
502 2870 683 2957 ἀποχρήσει
704 2891 757 2937 σοι
779 2869 916 2946 κύκνοις
936 2864 1019 2934 κατά
1040 2864 1103 2953 τήν
1123 2863 1262 2953 ἡλικίαν

249 2972 377 3041 είκάσαι
389 2970 529 3055 αύτούς,
550 2969 633 3039 ἀλλά
650 2972 704 3037 καὶ
718 2971 907 3052 τεττιγῶδές
920 2995 951 3033 τι
966 2964 1097 3034 πυκνόν
1112 2970 1168 3035 καὶ
1186 2970 1258 3035 ἐπί-

247 3097 367 3156 τροχον
382 3072 612 3137 συνάπτουσιν
629 3068 704 3155 ἀχρι
721 3074 861 3154 βαθείας
879 3068 1025 3150 ἑσπέρας.
1048 3063 1262 3133 τούντεῦθεν

248 3173 283 3237 δὲ
298 3168 361 3254 ἤδη
377 3167 560 3253 ἀφεθείσης
575 3166 689 3245 αὐτοῖς
701 3176 758 3253 τῆς
770 3169 876 3253 μέθης
890 3171 1039 3232 σιωπῶσι
1054 3169 1108 3232 καλ
1122 3164 1213 3248 πρὸς
1223 3164 1261 3232 τό

247 3268 385 3355 ἀρχαῖον
400 3264 628 3351 ἀνατρέχουσι.
659 3264 695 3333 τό
711 3268 824 3352 μέντοι
839 3266 1108 3349 παραδοξότατον
1122 3264 1261 3333 οὐδέπω

248 3367 360 3439 εἷπον·
382 3362 426 3453 ἦν
437 3365 501 3454 γάρ
513 3365 611 3452 ἀτελῆ
624 3362 641 3433 ὁ
653 3368 762 3451 γε’ρων
774 3360 895 3451 μεταξύ
907 3372 1069 3452 καταλίπῃ
1081 3361 1123 3432 δν
1135 3364 1262 3453 διεξῄει

248 3467 308 3536 τόν
323 3467 437 3554 λόγον,
451 3466 571 3543 δύντος
584 3462 683 3550 ἡλίου
693 3464 860 3542 κωλυθεὶς
870 3465 921 3530 ἐπὶ
931 3466 1033 3546 πέρας
1044 3459 1151 3529 αὐτόν
1164 3465 1257 3539 ἐπεξ-
