2625 4092
450 291 758 348 MAKPOBIOL
1039 288 1100 352 195

97 453 153 515 καλ
174 447 412 534 στρατηγικοὺς
434 448 558 530 ἄνδρας
578 448 759 535 ίστορήσω,
781 441 829 515 τόν
852 452 910 516 ἕνα
929 453 982 516 καὶ
1005 449 1099 517 εὐσε-

96 546 236 632 βεστάτη
253 547 400 632 μεγάλου
419 547 597 613 θειοτάτου
617 543 862 628 αὐτοκράτορος
877 546 959 630 τύχη
979 553 1024 622 εἰς
1039 549 1099 631 τὴν

95 645 301 730 τελεωτάτην
321 643 492 729 ἀγαγοῦσα
507 645 601 724 τάξιν
619 642 812 730 εὐεργέτηκε
833 643 872 711 τά
888 649 1022 730 μέγιστα
1038 642 1098 728 τὴν

95 745 297 827 οἰκουμένην
318 740 380 826 τὴν
399 745 536 808 ἑαυτοῦ·
567 741 655 808 οὕτω
674 739 739 826 γὰρ
762 739 804 806 άν
826 740 955 809 άπιδύν
978 743 1032 807 καὶ
1054 739 1097 808 οὐ
1152 754 1154 760 ’

93 847 164 905 τῶν
184 844 376 924 μακροβίων
397 837 531 922 ἀνδρῶν
551 838 635 920 πρὸς
655 838 692 905 τό
716 837 833 926 ὅμοιον
847 848 904 926 τῆς
926 841 1022 918 ἕξεως
1044 841 1097 906 καὶ

93 943 152 1021 τῆς
167 937 266 1020 τύχης
279 936 489 1020 ἑτοιμότερον
504 938 667 1014 ἐλπίσειας
680 944 784 1023 γῆρας
800 934 949 1023 ὑγιεινόν
965 938 1019 1004 καὶ
1034 963 1095 1020 μα-

94 1031 180 1117 κρόν
199 1034 253 1101 καὶ
272 1032 341 1118 άμα
359 1036 503 1121 ζηλιόσας
517 1036 674 1119 ἐργάσαιο
694 1041 804 1124 σαυτῷ
821 1042 860 1124 τῇ
881 1040 988 1122 διαίτη
1003 1039 1096 1118 μέγι-

94 1134 176 1200 στόν
190 1157 225 1198 τε
245 1129 313 1215 ἅμα
332 1135 387 1198 καί
402 1130 629 1215 ὑγιεινότατον
642 1138 726 1218 βίον.
757 1137 786 1200 8.
803 1139 987 1216 Πομπίλιος
1001 1141 1095 1199 Νου-

92 1237 158 1314 μᾶς
176 1227 193 1294 ὁ
209 1225 503 1313 εὐδαιμονέστατος
518 1237 585 1295 τῶν
598 1227 765 1313 Ῥωμαίων
781 1231 946 1315 βασιλέων
961 1232 1014 1296 καὶ
1031 1231 1094 1315 μά-

91 1337 187 1393 λιστα
200 1329 274 1405 περὶ
288 1323 351 1410 τὴν
364 1334 548 1409 θεραπείαν
563 1332 630 1393 τῶν
644 1334 736 1393 θετόν
751 1324 946 1411 άσχοληθελς
961 1324 1044 1407 ὑπὲρ
1056 1323 1095 1391 τά

91 1420 297 1508 ὀγδοήκοντα
309 1428 364 1506 ἔτη
377 1427 572 1510 βεβιωκέναι
583 1424 761 1510 ίστόρηται.
784 1426 925 1511 Σέρβιος
936 1425 973 1491 δέ
986 1425 1094 1490 Τούλ-
1113 1441 1165 1494 λιλ

91 1531 163 1598 λιος
177 1519 344 1604 Ῥωμαίων
366 1522 421 1587 καί
440 1513 538 1598 οὗτος
553 1519 710 1605 βασιλεύς
729 1519 812 1603 ὑπὲρ
828 1517 868 1587 τά
890 1520 1095 1607 ὀγδοήκοντα

90 1627 146 1705 ἔτη
163 1621 218 1686 καὶ
234 1617 334 1696 αύτδς
348 1626 467 1705 βιῶσαι
481 1620 656 1702 ίστόρηται.
685 1621 881 1698 Ταρκυίνιος
898 1619 932 1686 δὲ
949 1617 966 1685 ὁ
981 1628 1094 1685 τελευ-

90 1733 181 1794 ταίος
190 1715 358 1802 Ῥωμαίων
365 1714 520 1803 βασιλεύς
529 1717 756 1801 φυγαδευθεὶς
766 1717 821 1784 καὶ
832 1717 884 1783 ἐπὶ
893 1717 1009 1801 Κύμης
1020 1721 1093 1782 δια-

88 1821 215 1901 τρίβων
228 1813 312 1899 ὑπὲρ
326 1813 366 1882 τὰ
383 1813 584 1899 ἐνενήκοντα
594 1818 649 1897 ἔτη
661 1817 789 1897 λέγεται
801 1811 1000 1895 στερρότατα
1011 1819 1093 1897 βιιό-

88 1934 157 1978 σαι.
180 1918 209 1977 9.
225 1905 319 1979 οὗτοι
329 1912 391 1997 μὲν
402 1904 465 1977 οὖν
474 1908 641 1994 Ῥωμαίων
650 1917 810 1995 βασιλεῖς,
827 1904 876 1986 οἷς
887 1911 1028 1985 συνάψω
1039 1911 1093 1975 καὶ

87 2006 169 2086 τούς
183 2007 321 2087 λοιπούς
341 2014 493 2096 βασιλέας
508 2006 588 2086 τούς
607 2013 652 2086 είς
668 2007 798 2093 μακρὸν
814 2014 919 2094 γῆρας
931 2003 1091 2090 ἀφικομέ-

87 2133 171 2185 νους
192 2109 247 2175 καὶ
264 2105 333 2192 μετ’
352 2105 474 2184 αὐτούς
495 2104 578 2174 κατά
598 2106 639 2173 τά
662 2107 901 2192 ἐπιτηδεύματα
922 2106 1089 2182 ἑκάστους.

87 2207 140 2272 ἐπὶ
156 2206 241 2271 τέλει
262 2207 301 2271 δέ
315 2225 367 2271 σοι
381 2207 436 2272 καὶ
452 2203 530 2282 τούς
545 2203 682 2282 λοιπούς
698 2200 863 2288 Ῥωμαίων
878 2199 956 2280 τούς
970 2209 1015 2278 είς
1028 2203 1090 2287 μη-

86 2323 204 2368 κιστον
219 2309 321 2386 γῆρας
332 2300 555 2388 ἀφικομένους
570 2303 840 2388 προσαναγράψω
854 2304 1014 2383 προσθεὶς
1024 2299 1091 2384 ἅμα

85 2397 235 2476 καὶτοὺς
249 2398 331 2466 κατά
349 2400 411 2486 τὴν
425 2402 544 2487 λοιπὴν
556 2399 695 2470 Ἰταλίαν
709 2404 760 2468 ἐπὶ
775 2410 929 2468 πλείστου
943 2401 1090 2487 βιώσαν-

89 2522 162 2573 τας·
194 2495 365 2584 ἀξιόλογος
387 2497 452 2584 γάρ
472 2507 602 2586 ἔλεγχος
620 2498 641 2586 ἡ
662 2506 787 2582 ίστορία
808 2505 875 2565 τῶν
899 2500 1091 2585 διαβάλλειν
1120 2551 1123 2556 ,

86 2597 305 2679 πειρωμένων
324 2594 385 2663 τόν
400 2601 548 2665 ἐνταῦθα
563 2596 661 2682 άέρα,
683 2597 766 2663 ὥστε
783 2599 837 2663 καὶ
852 2594 937 2681 ἡμᾶς
950 2615 1090 2680 χρηστο-

85 2696 184 2777 τέρας
201 2699 286 2778 ἒχειν
310 2692 368 2772 τάς
386 2698 534 2778 ἐλπίδας,
560 2707 704 2774 τελείους
720 2695 800 2782 ἡμῖν
819 2694 877 2772 τάς
900 2693 996 2778 εὐχάς
1017 2700 1089 2761 έσε-

85 2803 170 2860 σθαι
185 2791 266 2875 πρός
281 2791 317 2858 τό
334 2800 379 2872 είς
389 2793 550 2881 μήκιστόν
563 2821 598 2860 τε
614 2797 669 2862 καλ
680 2792 821 2874 λιπαρόν
834 2791 894 2859 τὸν
910 2791 1016 2876 πάσης
1026 2799 1087 2879 γῆς
1106 2817 1157 2870 214

83 2894 141 2958 καί
155 2891 322 2977 θαλάττης
341 2892 506 2978 δεσπότην
520 2900 623 2978 γῆρας
640 2892 821 2977 ἀφικέσθαι
840 2897 880 2977 τη
897 2894 1019 2957 ἑαυτοῦ
1038 2897 1089 2960 οί-

84 2991 234 3076 κουμένη
244 2989 465 3074 βασιλεύοντα
474 2986 601 3074 ἤδηκαὶ
611 2994 761 3075 γέροντα.
779 2996 828 3055 10.
842 2987 1089 3075 Ἀργανθώνιος

83 3088 148 3172 μὲν
168 3079 231 3152 οὖν
254 3093 468 3172 Ταρτησσίων
490 3086 645 3174 βασιλεὺς
667 3089 871 3172 πεντήκοντα
893 3091 946 3156 καὶ
970 3088 1088 3156 ἑκατὸν

84 3193 141 3270 ἔτη
158 3192 278 3270 βιῶναι
296 3188 440 3269 λέγεται,
459 3184 502 3263 ὡς
516 3184 694 3269 Ἡρόδοτος
710 3185 915 3272 ὁλογοποιδς
929 3191 983 3256 καὶ
998 3186 1087 3274 ὁμε-

83 3279 220 3360 λοποιός
241 3280 444 3369 Ἀνακρέων·
472 3281 556 3351 άλλά
576 3289 752 3369 τοῦτομὲν
773 3289 883 3370 μῦθός
905 3308 968 3353 τισι
987 3290 1086 3355 donet

81 3379 285 3470 Ἀγαθοκλῆς
309 3383 344 3449 δὲ
365 3380 555 3460 ὁΣικελίας
577 3386 742 3464 τύραννος
768 3388 850 3452 ἐτῶν
870 3389 1088 3470 ἐνενηκοντα-

84 3485 182 3546 πέντε
202 3488 354 3567 τελευτᾷ,
376 3482 530 3564 καθάπερ
544 3484 744 3569 Δημοχάρης
766 3487 819 3550 καὶ
845 3491 979 3631 Τίμχιηος
997 3489 1086 3551 ίστο-
