2625 4092
216 310 236 370 6
572 306 880 365 AOYKIANOY

215 471 270 538 καὶ
285 471 359 553 περὶ
377 475 439 536 σοῦ
461 471 670 553 διαλέγονται
688 467 862 551 κεχηνότες
881 476 914 534 εί
932 478 1041 534 ποθεν
1057 470 1089 546 ές
1104 464 1228 544 αὐτούς

215 582 392 650 καταπτοῖο
408 565 518 634 πάλιν.

298 672 392 734 ΔΙΚ.
421 662 475 732 Σύ
491 671 578 749 γοῦν
599 688 673 748 μοι,
701 656 868 748 ω’Ἑρμῆ,
893 660 1037 747 τάληθὲς
1057 660 1101 730 ἀν
1123 671 1229 740 εῖποις

214 763 333 850 μόνος,
356 761 413 831 άτε
431 759 545 843 ξννοδν
559 758 673 838 αὐτοῖς
686 758 727 827 τά
742 759 848 829 πολλά
864 763 919 829 καί
934 765 1177 848 ξυνδιατρίβων
1191 765 1228 826 ἔν

216 889 247 930 τε
268 870 465 949 γυμνασίοις
487 861 543 929 καὶ
564 863 600 927 ἐν
623 868 663 948 τῇ
685 857 851 948 ἀγορᾷ-
865 861 921 927 καὶ
941 856 1097 944 ἀγοραῖος
1116 857 1181 944 γάρ
1201 855 1230 925 εἶ

214 963 269 1029 καὶ
289 965 326 1028 ἐν
348 975 418 1040 ταῖς
442 965 628 1044 ἐκκλησίαις
648 959 822 1043 κηρύττεις
842 998 886 1010 -
906 955 1016 1025 ὁποῖοι
1034 962 1229 1044 γεγένηνται

214 1062 270 1128 καὶ
285 1066 315 1127 εί
329 1059 456 1144 δυνατή
467 1084 523 1143 μοι
541 1056 619 1140 παρ’
639 1056 752 1136 αὐτοῖς
767 1055 788 1144 ἡ
805 1059 901 1143 μονή.

298 1166 403 1226 ΕΡΜ.
426 1155 481 1242 Νη
498 1154 574 1240 Δί’,
599 1154 754 1242 ἀδικοίην
770 1155 834 1243 γάρ
857 1154 901 1224 ἀν
918 1154 1002 1242 πρὸς
1018 1154 1169 1240 ἀδελφήν
1190 1175 1227 1220 σε

215 1252 323 1325 ούσαν
336 1255 380 1344 μη
399 1259 523 1343 λέγων·
551 1252 613 1322 οὐκ
628 1252 723 1341 ὀλίγα
738 1254 803 1341 γάρ
820 1253 904 1339 πρὸς
919 1261 1120 1344 φιλοσοφίας
1138 1252 1228 1337 ὠφέ-

214 1367 331 1442 ληνται
346 1358 380 1422 oc
395 1355 511 1423 πολλοὶ
533 1351 661 1421 αὐτῶν·
692 1352 830 1441 καὶγὰρ
848 1361 878 1423 εί
897 1354 1003 1441 μηδὲν
1017 1351 1117 1438 ἀλλο,
1140 1355 1231 1419 αίδοῖ

213 1461 300 1542 γοῦν
328 1459 401 1521 τοῦ·
417 1453 580 1540 σχήματος
606 1452 808 1539 μετριώτερα
832 1452 1106 1539 διαμαρτάνουσι.
1139 1447 1228 1536 πλὴν

214 1550 297 1622 ἀλλά
313 1555 367 1620 καὶ
378 1562 561 1638 μοχθηροῖς
574 1573 662 1619 τισιν
676 1553 814 1641 ἐντεύξη
829 1549 942 1618 αὐτῶν
955 1592 998 1602 -
1009 1548 1070 1636 χρὴ
1085 1549 1162 1635 γάρ,
1177 1547 1227 1614 οἷ-

214 1681 289 1739 μαι,
311 1650 442 1737 τάληθῆ
458 1654 568 1738 λέγειν
582 1691 620 1702 -
639 1655 739 1730 ἐνίοις
755 1653 790 1719 δὲ
807 1650 987 1738 ἡμισόφοις
1005 1653 1060 1717 καὶ
1075 1646 1227 1736 ἡμιφαύ-

214 1759 300 1830 λοις·
323 1757 369 1818 ἔτι
383 1748 448 1837 γάρ
470 1748 593 1830 αύτούς
612 1751 815 1836 μετέβαπτεν
836 1747 857 1836 ἡ
875 1755 1058 1833 φιλοσοφία
1075 1755 1227 1831 παραλα-

213 1857 330 1940 βοῦσα.
354 1845 474 1916 ὁπόσοι
489 1849 551 1933 μὲν
566 1839 630 1915 ούν
646 1851 680 1926 ἐς
694 1849 799 1931 κόρον
816 1854 913 1916 έπιον
928 1854 985 1934 της
1001 1853 1128 1933 βαφῆς,
1146 1870 1228 1931 χρη-

214 1952 285 2019 στοὶ
300 1946 446 2035 ἀκριβῶς
463 1945 734 2032 ἀπετελέσθησαν
750 1945 878 2033 ἀμιγεῖς
894 1949 1016 2029 ἑτέρων
1029 1944 1226 2031 χρωμάτων,
1305 1996 1306 2029 ,

214 2048 269 2114 καὶ
283 2047 368 2129 πρός
388 2072 426 2132 γε
448 2045 510 2131 τὴν
525 2044 589 2132 σην
604 2043 774 2131 ύποδοχὴν
797 2039 891 2113 οὗτοι
907 2045 1127 2130 ἑτοιμότατοι·
1151 2039 1226 2109 ὅσοι

214 2145 250 2212 δὲ
265 2141 331 2211 ὑπό
348 2152 410 2211 τοῦ
427 2145 529 2212 πάλαι
546 2143 658 2228 ῥύπου
673 2141 716 2228 μὴ
734 2147 766 2221 ἐς
781 2145 890 2230 βάθος
904 2148 1126 2226 παρεδέξαντο
1143 2137 1227 2208 ὁπό-
1303 2120 1306 2273 ¹

213 2261 276 2310 σον
287 2241 488 2309 δευσοποιὸν
498 2250 560 2308 τοῦ
571 2241 769 2326 φαρμάκου,
781 2250 850 2309 τῶν
859 2243 922 2327 μὲν
933 2241 1044 2310 ἀλλων
1056 2239 1226 2326 ἀμείνους,

144 2361 193 2415 801
213 2338 337 2418 ἀτελεῖς
358 2339 394 2408 δὲ
417 2339 507 2426 ὅμως
530 2343 585 2408 καὶ
605 2340 795 2425 μιξόλευκοι
818 2343 873 2409 καὶ
900 2343 1148 2427 κατεστιγμένοι
1170 2342 1227 2407 καὶ

213 2442 423 2522 παρδαλωτοὶ
443 2439 504 2527 την
524 2441 637 2527 χρόαν.
668 2442 730 2509 είσὶ
745 2438 775 2506 δ’
793 2447 829 2509 οἳ
841 2443 896 2510 καὶ
909 2442 1017 2527 μόνον
1037 2440 1227 2521 ψαύσαντες

212 2545 374 2607 ἔκτοσθεν
387 2547 448 2607 τοῦ
463 2545 599 2627 λέβητος
614 2538 706 2632 ἀκρφ
717 2548 763 2630 τῷ
778 2542 931 2630 δακτύλῳ
943 2544 997 2608 καὶ
1013 2539 1222 2626 ἐπιχρισάμε-

213 2666 267 2706 νοι
278 2647 335 2725 τῆς
350 2638 497 2726 ἀσβόλου
509 2646 631 2718 ίκανως
644 2650 771 2708 οίονται
786 2642 841 2706 καὶ
852 2631 946 2706 οὗτοι
957 2638 1224 2726 μεταβεβάφθαι.

213 2741 266 2806 σοὶ
280 2743 392 2824 μέντοι
408 2737 572 2825 δηλονότι
587 2737 750 2825 μετὰτῶν
765 2737 941 2824 ἀρίστωνὴ
957 2735 1109 2825 διατριβὴ
1122 2743 1225 2804 ἔσται.

212 2843 242 2903 9.
254 2834 339 2904 ἀλλά
354 2835 476 2921 μεταξύ
487 2838 597 2924 λόγων
613 2837 675 2924 ἤδη
688 2837 909 2922 πλησιάζομεν
920 2845 959 2924 τῇ
973 2833 1116 2923 Ἀττικῇ·
1140 2835 1226 2903 ὥστε

212 2933 249 3003 τὸ
268 2935 330 3020 μὲν
343 2936 494 3003 Σούνιον
509 2939 547 3002 έν
569 2939 660 3024 δεξιᾷ
674 2941 921 3020 καταλίπωμεν,
945 2939 977 3014 ἐς
992 2937 1028 3004 δὲ
1041 2935 1102 3022 τὴν
1119 2932 1227 3020 ἀκρό-
1301 2934 1302 2943 ’

213 3043 311 3102 πολιν
334 3031 575 3118 ἀπονεύσωμεν
594 3032 668 3120 ἤδη.
702 3036 755 3102 καὶ
783 3038 915 3119 ἐπείπερ
938 3037 1225 3123 καταβεβήκαμεν,

213 3131 296 3218 αύτὴ
317 3132 378 3218 μὲν
400 3133 549 3201 ἐνταῦθά
568 3159 636 3200 που
659 3136 710 3201 ἐπὶ
733 3141 794 3202 τού
818 3136 930 3222 πάγον
953 3137 1084 3222 κάθησο
1109 3140 1143 3215 ές
1161 3134 1226 3222 τὴν
1300 3164 1301 3171 “

213 3231 326 3300 πνύκα
344 3230 456 3315 ὁρῶσα
472 3236 527 3301 καὶ
540 3236 765 3320 περιμένουσα
782 3231 850 3300 ἔστ’
866 3230 910 3300 ἀν
924 3237 1059 3319 κηρύξω
1073 3232 1114 3300 τά
1133 3233 1224 3320 παρά

213 3339 273 3398 τοῦ
287 3329 388 3417 Διός,
412 3329 476 3417 ε’γοδ
492 3334 528 3400 δὲ
544 3336 576 3410 ἐς
591 3330 653 3419 τὴν
673 3330 858 3415 ἀκρόπολιν
875 3331 1003 3420 ἀναβάς
1016 3336 1100 3421 ῥᾷον
1116 3330 1226 3412 οὕτως

214 3429 361 3508 ἅπαντας
375 3434 411 3499 ἐκ
426 3438 487 3498 τοῦ
503 3431 651 3517 ἐπηκόου
665 3435 941 3519 προσκαλέσομαι.

297 3537 389 3599 ΛΙΚ.
413 3530 473 3618 Μὴ
490 3532 655 3617 πρότερον
671 3528 835 3618 ἀπέλθῃς,
852 3524 1007 3617 ὦἙρμη,
1024 3533 1103 3617 πρὶν
1118 3537 1226 3602 εἰπεῖν
