2625 4092
389 298 712 370 ΦΙΛΟΠΑΤΡΙΣ.
988 298 1052 364 417

55 464 145 525 λιστα
160 458 411 545 εκμεμαθηκιός,
428 453 471 524 δι’
490 455 611 537 ὕδατος
625 455 710 545 ἡμᾶς
725 456 951 548 ἀνεκαίνισεν,
968 464 1000 539 ἐς
1010 460 1050 529 τὰ
1068 480 1122 536 598

54 563 120 622 τῶν
140 557 297 641 μακάρων
319 564 405 641 δηνια
421 556 669 639 παρεισιόδενσε
693 558 748 624 καὶ
770 559 894 624 ἐκτῶν
919 553 1051 645 ἀσεβῶν

52 654 166 739 χιόρων
176 651 261 739 ἡμᾶς
272 654 487 734 έλυτραόσατο.
511 655 565 721 καὶ
577 655 613 721 σὲ
623 656 767 740 ποιήσω,
779 652 823 740 ἤν
837 682 903 741 μου
913 653 1050 745 ἀκοόης,

53 749 106 817 ἐπ’
120 749 274 837 ἀληθείας
291 750 484 835 ἄνθρωπον.

135 854 179 917 13.
198 855 313 918 ΚΡΙΤ.
336 851 438 935 Λέγε,
460 840 775 934 ότιολνμαθέστατε
797 858 966 938 Τριεφών·
998 851 1053 919 διὰ

53 948 161 1035 φόβον
177 947 241 1033 γὰρ
256 954 401 1035 ἔρχομαι.

138 1051 275 1113 ΤΡΙΕΦ.
289 1043 492 1130 Ἀνέγνωκός
502 1069 581 1112 ποτε
597 1042 636 1111 τά
648 1052 709 1112 τοῦ
721 1045 981 1131 Ἀριστοφάνους
992 1052 1053 1113 τοῦ

53 1147 297 1228 δραματοποιοῦ
305 1142 467 1225 ’Όρυνθας
482 1143 680 1229 ποιημάτιας

134 1246 246 1309 ΚΡΙΤ.
271 1241 335 1309 Καὶ
350 1240 447 1325 μάλα.

137 1344 275 1406 ΤΡΙΕΦ.
296 1335 546 1423 Ἔηικεχάρακται
564 1336 643 1423 παρ’
662 1337 767 1406 αὐτοῦ
784 1338 930 1407 τοιόνδε·

172 1436 261 1513 Χάος
283 1428 327 1521 ἦν
344 1437 399 1503 καὶ
419 1433 493 1515 Νὒξ
505 1434 642 1523 Ἔρεβός
662 1462 697 1503 τε
716 1439 819 1523 μέλαν
842 1445 977 1519 πρῶτον
998 1438 1053 1505 καί

586 1535 757 1618 Τάρταρος
771 1534 887 1620 εὐρύς·

172 1637 214 1716 γῆ
230 1628 263 1696 δ’
278 1628 352 1699 οὐδ’
371 1628 434 1717 ἀὴρ
451 1629 528 1699 οὐδ’
547 1628 691 1715 οὐρανός
705 1626 758 1718 ἦν.

132 1735 210 1796 ΚΡΙ
212 1736 246 1795 Τ.
270 1722 320 1797 Εὖ
334 1734 447 1816 λέγεις.
469 1728 537 1797 εἶτα
553 1737 587 1799 τί
597 1722 656 1817 ἦνς

134 1834 275 1896 ΤΡΙΕΦ.
299 1821 361 1896 Ἦν
382 1835 454 1913 φῶς
476 1826 624 1912 ἄφθιτον
647 1827 792 1910 ἀόρατον
814 1826 1051 1912 ἀκατανόητον,

42 1922 149 1993 όλύει
159 1922 196 1991 τό
207 1926 324 2004 σκότος
339 1929 394 1995 καλ
405 1925 466 2013 τὴν
481 1924 645 2013 ἀκοσμίαν
653 1929 778 2013 ταύτην
788 1925 948 2013 ἀπήλασε,
963 1926 1052 2015 λόγφ

40 2024 138 2112 μόνφ
159 2024 297 2107 ῥηθέντι
318 2021 510 2109 ὑπἀὐτοῦ,
528 2021 572 2102 ὠς
591 2022 608 2091 ὁ
630 2026 889 2111 βραδύγλωσσος
904 2020 1052 2108 ἀπεγρά-

41 2133 147 2201 ηιατο,
162 2124 227 2204 γῆν
242 2124 361 2204 ἔπηξεν
376 2118 431 2206 ἐφ’
444 2118 582 2206 ὕδασιν,
599 2119 748 2203 οὐρανόν
763 2121 940 2204 έτάνυσεν,
956 2118 1052 2187 ἀστέ-

39 2244 105 2300 ρας
116 2218 313 2302 ἐμόρφοασεν
328 2216 495 2302 ἀπλανεῖς,
508 2218 634 2305 δρόμον
649 2220 829 2303 διετάξατο,
843 2216 901 2295 οὓς
916 2216 960 2285 σε)
971 2223 1052 2306 σέβη
1070 2239 1122 2295 599

39 2314 165 2399 θεοός,
186 2324 253 2402 γῆν
267 2319 303 2384 δὲ
317 2331 385 2395 τοῖς
398 2317 540 2386 ἄνθεσιν
554 2318 796 2402 έκαλλιόπισεν,
817 2314 1003 2401 ἄνθρωπον
1017 2318 1053 2384 ἐκ

37 2413 89 2500 μὴ
105 2412 217 2481 όντων
228 2418 260 2493 ἐς
270 2412 306 2493 τό
321 2412 405 2483 εἶναι
415 2417 597 2503 παρήγαγε,
614 2418 669 2484 καὶ
680 2421 770 2483 ἔστιν
783 2418 820 2482 ἐν
831 2411 965 2504 οὐρανῷ
976 2416 1054 2501 βλέ·

39 2540 118 2582 πων
128 2518 278 2593 δικαίους
289 2539 324 2583 τε
335 2511 492 2593 κάδίκους
503 2518 558 2585 καὶ
567 2518 604 2583 δυ
614 2521 742 2601 βίβλοις
753 2511 811 2593 τὰς
821 2515 956 2598 πράξεις
968 2511 1054 2579 ἀπο-

39 2614 274 2701 γραφόμενος·
303 2612 532 2683 ἀνταποδόσει
554 2614 590 2682 δδ
612 2622 716 2681 πᾶσιν
735 2611 779 2699 ἣν
799 2609 928 2698 ἡμέραν
953 2608 1054 2691 αὐτός

39 2717 238 2783 ἐνετείλατο.

130 2818 182 2880 14.
211 2818 328 2880 ΚΡΙΤ.
364 2808 411 2878 To}
431 2816 467 2879 δὲ
494 2817 562 2877 τῶν
586 2815 730 2893 Μοιρῶν
753 2811 994 2896 ἐπινενησμέναι
1021 2814 1054 2889 ές

39 2911 196 2989 ἅπαντας
211 2911 449 2997 έγγαράττουσί
460 2936 498 2997 γε
510 2912 564 2978 καὶ
579 2915 699 2989 ταῦτας

132 3018 276 3079 ΤΡΙΕΦ.
305 3008 353 3076 Τά
369 3023 463 3089 ποῖος

127 3115 245 3177 KPIT.
274 3105 321 3175 Τά
337 3114 395 3196 τῆς
408 3112 613 3195 εἱμαρμένης.

131 3214 275 3276 ΤΡΙΕΦ.
300 3208 400 3294 Λέγε,
423 3199 546 3276 ιδιιαλδ
559 3213 695 3288 Κριτία,
719 3208 877 3290 περὶτῶν
899 3212 1052 3294 Μοιρῶν,

39 3304 105 3391 ἐγώ
124 3305 162 3373 δὲ
180 3311 356 3392 μαθητιῶν
372 3302 551 3390 ἀκούσαιμι
567 3304 658 3389 παρὰ
673 3312 744 3375 σοῦ.

127 3410 247 3473 ΚΡΙΤ.
273 3400 524 3490 ΟὐηὌμηροςὸ
540 3400 689 3489 ἀοίδιμος
702 3400 837 3489 ποιητὴς
852 3411 974 3486 εἴρηκε,

80 3515 211 3586 μοῖραν
223 3498 254 3568 δ’
267 3499 309 3568 οὕ
319 3501 392 3568 τινά
405 3528 489 3589 φημι
501 3503 717 3591 πεφυγμένον
728 3507 864 3589 ἔμμεναι
872 3496 1022 3650 ἐφόρεόν·

127 3611 237 3651 aucun.
259 3597 303 3651 Ill.
