2625 4092
222 264 286 329 ³44
577 262 874 325 AOYKIANOT

223 437 316 495 λιστα
330 426 510 513 μιλτύδεα,
527 422 548 513 ἡ
564 426 600 493 δὲ
614 432 656 512 γῆ
674 450 733 510 μιν
748 424 895 509 αἱμώδεα
911 432 1042 511 τίθησι·
1063 424 1122 495 καί
1134 430 1229 493 τοῦδε

222 531 283 591 τοῦ
298 524 424 603 πάθεος
438 520 480 593 ού
495 520 531 590 τὸ
549 516 645 609 αἷμα,
663 519 700 589 τὸ
715 523 888 607 λέγουσιν,
904 518 980 591 ἀλλ’
993 520 1014 608 ἡ
1029 522 1122 609 χώρη
1135 528 1228 608 αίτίη.

222 620 323 707 ὁμέν
345 648 401 706 μοι
417 621 562 707 Βύβλιος
582 626 727 686 τοσαῦτα
746 616 924 705 ἀπηγέετο·
959 624 1044 688 εἰδὲ
1067 617 1231 703 ἀτρεκέως
1284 647 1285 652 ’

222 726 325 785 ταῦτα
337 723 459 803 ἔλεγεν,
476 720 546 803 ἐμοὶ
560 718 622 803 μέν
635 722 742 785 δοκέει
754 718 859 798 κάρτα
873 725 950 804 θείη
961 721 1016 786 καὶ
1030 726 1093 785 τοῦ
1104 715 1231 803 ἀνέμου

222 815 242 903 ἡ
261 825 429 904 συντυχίη.
451 822 481 885 9.
498 814 624 903 ἀνέβην
636 817 674 883 δέ
687 817 743 884 καὶ
751 819 785 893 ές
799 813 859 883 τὸν
868 823 1020 902 Λίβανον
1034 820 1070 885 έιι
1082 819 1231 906 Βύβλον,

161 922 165 933 “
222 913 305 983 ὁδὸν
319 912 458 1001 ἡμέρης,
482 917 677 1000 πυθόμενος
690 911 812 981 αὐτόθι
828 910 966 1000 ἀρχαῖον
986 914 1061 999 ίρὸν
1075 912 1232 1003 Ἀφροδί·

221 1040 280 1100 της
295 1020 449 1100 ἔμμεναι,
473 1010 510 1080 τὸ
530 1014 676 1099 Κινύρης
692 1015 818 1097 εἵσατο,
841 1014 897 1079 καί
914 1010 1004 1079 εἶδον
1024 1011 1060 1079 τὸ
1083 1012 1166 1096 ίρδν
1180 1015 1232 1081 καὶ

222 1111 360 1197 ἀρχαῖον
375 1103 429 1197 ἦν..
449 1112 528 1179 τάδε
543 1114 604 1196 μέν
614 1113 683 1178 έστι
697 1107 737 1177 τά
750 1113 787 1177 έν
799 1117 840 1199 τῇ
849 1118 960 1199 Συρίη
974 1108 1093 1196 ἀρχαία
1106 1117 1164 1180 καὶ
1175 1139 1231 1199 με·

223 1315 260 1380 έν
278 1318 319 1399 τῇ
336 1316 391 1399 ίρῇ
407 1310 484 1378 πόλι
498 1314 608 1395 μεῖζον
625 1315 763 1395 έμμεναι
781 1306 859 1378 οὐδὲ
875 1309 955 1396 νηὸς
970 1309 1069 1389 ἀλλος
1090 1307 1234 1397 ἁγιώτε-

225 1436 282 1494 ρος
296 1406 375 1475 ούδὸ
384 1408 473 1494 χύρη
486 1406 569 1495 ἀλλη
581 1410 721 1494 ίροτέρη.
744 1414 794 1475 ένι
809 1408 844 1475 δέ
854 1410 911 1475 καὶ
925 1414 1004 1494 ἔργα
1015 1410 1053 1476 έν
1066 1405 1163 1498 αύτῷ
1173 1432 1234 1474 τιο-

227 1511 361 1576 λντελέα
375 1510 429 1574 καί
451 1504 569 1593 ἀρχαῖα
585 1504 785 1592 ἀναθήματα
801 1508 855 1574 καὶ
871 1504 977 1573 πολλὰ
998 1505 1167 1590 θωύματα
1182 1507 1235 1572 καί

154 1621 204 1676 467
227 1604 328 1685 ξόανα
345 1609 551 1687 θεοπρεπέα,
566 1607 621 1673 καί
635 1609 710 1671 θεολ
722 1606 758 1673 δέ
773 1604 876 1687 κάρτα
892 1602 1234 1689 αύτοτσινέμφανέες·

225 1705 336 1783 ίδριύει
356 1700 477 1789 γάρδίη
494 1696 544 1770 τάν
559 1700 649 1784 παρὰ
666 1711 760 1787 σφίσι
776 1700 816 1769 τά
831 1704 934 1783 ξόανα
947 1706 1002 1771 καί
1018 1708 1167 1770 κινέεται
1181 1706 1237 1769 καί

225 1806 479 1890 χρησμηγορέει·
502 1806 556 1870 καὶ
572 1799 634 1889 βοὴ
656 1803 692 1870 δέ
714 1805 873 1882 πολλάκις
892 1806 1021 1888 ἐγένετο
1038 1804 1076 1869 έν
1094 1808 1144 1891 τῷ
1163 1808 1236 1890 νηῷ

225 1906 437 1979 κλεισθέντος
454 1908 516 1967 τοῦ
533 1906 625 1983 ίρού,
642 1901 698 1968 καί
714 1903 830 1969 πολλοὶ
844 1899 1002 1988 ἥκουσαν.
1025 1902 1080 1966 ναί
1093 1895 1168 1985 μὴν
1182 1900 1237 1964 καί

225 2000 329 2086 ὄλβου
344 2003 418 2082 πέρι
438 2001 476 2065 έν
494 2013 600 2066 τοῖσιν
614 1996 679 2085 ἐγώ
697 1996 770 2065 οἰδα
785 2000 919 2083 πρῶτόν
936 2002 1016 2065 ἐστι·
1045 1996 1155 2066 πολλὰ
1170 1995 1237 2082 γάρ

226 2094 375 2163 αύτοῑσιν
394 2094 583 2164 ἀπικνέεται
600 2096 748 2183 χρήματα
765 2102 802 2163 έκ
819 2122 854 2163 τε
873 2093 1024 2184 Ἀραβίης
1044 2096 1099 2163 καὶ
1112 2101 1237 2163 Φοινί·
1290 2173 1291 2182 ¹

226 2218 296 2263 κων
311 2196 364 2261 καὶ
380 2202 612 2280 ΒαβυλωνίωνΙ
625 2198 680 2263 καὶ
698 2193 781 2262 ἀλλα
798 2199 835 2263 έκ
854 2199 1108 2279 Καππαδοκίης,
1132 2192 1179 2260 τὰ
1202 2195 1237 2260 δὲ

225 2296 281 2362 καί
295 2300 426 2371 Κίλικες
441 2296 598 2378 φέρουσι,
620 2292 660 2360 τά
677 2295 713 2361 δὲ
729 2292 905 2379 Ἀσσνριοι.
931 2291 1021 2360 εἶδον
1036 2292 1070 2359 δὲ
1087 2289 1156 2377 έγοὸ
1182 2293 1238 2359 καὶ

227 2392 265 2459 τὰ
280 2395 317 2460 ἐν
327 2400 372 2481 τῷ
384 2400 453 2481 νηῷ
465 2392 577 2481 λάθρη
588 2389 783 2475 ἀποκέαται,
801 2396 925 2479 ἐσθῆτα
938 2389 1067 2477 πολλὴν
1076 2391 1132 2458 καὶ
1149 2388 1236 2458 ἄλλα

225 2490 328 2559 ὁκόσα
343 2494 375 2569 ές
390 2485 578 2577 ἀργορονῆ
599 2493 632 2570 ές
646 2491 773 2580 χρνσὸν
792 2489 1019 2573 ἀποκέκριται·
1053 2486 1148 2570 ὁρταὶ
1173 2488 1236 2575 μὲν

224 2589 288 2677 γὰρ
303 2593 357 2657 καὶ
372 2590 576 2677 πανηγύριες
590 2586 788 2677 ούδαμοίσιν
803 2591 953 2661 ἄλλοισιν
968 2587 1166 2672 ἀνθρώπων
1177 2614 1235 2654 το-

224 2692 317 2757 σαίδε
341 2685 585 2774 ἀποδεδέχαται.
624 2694 674 2757 ll.
693 2692 875 2773 ίστορέοντι
892 2692 932 2757 δέ
945 2715 1002 2774 μοι
1023 2690 1121 2756 ἐτέων
1143 2694 1233 2770 πέρι,
1290 2711 1291 2742 ι

224 2785 328 2855 ὁκόσα
344 2794 388 2876 τῷ
403 2792 464 2877 ίρῷ
481 2790 563 2864 ἐστι,
580 2790 634 2856 καὶ
649 2786 711 2874 τὴν
722 2787 807 2855 θεὸν
823 2786 917 2855 αύτολ
928 2786 1046 2874 ἥντινα
1063 2789 1234 2869 δοκέουσι,
1290 2783 1291 2786 “

224 2889 339 2954 πολλοὶ
354 2885 447 2971 λόγοι
465 2888 632 2971 ἐλέγοντο,
647 2895 717 2953 τῶν
732 2892 766 2955 οί
780 2888 841 2973 μὲν
855 2892 937 2971 ίροί,
960 2890 995 2956 οί
1006 2885 1042 2953 δέ
1057 2888 1233 2971 ἐμφανέες,

224 2992 259 3052 οί
267 2985 303 3052 δὲ
314 2984 417 3067 κύρια
430 2986 613 3070 μυθώδεες,
632 2990 687 3054 καί
701 2985 797 3054 ἀλλον
811 2988 987 3075 βάρβαροι,
1002 2989 1037 3053 οί
1048 2987 1110 3070 μὲν
1123 2999 1235 3051 τοῖσιν

224 3080 381 3170 Ἕλλησιν
395 3080 645 3169 ὁμολογέοντες,
665 3085 744 3164 τούς
757 3083 822 3172 έγεὸ
837 3088 964 3164 πάντας
978 3084 1041 3170 μέν
1055 3086 1155 3166 έρέοτ,
1181 3087 1236 3150 δέ·

224 3206 324 3266 κομαι
340 3182 376 3248 δέ
391 3178 531 3268 ούδαμά.
556 3187 605 3251 12.
623 3189 658 3253 οί
669 3184 731 3270 μὲν
747 3177 796 3252 ἀν
811 3186 926 3252 πολλοὶ
937 3188 1162 3252 Δευκαλίωνα
1176 3180 1230 3247 τὸι

159 3298 208 3352 4⁵8
226 3279 380 3348 Σισύθεα
394 3280 431 3348 τὸ
447 3279 522 3362 ίρὸν
533 3286 688 3352 εἵσασθαι
702 3287 853 3371 λέγουσι,
868 3290 988 3351 τοῦτον
999 3286 1236 3362 Δευκαλίωνα,

224 3381 276 3446 ἐπὶ
297 3377 410 3445 τοῦτὸ
427 3376 553 3447 πολλὸν
571 3380 663 3462 ὕδωρ
681 3385 819 3468 ἐγένετο.
849 3388 1086 3456 Δευκαλίωνος
1100 3380 1136 3446 δὲ
1159 3382 1235 3461 πέρι

178 3504 181 3513 ’
226 3478 328 3561 λόγον
339 3476 537 3564 ένἝλλησιν
552 3477 697 3565 ἥκουσα,
713 3479 935 3567 τὸνἝλληνες
946 3477 998 3549 ἐπ’
1011 3477 1102 3569 αύτῷ
1112 3485 1236 3563 λέγον·
