2625 4092
212 229 275 291 232
563 232 597 287 Λ
605 229 800 288 OYKIAN
807 229 873 288 01³

212 386 296 472 πρὸς
316 395 413 457 τοῦτο
436 386 522 456 εἷναί
536 396 596 473 ’μοι
618 385 799 455 δακτύλιόν
820 415 911 456 τινα·
941 394 994 456 καί,
1017 389 1084 476 μὴν
1107 394 1163 458 καὶ
1185 392 1214 469 ές

212 485 322 554 ὕπνον
336 493 508 553 κατασπᾶν
530 485 677 564 ὁπόσους
691 479 735 552 ἀν
754 487 860 553 ἐθέλω
874 487 929 554 καλ
949 485 1082 556 ἅπασαν
1100 490 1217 570 θύραν

211 585 381 667 προσιόντι
402 610 459 670 μοι
475 581 669 668 ἀνοίγεσθαι
692 587 885 669 χαλωμένου
906 593 966 653 τοῦ
983 596 1144 671 κλείθρου
1162 591 1214 655 καί

211 690 272 750 τοῦ
283 688 409 767 μοχλοῦ
418 679 681 765 ἀφαιρουμένου,
691 689 793 748 ταῦτα
803 680 974 768 ἀμφότερα
985 681 1030 762 εἷς
1040 685 1215 760 δακτύλιος

143 792 193 850 λ76
213 779 384 846 δυνάσθω.
413 783 463 846 43.
481 774 518 845 τδ
539 779 576 844 δὲ
591 779 747 863 μέγιστον
763 776 862 856 ἀλλος
876 806 926 856 τις
940 784 1022 846 ἔστω
1039 783 1091 849 ἐπὶ
1110 790 1214 849 πᾶσιν

212 874 394 962 ὁὴδιστος,
411 873 455 953 ὡς
469 876 627 961 ἐράσμιον
643 873 729 943 εἷναί
742 902 782 960 με
797 879 1019 964 περιθέμενον
1035 882 1127 948 παισλ
1148 894 1217 958 τοῖς
1295 949 1296 952 ,

213 971 346 1055 ὡραίοις
366 975 422 1041 καὶ
442 975 571 1056 γυναιξὶ
592 975 648 1040 καὶ
668 974 784 1057 δήμοις
804 971 894 1053 ὅλοις
908 980 963 1044 καὶ
983 980 1109 1062 μηδένα
1130 975 1216 1045 εἶναι

212 1069 395 1155 ἀνέραστον
412 1073 466 1138 καὶ
481 1069 547 1160 ὅτφ
561 1069 605 1156 μὴ
618 1071 857 1149 ποθεινότατος
871 1073 934 1158 ἐγώ
950 1077 1005 1142 καὶ
1016 1073 1079 1143 ἀνά
1096 1076 1217 1160 στόμα,

213 1168 296 1236 ὥστε
310 1168 434 1247 πολλάς
445 1184 604 1254 γυναῖκας
614 1166 657 1234 ού
673 1168 840 1252 φερούσας
850 1167 910 1236 τὸν
924 1176 1028 1252 ἔρωτα
1040 1174 1094 1241 καὶ
1108 1172 1218 1256 ἀναρ-
1297 1179 1298 1184 ’

141 1291 144 1295 ·
212 1275 274 1334 τοῖν
287 1265 405 1343 ἑαυτάς
422 1269 475 1334 καλ
492 1263 531 1333 τά
546 1265 698 1352 μειράκια
713 1269 946 1352 ἐπιμεμηνέναι
960 1297 1016 1356 μοι
1032 1274 1085 1339 καὶ
1101 1270 1218 1339 εὐδαί-

211 1390 299 1449 μονα
314 1363 398 1432 εἶναι
415 1369 543 1444 δοκεῖν,
568 1372 602 1431 εί
614 1389 688 1429 τινα
702 1364 756 1428 καὶ
771 1364 877 1447 μόνον
893 1370 1133 1454 προσβλέψαιμι
1151 1366 1218 1435 αὐ·
1300 1447 1301 1452 ¹

210 1469 294 1546 τῶν,
316 1469 346 1530 εί
359 1459 390 1529 δ’
406 1459 622 1551 ὑπερορῴην,
639 1457 776 1527 κάκεῖνα
793 1459 858 1527 ὑπὸ
875 1464 980 1549 λύπης
996 1462 1218 1547 ἀπολλύσθω,

211 1563 265 1629 καὶ
281 1559 365 1638 ὅλως
380 1557 464 1641 ὑπὲρ
479 1557 539 1626 τδν
552 1557 732 1626 Ὑάκινθον
746 1555 767 1643 ἡ
774 1556 875 1626 Ὕλαν
888 1554 910 1644 ἡ
921 1562 1045 1628 Φάωνα
1060 1559 1119 1629 τδν
1128 1569 1220 1630 Χίου
1302 1604 1303 1628 ι

212 1658 298 1726 εἷναί
305 1684 355 1743 με.
374 1663 424 1725 44.
438 1660 606 1724 καὶταῦτα
618 1656 726 1722 πάντα
738 1661 825 1740 ἐχειν
836 1654 879 1744 μὴ
892 1655 1119 1744 ὀλιγοχρόνιον
1131 1657 1220 1727 ὄντα
1303 1706 1304 1722 ι

211 1754 293 1840 μηδὲ
304 1751 387 1821 κατά
398 1755 519 1840 μέτρον
530 1760 633 1834 ζῶντα
643 1761 700 1838 τῆς
712 1750 927 1839 ἀνθρωπίνης
938 1763 1059 1842 βιοτῆς,
1072 1753 1145 1824 ἀλλ’
1160 1762 1219 1841 ἔτη
1304 1808 1305 1820 ,

210 1861 296 1939 χίλια
312 1857 391 1919 νέον
408 1854 444 1918 ἐκ
461 1854 540 1918 νέου
556 1852 757 1935 γιγνόμενον
773 1855 945 1937 διαβιῶναι
961 1850 1045 1938 ἀμφὶ
1058 1847 1097 1920 τά
1115 1855 1219 1920 ἑπτα·
1305 1910 1306 1930 ,

211 1955 346 2018 καίδεκα
366 1954 421 2034 ἔτη
442 1946 492 2015 ἀεὶ
508 1945 740 2032 ἀποδυόμενον
758 1945 793 2014 τδ
810 1955 912 2034 γῆρας
929 1947 1038 2032 ύσπερ
1055 1953 1088 2017 οί
1101 1947 1219 2034 ὄφεις·

212 2046 311 2115 οὐδὲν
320 2044 385 2131 γάρ
399 2046 508 2132 δεήσει
521 2073 562 2133 με
572 2054 675 2114 ταῦτα
687 2053 818 2133 ἔχοντα·
835 2047 942 2114 πάντα
956 2047 1020 2134 γάρ
1035 2046 1095 2133 ἐμά
1108 2041 1152 2134 ἡν
1173 2045 1220 2115 ἀν

210 2145 250 2213 τά
267 2151 334 2212 τῶν
349 2143 475 2229 ἄλλων,
494 2148 527 2223 ές
541 2142 623 2210 ὅσον
637 2142 785 2229 ἀνοίγειν
799 2171 834 2212 τε
848 2145 906 2224 τάς
919 2146 1028 2229 θύρας
1042 2147 1220 2231 ἐδυνάμην

211 2245 265 2337 καὶ
275 2247 433 2328 κοιμίζειν
441 2240 518 2320 τούς
529 2243 682 2327 φύλακας
693 2245 747 2310 καὶ
755 2239 897 2319 ἀθέατος
908 2240 990 2309 εἶναι
1001 2243 1121 2310 είσιτόν.
1137 2249 1170 2310 εί
1182 2247 1222 2310 δέ

210 2367 241 2407 τι
264 2341 300 2406 ἐν
319 2338 431 2417 Ἰνδοῖς
452 2334 711 2426 ἢῪπερβορέοις
726 2344 836 2424 θέαμα
854 2338 1043 2422 παράδοξον
1063 2334 1086 2424 ἡ
1106 2346 1218 2425 κτῆμα

210 2432 350 2522 τίμιονὴ
364 2435 425 2504 ὅσα
436 2440 597 2523 ἐμφαγεῖν
608 2433 629 2522 ἡ
642 2453 729 2504 πιεῖν
743 2435 840 2523 ἡδέα,
857 2433 899 2503 ού
908 2437 1219 2522 μεταστειλάμενος,

211 2533 283 2604 ἀλλ’
303 2533 403 2612 αύτδς
423 2535 655 2619 ἐπιπετόμενος
672 2532 840 2602 ἀπέλαυον
860 2531 1019 2600 ἁπάντων
1040 2536 1072 2610 ἐς
1093 2531 1216 2614 κόρον·

210 2637 264 2702 καὶ
281 2635 349 2701 ἐπεὶ
363 2631 455 2719 γρὺψ
469 2629 660 2715 ὑπόπτερον
670 2640 792 2716 θηρίον
806 2627 827 2715 ἡ
842 2635 952 2714 φοῖνιξ
967 2630 1087 2713 ὄρνεον
1102 2634 1139 2698 έν
1150 2629 1217 2700 Ἰν-

143 2751 192 2809 κπ
211 2737 280 2808 δοίς
296 2729 442 2798 ἀθέατον
457 2744 524 2807 τοῖς
545 2728 672 2813 ἀλλοις,
698 2727 761 2814 ε’γά
784 2731 820 2795 δὲ
839 2730 1006 2796 καὶτοῦτο
1025 2727 1139 2814 ε’ύρων
1160 2728 1216 2812 ἅν,

210 2831 265 2895 καὶ
274 2828 332 2906 τάς
341 2825 447 2913 πηγάς
457 2829 492 2894 δὲ
504 2825 562 2904 τὰς
570 2834 696 2895 Νείλου
705 2826 808 2911 μόνος
818 2822 861 2892 άν
870 2823 1058 2912 ἡπιστάμην
1066 2828 1121 2892 καὶ
1131 2823 1216 2894 ὅσον

210 2933 266 3010 τῆς
277 2932 336 3010 γὴς
349 2923 523 3010 ἀοίκητον,
538 2927 593 2992 καὶ
605 2933 639 2992 εί
652 2950 739 3001 τινες
750 2921 922 3000 ἀντίποδες
940 2922 1018 3009 ἡμῖν
1033 2930 1164 2991 οίκοῦσι
1176 2921 1214 2989 τὸ

211 3026 326 3092 νότιον
340 3031 396 3109 της
406 3033 467 3110 γῆς
477 3023 639 3110 ἡμίτομον
654 3029 790 3109 ἔχοντες.
815 3029 859 3090 ε”τι
873 3025 908 3088 δὲ
922 3024 975 3089 καὶ
987 3020 1135 3102 ἀστέρων
1145 3021 1215 3106 φύ-

213 3143 267 3187 σιν
281 3123 335 3187 καὶ
351 3121 491 3206 σελήνης
508 3125 562 3188 καὶ
579 3120 684 3188 αύτού
701 3119 797 3207 ἡλίου
812 3122 932 3206 ῥᾳδίως
950 3125 1056 3202 ἔγνων
1071 3113 1114 3183 ἀν
1126 3115 1216 3182 ἀπα-

211 3217 276 3304 θὴς
294 3215 343 3285 ἀν
363 3227 408 3307 τῷ
426 3227 523 3304 πυρί,
547 3221 601 3286 καὶ
623 3216 659 3285 τδ
681 3220 817 3284 πάντων
840 3216 993 3301 ἡδιστον,
1017 3214 1215 3300 αύθὴμερόν
1305 3287 1307 3300 Ι

212 3315 360 3401 ἀγγείλαι
376 3319 408 3393 ἐς
420 3324 624 3404 Βαβυλῶνα,
642 3325 691 3395 τίς
705 3322 856 3402 ἐνίκησεν
874 3312 1046 3400 Ὀλύμπια,
1068 3319 1120 3380 καὶ
1140 3309 1215 3392 άρι-

211 3415 394 3498 στήσαντα,
412 3420 441 3481 εί
455 3416 564 3498 τύχοι,
582 3417 618 3480 ἐν
627 3421 738 3498 Συρία
755 3420 926 3496 δειπνῆσαι
942 3416 978 3480 ἐν
990 3410 1113 3493 Ἰταλίᾳ.
1139 3417 1168 3476 εί
1179 3413 1218 3477 δέ
