2625 4092
241 431 285 493 80
442 449 445 453 ·
599 429 904 489 AO'PKIANO'P

243 596 425 678 δεξαμένου
436 598 496 657 τού
507 594 686 675 πορθμέως
702 586 932 673 ἀναπόμπιμοι
943 587 1046 655 πόλιν
1055 597 1089 666 ές
1102 588 1163 655 τόν
1175 594 1258 674 βίον

243 690 459 777 ἀφικνοῦντο.
496 695 543 757 ll.
564 686 644 775 μετά
667 696 770 755 ταυτα
791 689 826 756 δέ
843 689 1023 766 λούσαντες
1041 687 1183 771 αύτούς,
1211 714 1258 763 ως

173 802 225 860 m
245 788 305 875 οὐχ
321 794 437 873 ίκανης
454 797 511 873 της
527 790 616 854 κάτω
628 794 747 871 λίμνης
757 784 902 870 λουτρόν
918 786 1084 863 εἶναιτοῖς
1100 797 1185 867 ἐκεῖ,
1200 791 1259 854 καὶ

243 890 340 976 μύρῳ
361 894 407 975 τῷ
428 894 590 975 καλλίστῳ
610 892 780 969 χρίσαντες
800 882 837 950 τό
861 892 954 969 σῶμα
977 884 1061 965 πρός
1081 890 1258 951 δυσωδίαν

242 983 306 1069 ήδη
322 986 519 1069 βιαζόμενον
536 986 590 1049 καὶ
606 983 880 1066 στεφανώσαντες
897 998 964 1060 τοῖς
979 980 1113 1066 ὡραίοις
1128 981 1257 1050 ἀνθεσι

244 1090 459 1164 προτίθενται
474 1088 631 1165 λαμπρῶς
643 1079 874 1164 ἀμφιέσαντες,
890 1082 946 1146 ἵνα
957 1079 1002 1166 μή
1014 1085 1136 1170 ῥιγῷεν
1148 1086 1257 1165 δῆλον

244 1178 295 1247 ότι
310 1174 400 1259 παρά
416 1179 477 1264 τήν
493 1176 576 1245 ὁδόν
590 1179 673 1264 μηδὲ
687 1181 808 1264 γυμνοὶ
824 1182 998 1265 βλέποιντο
1016 1185 1063 1266 τῷ
1082 1183 1254 1266 Κερβέρῳ.

247 1283 294 1344 12.
313 1280 450 1362 οἰμωγαὶ
473 1279 509 1343 δὲ
529 1278 580 1343 ἐπὶ
602 1277 732 1351 τούτοις
754 1277 809 1342 καὶ
831 1273 981 1353 κωκυτὸς
1001 1284 1176 1361 γυναικών
1198 1279 1257 1340 καὶ

243 1375 332 1456 παρὰ
355 1376 492 1441 πάντων
510 1373 638 1455 δάκρυα
662 1376 716 1439 καί
737 1378 856 1455 στέρνα
877 1375 1066 1458 τυπτόμενα
1089 1377 1143 1440 καλ
1164 1395 1257 1439 σπα-

244 1475 425 1557 ραττομένη
439 1475 523 1557 κόμη
539 1475 592 1538 καὶ
608 1470 863 1555 φοινισσόμεναι
878 1480 1028 1556 παρειαί·
1051 1481 1109 1541 καί
1117 1498 1186 1539 που
1199 1478 1256 1538 καὶ

243 1569 346 1656 ε’σθής
363 1571 629 1656 καταρρήγνυται
646 1574 700 1636 καί
720 1570 813 1647 κόνις
828 1573 881 1638 ἐπὶ
895 1580 935 1659 τή
950 1579 1079 1657 κεφαλή
1094 1573 1254 1637 πάττεται

243 1673 296 1737 καλ
314 1675 348 1736 οί
360 1676 477 1749 ζῶντες
492 1669 695 1751 οἰκτρότεροι
709 1675 770 1734 τοῦ
784 1676 925 1750 νεκροῦ·
948 1673 983 1737 οί
995 1668 1135 1755 μὲνγὰρ
1150 1670 1255 1752 χαμαὶ

242 1773 480 1835 κυλινδοῦνται
496 1769 656 1843 πολλακις
668 1765 773 1833 καὶ
737 1793 795 1844 τας
806 1767 953 1851 κεφαλὰς
970 1765 1151 1849 ἀράττουσι
1166 1766 1255 1847 πρὸς
1306 1855 1307 1858 ¹

242 1892 279 1931 το
269 1861 461 1948 ἔδαφος,ε
447 1892 464 1930 ο
481 1865 516 1933 δε
529 1863 704 1981 εὐσχήμων
719 1892 773 1931 και
763 1863 885 1941 καλός
900 1893 953 1932 και
943 1864 1046 1931 καθ’
1060 1861 1255 1979 ὑπερβολήν

243 1967 513 2046 ἐστεφανωμένος
535 1960 664 2085 ὑυηλβς
686 1963 857 2045 πρόκειται
879 1966 932 2030 καὶ
953 1965 1116 2048 μετέωρος
1138 1960 1254 2041 ὥσπερ

246 2090 276 2142 ες
294 2060 430 2147 πομπήν
447 2064 701 2147 κεκοσμημένος
727 2068 775 2128 l3.
793 2060 858 2128 εἷθ’
872 2088 892 2146 η
907 2088 1013 2146 μητηρ
1028 2057 1049 2147 ἢ
1064 2061 1171 2146 καὶνή
1184 2071 1253 2128 Δία

244 2166 262 2225 ὁ
281 2159 387 2245 πατήρ
401 2162 437 2226 ἐκ
451 2164 561 2244 μέσων
575 2168 642 2225 τῶν
659 2167 833 2243 συγγενῶν
846 2159 1024 2240 προελθών
1041 2162 1096 2228 καὶ
1112 2186 1253 2245 περιχυ-

244 2264 317 2335 θεὶς
329 2256 417 2345 αύτῷ
429 2298 472 2309 --
481 2266 673 2339 προκείσθω
690 2259 754 2342 γάρ
772 2285 819 2334 τις
835 2263 908 2336 νέος
923 2262 976 2326 καὶ
992 2260 1109 2338 καλός,
1126 2263 1184 2325 ἵνα
1197 2262 1254 2327 καλ

245 2356 465 2437 ἀκμαιότερον
479 2354 515 2421 τό
536 2352 584 2421 ἐπ’
603 2352 693 2442 αύτῷ
705 2358 814 2440 δρᾶμα
828 2348 850 2444 η’
864 2398 905 2407 -
919 2354 1034 2439 φωνὰς
1048 2354 1254 2432 ἀλλοκότους

243 2471 298 2522 καί
313 2461 451 2541 ματαίας
474 2452 607 2540 ἀφίησι,
639 2451 723 2535 πρός
744 2451 782 2531 ἀς
803 2454 820 2519 ό
841 2453 960 2537 νεκρός
987 2452 1087 2533 αύτός
1108 2452 1253 2536 ἀποκρί·

173 2572 226 2629 928
244 2552 331 2620 ναιτ’
346 2551 405 2634 ἀν,
425 2559 454 2621 εί
469 2554 567 2639 λάβοι
584 2553 718 2637 φωνήν·
742 2555 842 2638 φήσει
855 2553 920 2640 γάρ
931 2552 949 2621 ὁ
962 2553 1069 2639 πατήρ
1085 2556 1209 2640 γοερόν
1218 2582 1253 2620 τι

244 2653 476 2738 φθεγγόμενος
495 2654 550 2719 καὶ
572 2659 781 2734 παρατείνων
802 2655 943 2719 ἕκαστον
967 2661 1035 2720 τῶν
1062 2652 1252 2739 ὀνομάτων,

247 2756 374 2819 Τέκνον
394 2751 547 2837 ἥδιστον,
571 2761 644 2839 οίχη
660 2777 715 2836 μοι
737 2754 791 2817 καὶ
812 2754 976 2837 τέθνηκας
997 2756 1051 2821 καὶ
1072 2751 1137 2836 πρό
1160 2752 1252 2836 ὥρας

243 2849 463 2936 ἀνηρπάσθης
478 2852 584 2936 μόνον
605 2844 660 2935 έρόὶ
680 2850 741 2917 τόν
758 2850 880 2918 ἀθλιον
896 2851 1105 2935 καταλιπων,
1128 2849 1169 2919 ού
1186 2879 1252 2937 γα-

243 2971 364 3033 μησας,
389 2948 430 3015 ού
452 2948 792 3033 παιδοποιησάμενος,
816 2947 857 3016 ού
881 2951 1181 3036 στρατευσόμενος,
1208 2949 1252 3015 ού

242 3047 445 3132 γεωργήσας,
461 3045 523 3112 ούκ
542 3052 586 3125 είς
600 3056 704 3131 γήρας
716 3049 837 3124 ε’λθύν,
853 3048 894 3115 ού
905 3052 1044 3137 κωμάση
1056 3050 1158 3117 πάλιν
1167 3048 1251 3117 ούδὲ

243 3144 430 3231 ἐρασθήσῃ,
458 3148 590 3227 τέκνον,
620 3145 698 3213 ούδὲ
720 3151 756 3213 έν
773 3159 968 3232 συμποσίοις
988 3149 1156 3233 μετὰτῶν
1173 3147 1253 3234 ηλι-

243 3251 373 3309 κιωτων
388 3244 598 3331 μεθυσθήσῃ.
630 3251 677 3311 14.
694 3253 796 3312 ταῦτα
810 3247 846 3315 δέ
866 3250 921 3315 καλ
939 3246 979 3314 τὰ
996 3257 1133 3316 τοιαῦτα
1149 3250 1250 3333 φήσει

243 3348 394 3422 οίομενος
409 3340 469 3408 τόν
480 3340 556 3410 υίόν
573 3349 704 3410 δεῖσθαι
716 3346 778 3428 μὲν
796 3352 842 3411 ἔτι
856 3347 986 3412 τούτων
1000 3349 1054 3413 καλ
1070 3350 1249 3432 ἐπιθυμεῖν

242 3442 297 3509 καὶ
312 3438 393 3517 μετά
407 3437 468 3525 τὴν
483 3444 657 3527 τελευτήν,
674 3440 716 3507 ού
729 3443 897 3511 δύνασθαι
915 3445 950 3511 δὲ
966 3450 1113 3530 μετέχειν
1124 3443 1250 3512 αὐτῶν.

244 3558 349 3608 καίτοι
364 3548 397 3607 τί
410 3548 512 3607 ταῦτα
527 3548 615 3625 φημί
620 3570 628 3621 ;
649 3540 747 3607 πόσοι
762 3541 825 3626 γάρ
842 3546 896 3611 καὶ
913 3547 1037 3622 ἵππους
1050 3546 1105 3611 καὶ
1119 3552 1247 3612 παλλα-

244 3654 352 3707 mm.
369 3642 404 3705 οί
412 3638 446 3705 δέ
462 3642 515 3707 καὶ
530 3642 703 3725 οἰνοχόους
714 3642 977 3722 ἐπικατέσφαξαν
987 3646 1041 3710 καὶ
1053 3646 1178 3728 ἐσθῆτα
1194 3648 1249 3711 καὶ
