2625 4092
81 302 205 359 ΠΕΡΙ
226 303 324 362 ΤΟΥ
340 305 417 360 ΜΗ
438 304 553 359 ΡΑιΔ.
574 302 701 357 ΠΙΣΤ.
725 301 982 358 ΔΙΔΒΟΛΗι.
1028 296 1088 358 165

81 465 202 544 οὐδέν,
215 456 241 529 οδ
252 468 343 544 θεοί,
359 459 458 527 οὐδὲν
469 458 607 526 ἀνόσιον
619 461 844 542 εἰργασμένον.
869 463 918 524 27.
933 465 1003 533 ναί,
1021 457 1086 542 φή-

80 583 135 628 σει
148 587 213 636 τις·
243 556 317 625 ἀλλ’
334 555 522 637 ἀξιόπιστός
536 559 625 622 ἐστιν
639 559 743 623 ἐνίοτε
759 555 776 622 ὁ
794 556 983 642 διαβάλλων
1001 552 1086 640 ἀνὴρ

82 658 124 724 τά
140 683 175 723 τε
196 653 279 724 ἄλλα
296 660 421 732 δίκαιος
441 657 495 722 καλ
512 653 650 732 οννετδς
665 654 749 722 εἶναι
770 660 895 738 δοκων,
918 656 973 724 καὶ
989 659 1088 739 ἐχρῆν

83 757 259 838 προσέχειν
279 749 370 842 αύτῷ
389 751 447 818 άτε
467 755 571 838 μηδὲν
593 750 636 818 ἀν
657 761 789 820 τοιοῦτο
811 754 1087 836 κακουργήσαντι.

82 846 140 932 ἀρ’
160 845 223 918 οὖν
237 857 298 917 τού
308 849 509 934 Ἀριστείδου
520 855 586 916 ἔστι
602 877 650 927 τις
667 850 886 933 δικαιότερος;
910 845 981 916 ἀλλ’
999 846 1088 932 ὅμως

83 948 237 1026 κάκεῖνος
249 953 390 1034 συνέστη
402 950 455 1015 ἐπὶ
466 945 525 1014 τδν
537 952 757 1031 Θεμιστοκλέα
775 949 828 1015 καὶ
844 949 1087 1032 συμπαρώξυνε
1107 959 1158 1014 158

83 1046 145 1114 τὸν
162 1052 284 1131 δῆμον,
299 1037 354 1130 ἧς,
371 1051 491 1128 φασίν,
506 1048 630 1121 ἐκεῖνος
644 1053 813 1131 πολιτικῆς
825 1053 1011 1128 φιλοτιμίας
1022 1042 1087 1112 ύπο

83 1146 309 1229 κεκνισμένος.
333 1148 459 1220 δίκαιος
473 1144 534 1227 μὲν
549 1142 613 1227 γὰρ
626 1141 671 1221 ως
681 1140 763 1226 πρὸς
775 1141 853 1222 τούς
868 1140 990 1220 ἀλλους
1002 1141 1090 1224 Ἀρι-

83 1248 230 1326 στείδης,
255 1239 436 1324 ἄνθρωπος
451 1240 487 1308 δέ
504 1241 556 1308 καὶ
573 1238 673 1318 αὐτὸς
687 1234 730 1327 ἦν
747 1244 801 1308 καί
815 1239 916 1326 χολήν
934 1239 1014 1326 εἶχε,
1035 1243 1090 1308 καὶ

82 1338 198 1426 ήγάπα
212 1338 286 1406 τινά
303 1342 357 1406 καὶ
372 1341 484 1423 ἐμίσει.
508 1343 559 1406 28.
575 1340 630 1406 καλ
642 1347 676 1406 sc
683 1364 720 1423 γε
736 1336 864 1424 ἀληθής
878 1343 967 1406 ἐστιν
981 1335 998 1404 ὁ
1016 1341 1090 1420 περὶ

83 1445 147 1504 τού
159 1437 380 1522 Παλαμήδους
393 1436 506 1523 λύγος,
522 1435 540 1502 ὁ
553 1439 776 1514 συνετώτατος
790 1443 858 1504 των
872 1434 1010 1520 Ἀχαιῶν
1025 1434 1089 1502 κάν

83 1550 155 1614 τοῖς
168 1534 279 1605 ἀλλοις
289 1533 422 1612 ἀοιστος
435 1531 497 1620 τήν
510 1530 692 1619 ἐπιβουλήν
702 1534 757 1600 καλ
768 1535 906 1614 ἐνέδραν
919 1529 983 1598 ὑπὸ
997 1532 1088 1617 φθό-

85 1659 151 1699 νου
168 1639 319 1715 φαίνεται
332 1628 555 1708 συντεθεικώς
566 1627 649 1696 κατὰ
664 1627 787 1712 ἀνδρὸς
798 1627 943 1714 ὁμαίμου
960 1631 1013 1696 καί
1031 1635 1087 1711 φί-

85 1740 149 1797 λου
164 1730 218 1796 καὶ
239 1729 290 1795 ἐπὶ
304 1725 364 1794 τόν
380 1726 484 1795 αύτδν
504 1730 665 1795 κίνδυνον
680 1727 953 1802 ἐκπεπλευκότος·
983 1723 1088 1800 οὕτως

85 1835 236 1912 ἔμφυτον
253 1824 378 1892 ἅπασιν
392 1825 587 1907 ἀνθρώποις
601 1820 623 1909 ἡ
637 1825 712 1907 περὶ
726 1822 765 1890 τά
782 1830 916 1890 τοιαῦτα
934 1821 1086 1909 ἁμαρτία.

85 1934 135 1993 29.
155 1934 188 1992 τί
199 1922 262 2010 γάρ
275 1923 318 1991 α”ν
331 1951 380 2000 τις
394 1921 485 2009 ήτὸν
500 1924 687 2007 Σωκράτην
702 1925 791 2007 λέγοι
803 1919 862 1988 τδν
874 1919 995 1998 ἀδίκως
1006 1916 1088 2003 πρὸς
1109 1934 1158 1990 159

85 2132 163 2201 λον;
184 2118 206 2205 ή
218 2117 276 2186 τδν
288 2121 509 2204 Θεμιστοκλέα
524 2113 616 2205 ήτδν
626 2118 832 2202 Μιλτιάδην,
849 2114 927 2193 τούς
938 2111 1018 2200 μετά
1030 2141 1088 2198 τη-

85 2219 241 2294 λικαύτας
255 2224 349 2296 νίκας
363 2219 415 2285 ἐπὶ
430 2221 592 2304 προδοσίᾳ
606 2223 663 2301 της
678 2213 832 2293 Ἑλλάδος
847 2211 1017 2290 ὑπόπτους
1032 2239 1088 2298 γε-

85 2322 264 2402 νομένους;
292 2325 394 2402 μυρία
415 2314 479 2401 γάρ
499 2314 538 2382 τά
561 2318 808 2399 παραδείγματα
828 2315 882 2380 καὶ
908 2309 1027 2397 σχεδδν
1047 2311 1086 2378 τά

86 2425 220 2483 πλεῖστα
235 2413 299 2501 ήδη
313 2417 473 2500 γνώριμα.
507 2420 557 2482 30.
574 2420 608 2481 τί
622 2405 688 2478 οὖν
706 2409 766 2496 χρή
782 2411 834 2477 καὶ
851 2424 959 2476 ποιεῖν
976 2408 1035 2475 τόν
1050 2436 1088 2494 γε

87 2523 171 2582 νοῦν
186 2522 301 2599 ἔχοντα
316 2511 336 2600 ἢ
351 2513 466 2600 ἀρετῆς
479 2508 502 2599 ἢ
513 2511 672 2598 ἀληθείας
683 2507 972 2596 ἀμφισβητοῦντας
995 2507 1088 2590 ὅπερ,

86 2614 193 2700 οἶμαι,
215 2615 266 2680 καί
284 2613 427 2698 Ὅμηρος
442 2616 478 2678 ἐν
498 2619 542 2700 τῷ
558 2615 632 2692 περὶ
647 2612 822 2695 Σειρήνων
839 2610 938 2698 μύθῳ
956 2608 1088 2696 ᾐνίξατο

86 2723 272 2796 παραπλεῖν
283 2712 441 2788 κελεύσας
453 2710 510 2788 τάς
521 2707 697 2793 ὀλεθρίους
709 2712 829 2788 τούτοις
840 2718 907 2777 τῶν
917 2709 1088 2795 ἀκουσμά-

85 2839 152 2879 των
167 2808 289 2896 ήδονάς
303 2812 356 2876 καὶ
370 2808 596 2894 ἀποφράττειν
610 2811 649 2876 τά
667 2803 734 2877 οδτα
747 2811 799 2876 καί
815 2807 858 2894 μή
871 2807 993 2892 ἀνέδην
1004 2801 1088 2874 αύτά

83 2910 351 2978 ἀναπεταννύειν
365 2922 432 2985 τοῖς
443 2908 545 2974 πάθει
561 2911 850 2994 προειλημμένοις,
868 2904 940 2973 ἀλλ’
956 2907 1088 2990 ἐπιστή-
1108 2917 1158 2970 160

86 3031 190 3076 σαντα
207 3005 326 3093 ἀκριβῆ
337 3004 500 3089 θυρωρδν
510 3005 571 3072 τὸν
581 3005 742 3094 λογισμδν
755 3005 857 3074 ἅπασι
871 3019 938 3082 τοῖς
953 3007 1088 3090 λεγομέ-

85 3134 156 3184 νοις
181 3104 220 3172 τά
247 3107 308 3189 μέν
332 3102 405 3183 ἀξια
435 3110 632 3184 προσίεσθαι
654 3109 708 3173 καλ
732 3103 1022 3192 παραβάλλεσθαι,
1048 3099 1088 3168 τὰ

85 3211 197 3289 φαῦλα
216 3203 250 3269 δὲ
272 3200 460 3270 ἀποκλείειν
474 3204 526 3267 καὶ
546 3199 713 3269 ἀπωθεῖν·
743 3205 795 3270 καὶ
812 3200 876 3286 γάρ
897 3197 939 3268 ἀν
962 3210 1012 3287 εἴη
1033 3227 1088 3287 γε·
1199 3249 1200 3254 1

83 3313 179 3372 λοῖον
189 3310 246 3386 τῆς
257 3301 318 3383 μέν
329 3307 433 3376 οίκίας
443 3298 624 3381 θυρωροὺς
636 3301 846 3383 καθιστάναι,
858 3300 898 3366 τά
911 3292 975 3366 εἶτα
988 3299 1023 3366 δέ
1034 3304 1088 3367 καὶ

84 3399 145 3486 τήν
159 3400 314 3466 διάνοιαν
324 3397 517 3487 ἀνεῳγμένα
529 3400 596 3464 ἐᾶν.
613 3404 664 3465 31.
679 3394 812 3464 ἐπειδάν
825 3403 941 3464 τοίνυν
952 3406 1087 3464 τοιαῦτα

85 3505 205 3583 προσίη
218 3523 268 3575 τις
284 3501 406 3580 λέγων,
431 3493 511 3562 αὐτὸ
531 3495 584 3580 ἐφ’
602 3500 722 3564 ἑαυτοῦ
736 3494 797 3581 χρή
813 3493 849 3562 τδ
870 3503 1004 3580 πρᾶγμα
1020 3499 1086 3574 έξε*
