2625 4092
219 293 289 354 272*
569 242 634 355 ΛΠ
645 249 870 356 ΤΚΙΑΝΠΤ

217 461 272 543 τῷ.
297 451 370 522 ἀλλ’
388 451 503 540 ὀλίγου
518 462 589 525 δεῖν
606 453 673 526 ὑπὸ
689 464 756 524 τῶν
767 465 927 524 Κυνικῶν
938 459 1003 544 ἐγώ
1018 458 1214 525 σοι’διεσνιιί-

217 563 307 638 σθην
330 550 441 636 οἵσπερ
463 552 480 620 ὁ
504 548 662 622 Ἀκταίων
686 553 751 623 ὑπὸ
773 565 840 623 τῶν
862 563 977 623 κ’ννῶν
1002 551 1023 642 ῆ
1047 553 1065 622 ὁ
1089 553 1214 635 άνεφιὸς

216 649 321 721 αὐτοῦ
336 650 353 720 ὁ
371 651 526 732 Πενθεύς
541 651 605 719 ὑπό
620 662 688 720 τῶν
703 655 901 721 Μαινάδων.
923 661 953 723 3.
970 652 990 741 ῆ
1008 659 1043 722 δὲ
1057 660 1148 721 πᾶσα
1161 661 1216 722 τοῦ
1298 710 1299 713 .

189 781 191 790 1
216 748 383 834 δράματος
396 749 553 834 διασκενῆ
577 752 688 818 ’τοιάδε
708 746 767 838 ῆν·
783 789 785 795 ’
801 751 862 822 τόν
881 754 944 838 μὲν
963 751 1106 840 ποιητῆν
1122 749 1215 820 οἶσθα
1298 740 1299 759 ’

215 843 285 927 οἷός
299 876 333 916 τε
348 842 391 936 ῆν
406 852 459 920 καὶ
477 849 572 936 ἡλίκα
588 854 767 941 ἐτραγῴδει
776 849 860 935 ,παρ’
878 850 960 919 ὅλον
973 849 1033 919 τόν
1048 859 1125 939 βίον
1139 849 1215 931 ὑπὲρ

215 945 275 1015 τόν
291 951 468 1035 Σοφοκλέα
484 950 538 1018 καὶ
553 947 613 1016 τόν
623 951 800 1034 Αἰσχύλον.
823 947 888 1036 ε’γῶ
904 948 935 1016 δ’
950 951 1020 1020 ἐπεὶ
1030 951 1164 1035 τάχιστα
1176 954 1216 1024 είς

216 1047 278 1133 τῆν
288 1042 382 1116 Ἠλιν
393 1046 579 1134 άφικόμην,
590 1047 644 1117 διά
657 1057 718 1116 τοῦ
729 1055 917 1134 γυμνασίου
928 1047 1043 1118 ἆλύων
1054 1047 1217 1135 ἐπήκουον

217 1145 284 1231 άμα
297 1155 448 1216 Κυνικοῦ
460 1174 547 1229 τινος
561 1147 688 1234 μεγάλη
699 1149 752 1213 καὶ
763 1151 896 1234 τραχείᾳ
906 1153 945 1234 τῆ
957 1153 1056 1233 φωνῆ
1064 1144 1104 1214 τά
1117 1145 1218 1231 συνῆ-

147 1250 200 1314 328
220 1256 265 1330 θη
288 1251 390 1312 ταῦτα
408 1249 461 1314 καὶ
484 1249 519 1313 ἐκ
539 1247 676 1326 τριόδου
696 1243 758 1329 τῆν
778 1242 901 1329 ἀρετὴν
921 1247 1149 1332 ἐπιβοωμένου
1169 1245 1218 1310 καὶ

217 1342 343 1411 άπασιν
354 1341 552 1424 ἁπαξαπλῶς
564 1347 841 1428 λοιδορουμένου,
860 1342 928 1411 εἶτα
942 1347 1119 1429 κατέληξεν
1134 1341 1219 1429 αύτῷ

219 1440 238 1528 ἡ
253 1442 315 1529 βοῆ
331 1446 364 1520 ἐς
379 1442 440 1510 τόν
456 1446 609 1525 Πρωτέα·
632 1446 687 1510 καὶ
703 1437 745 1520 ὥς
760 1436 803 1506 ἂν
820 1437 890 1519 οἷός
906 1469 941 1509 τε
956 1433 999 1523 ω’,
1023 1443 1222 1526 πειράσομαί

217 1563 270 1608 σοι
286 1539 369 1608 αὐτὰ
386 1544 493 1608 ἐκεῖνα
505 1538 800 1626 ἀπομνημονεῦσαι
813 1537 857 1617 ὡς
871 1541 1008 1625 ἐλέγετο.
1031 1538 1074 1606 σύ
1086 1539 1123 1606 δὲ
1133 1565 1220 1624 γνω-

218 1637 436 1726 ριεϊςδηλαδῆ
455 1642 611 1716 πολλάκις
627 1635 739 1715 αύτοῐς
754 1635 923 1721 παραστάς
935 1645 1049 1726 βοῶσι.
1079 1643 1109 1705 4.
1122 1646 1221 1718 Πρω-

161 1731 164 1736 ’
207 1737 272 1804 Ὶτέα
284 1737 347 1820 γάρ
359 1763 423 1817 τις,
441 1743 521 1822 ἔφη,
539 1735 717 1814 κενόδοξον
728 1742 833 1824 τολμᾷ
842 1739 969 1822 λέγειν,
989 1728 1070 1821 ῶγῆ
1085 1738 1140 1803 καὶ
1151 1733 1222 1819 ῆλιε

217 1837 270 1904 καὶ
286 1836 426 1920 ποταμοὶ
438 1836 492 1902 καὶ
504 1836 652 1901 θάλαττα
670 1835 724 1899 καὶ
738 1841 869 1922 πατρῷε
878 1831 1067 1916 Ἡράκλεις,
1083 1836 1225 1915 Πρωτέα

216 1933 276 2000 τόν
301 1935 336 1999 ἐν
351 1939 462 2020 Συρίᾳ
480 1935 639 2013 δεθέντα,
661 1927 721 1997 τόν
742 1937 781 2017 τῆ
801 1927 1078 2013 πατρίδιάνέντα
1099 1955 1224 1996 πεντα-

217 2039 357 2116 κισχίλια
375 2030 534 2115 τάλαντα,
557 2028 618 2097 τόν
633 2027 697 2096 άπὸ
714 2035 770 2114 τῆς
781 2026 944 2112 Ῥωμαίων
960 2028 1090 2106 πόλεως
1103 2033 1225 2114 ἐκβλη-

217 2135 338 2214 θέντα,
362 2130 421 2199 τόν
436 2139 497 2198 τοῦ
510 2128 626 2199 Ἡλίου
642 2130 896 2216 ἐπισημότερον,
917 2127 977 2196 τόν
992 2127 1223 2215 ἀνταγωνίσα-

216 2241 297 2298 σθαι
321 2233 375 2297 καὶ
397 2228 486 2319 αὐτῷ
508 2239 553 2318 τῷ
574 2228 740 2318 Ὀλυμπίφ
761 2230 967 2313 δυνάμενον;
990 2226 1065 2296 ἀλλ’
1093 2226 1146 2295 ότι
1167 2226 1222 2294 διὰ

214 2326 320 2410 πυρός
332 2328 459 2413 ἐξάγειν
471 2335 531 2395 τοῦ
542 2336 619 2415 βίον
630 2331 811 2413 διέγνωκεν
822 2328 953 2411 ἑαυτόν,
969 2334 1014 2404 είς
1025 2331 1224 2406 κενοδοξίαν

146 2439 197 2500 329
216 2428 303 2506 τινὲς
318 2434 415 2495 τοῦτο
437 2424 673 2512 ἀναφέρουσιν.
704 2425 746 2494 ού
765 2425 829 2512 γάρ
843 2425 1008 2510 Ἡρακλῆς
1030 2423 1154 2504 ούτως;
1181 2422 1224 2492 ού

214 2527 278 2618 γάρ
297 2525 490 2614 Ἀσκληπιὸς
513 2528 566 2594 καὶ
580 2523 750 2605 Διόνυσος
766 2533 936 2615 κεραυνῷ,
961 2523 1002 2593 ού
1023 2525 1088 2611 γάρ
1105 2524 1146 2591 τά
1168 2551 1224 2592 τε·
1298 2562 1300 2619 g

215 2638 348 2696 λευταλα
361 2624 581 2712 Ἐμπεδοκλῆς
596 2630 640 2701 είς
656 2622 736 2702 τούς
751 2632 932 2710 κρατῆρας;
1028 2676 1032 2691 .

299 2733 327 2791 f»
358 2723 415 2802 Ὡς
441 2728 599 2791 δὲταῦτα
624 2722 715 2791 εἶπεν
740 2721 758 2790 ὁ
783 2727 1011 2810 Θεαγένης-
1032 2732 1133 2791 τούτο
1157 2722 1223 2808 γάρ

214 2823 231 2892 ὁ
255 2821 424 2909 κεκραγώς
446 2825 569 2898 ἐκεῖνος
586 2823 730 2888 ἐκαλεῖτο
741 2860 784 2913 ‘.
798 2820 927 2908 ἠρόμην
942 2819 1016 2889 τινά
1032 2827 1101 2888 τῶν
1116 2847 1223 2902 παρε-

214 2923 364 3010 στώτων.
388 2941 417 2986 τι·
438 2919 595 3008 βούλεται
612 2917 647 2984 τό
671 2921 745 3002 περὶ
761 2927 822 2986 τού
838 2919 944 3001 πυρός
964 2916 986 3006 ῆ
1008 2927 1042 2987 τί
1056 2916 1223 3003 Ἡρακλῆς

215 3023 268 3088 καὶ
284 3019 503 3104 Ἐμπεδοκλῆς
521 3017 603 3100 πρὸς
624 3017 684 3085 τόν
699 3024 846 3101 Πρωτέα.
892 3019 909 3085 ὁ
927 3025 978 3102 δέ,
1003 3018 1077 3088 Ούκ
1095 3027 1142 3098 είς
1157 3047 1224 3105 μα-

173 3147 176 3151 ·
215 3120 415 3204 κράν’,’έφη,
433 3120 548 3185 καύσει
560 3115 679 3185 ἑαυτόν
695 3117 712 3184 ὁ
729 3117 887 3201 Πρωτεύς
900 3117 1102 3203 Ὀλυμπίασι.
1132 3127 1222 3198 Πῶς,

215 3225 316 3304 ἔφην,
340 3214 361 3303 ἢ
383 3225 471 3295 τίνος
486 3220 598 3298 ένεκα;
627 3212 694 3285 εἶτα
710 3215 728 3284 ό
745 3219 806 3301 μὲν
822 3220 973 3298 ἐπειρᾶτο
990 3220 1116 3303 λέγειν,
1141 3219 1222 3303 ἐβόα

215 3319 250 3384 δὲ
267 3314 284 3382 ό
304 3318 466 3396 Κυνικός,
495 3314 577 3382 ὥστε
593 3315 765 3403 ἀμήχανον
780 3309 822 3402 ῆν
844 3316 947 3384 ἄλλον
964 3315 1109 3384 ἀκούειν.
1140 3320 1223 3401 έπῆ-
1298 3370 1299 3405 ,

215 3441 319 3482 κονον
344 3406 412 3480 οὖν’
428 3413 466 3479 τὰ
490 3413 586 3480 λοιπά
613 3420 854 3506 ἐπαντλοῦντος
875 3413 983 3482 αύτού
1003 3417 1058 3483 καὶ
1083 3425 1219 3500 θαυμα-

215 3513 293 3588 στάς
321 3507 623 3590 τιιιαςῑύπερβολύς
648 3513 824 3593 διεξιόντος
848 3512 932 3599 κατὰ
957 3520 1019 3579 τοῦ
1042 3520 1221 3593 Πρωτεως·
