2625 4092
307 259 584 318 -ΕΤΛΙΡΙΚΟΙ
605 258 859 318 ΔΙΑΛΟΓΟΙ.
1041 255 1101 318 237

93 423 131 490 δέ
146 419 167 509 ἦ
182 423 283 508 σιμήν
298 447 373 488 τινα
395 415 416 503 ἢ
433 416 539 503 καλὴν
559 419 700 505 νύμφην
717 416 807 499 οἶδας
835 414 855 504 ἦ
872 418 922 485 ότι
937 422 1068 486 Φείδων
1084 416 1102 485 ὁ

87 520 325 605 Ἀλωπεκῆθεν
334 557 377 568 -
388 515 476 601 οἶμαι
489 515 553 601 γὰρ
568 520 696 585 ἐκεῖνον
710 519 820 602 λέγειν
831 539 868 584 σε
880 558 921 568 -
932 519 1102 603 θυγατέρα

91 621 180 700 ὅλως
196 619 280 706 εἶχεν
297 617 422 702 ὡραίαν
433 615 497 704 ἤδη
509 617 634 702 γάμου;
656 616 729 685 ἀλλ’
741 615 820 686 οῦδὲ
831 625 927 703 φίλος
942 618 1030 684 ἐστὶν
1041 608 1102 682 οῦ-

91 749 150 800 τος
165 728 210 811 τῷ
229 726 343 800 πατρί·
370 721 537 804 μέμνημαι
560 714 624 801 γάρ
641 714 685 794 ὡς
702 716 819 806 πρῴην
835 717 1009 784 ἐδικάσατο
1027 715 1102 797 περὶ

92 818 302 904 συμβολαίου
314 821 490 884 ναυτικοῦ·
513 815 695 898 τάλαντον,
707 812 813 899 οἶμαι,
826 811 970 898 ὀφείλων
981 811 1046 897 γάρ
1056 819 1102 901 τῷ

91 918 192 999 πατρὶ
208 914 271 982 οῦκ
293 911 416 999 ἤθελεν
432 915 588 999 ἐκτίνειν,
609 908 627 978 ὁ
650 913 685 979 δὲ
701 909 790 993 παρὰ
806 911 886 989 τοῦς
905 916 1102 988 ναυτοδίκας

93 1015 268 1100 ἀπήγαγεν
278 1011 399 1094 αὐτόν,
416 1013 470 1078 καὶ
482 1011 577 1096 μόλις
590 1012 730 1089 ἐξέτισεν
741 1007 842 1094 αὐτό,
859 1007 933 1076 οὐδ’
950 1009 1042 1093 ὅλον,
1059 1006 1102 1084 ὡς

92 1112 112 1180 ὁ
127 1110 234 1197 πατὴρ
246 1117 401 1196 ἔφασκεν.
422 1114 451 1179 εί
461 1109 496 1175 δὲ
509 1108 563 1174 καὶ
575 1121 694 1192 γαμεῖν
706 1108 858 1175 ἐδέδοκτό
869 1133 942 1192 μοι,
956 1105 1018 1191 την
1029 1116 1102 1189 Δη-

92 1214 178 1298 μέου
193 1209 364 1294 θυγατέρα
384 1204 446 1294 τὴν
462 1213 523 1274 τοῦ
541 1207 685 1288 πέρυσιν
700 1206 978 1291 ἐστρατηγηκότος
995 1203 1101 1291 άφείς,

92 1309 149 1376 καὶ
171 1315 275 1374 ταῦτα
297 1303 381 1389 πρός
397 1303 519 1391 μητρός
539 1301 682 1383 ἀνεψιάν
704 1295 827 1386 οὖσαν,
852 1301 914 1389 τὴν
934 1307 1101 1379 Φείδωνος

91 1406 242 1491 ἐγάμουν
251 1401 311 1485 άν;
327 1401 370 1471 σῦ
381 1405 416 1471 δὲ
428 1403 537 1470 πόθεν
547 1408 649 1468 ταῦτα
659 1400 820 1486 ἥκουσαςς
835 1398 958 1487 ἧτινας
967 1407 1099 1488 σεαυτῇ,

93 1497 306 1586 εἷΜύρτιου,
326 1497 425 1579 κενάς
441 1507 634 1587 ζηλοτυπίας
649 1507 877 1584 σκιαμαχοῦσα
892 1501 1038 1582 ἐξεῦρεςς

178 1609 207 1669 3.
226 1609 357 1669 MYPT.
383 1599 520 1668 Οὔκουν
537 1612 668 1682 γαμεῖς,
684 1590 712 1664 ὦ
726 1599 900 1682 Πάμφιλες

178 1707 322 1767 ΠΑΜΦ.
347 1703 525 1783 Μέμηνας,
542 1689 754 1782 ῦΜῦρτιον,
772 1692 793 1781 ἢ
808 1703 1006 1783 κραιπαλᾷςς
1028 1700 1101 1761 καί·

93 1825 146 1866 τοι
160 1799 238 1885 χθὲς
251 1796 292 1865 οῦ
307 1799 398 1865 πάνυ
411 1795 658 1882 ἐμεθύσθημεν.

178 1903 311 1963 MYPT.
328 1893 371 1961 ‘H
379 1897 490 1978 Δωρὶς
502 1890 585 1979 αῦτη
599 1895 746 1978 ἐλύπησέ
753 1919 810 1979 με·
832 1904 1024 1978 πεμφθεῖσα
1035 1890 1099 1978 γάρ
1119 1902 1169 1958 *ῖΒῖ

93 1994 139 2074 ὡς
162 2002 233 2078 ἐρια
255 1993 418 2080 ὠνήσαιτό
438 2021 493 2080 μοι
517 1997 568 2061 ἐπὶ
589 1993 650 2080 τὴν
671 1999 813 2079 γαστέρα
836 1997 891 2062 καί
912 1994 1041 2075 εὔξαιτο
1063 2004 1101 2081 τῇ

91 2101 214 2181 Λοχείᾳ
237 2091 280 2172 ῦς
299 2091 384 2176 ὑπὲρ
407 2097 507 2179 ἐμοῦ,
539 2100 683 2179 Λεσβίαν
706 2099 771 2179 ἔφη
792 2096 998 2179 ἐντυχοῦσαν
1017 2091 1101 2182 αὐτῇ

93 2247 100 2260 .
117 2245 124 2258 .
141 2245 147 2258 .
162 2245 168 2258 .
185 2199 312 2276 μᾶλλον
328 2193 364 2258 δὲ
379 2189 423 2258 σῦ
438 2189 539 2277 αῦτη,
558 2183 705 2276 άΔωρί,
721 2197 794 2277 λέγε
806 2191 890 2274 άπερ
901 2189 1057 2279 άκηκοας,
1074 2202 1106 2260 εί

90 2317 131 2377 γε
148 2289 191 2376 μὴ
209 2291 340 2358 ἐπλάσω
356 2297 468 2360 ταῦτα.

179 2395 280 2458 ΔΩΡ.
301 2386 387 2457 Ἀλλ’
400 2393 619 2477 ἐπιτριβείην,
637 2383 851 2473 ῦδέσποινα,
871 2402 903 2459 εί
912 2419 943 2458 τι
959 2388 1102 2471 ἐψευσά-

93 2516 176 2576 μην·
199 2492 268 2556 ἐπεὶ
280 2487 343 2574 γάρ
356 2487 438 2556 κατά
450 2487 486 2556 τό
501 2505 704 2573 πρυτανεῖον
716 2491 888 2575 ἐγενόμην,
904 2491 1039 2574 ἐνέτυχέ
1047 2515 1102 2573 μοι

91 2587 113 2674 ἡ
130 2596 254 2676 Λεσβία
271 2594 430 2674 μειδιῶσα
447 2592 500 2656 καὶ
516 2595 637 2674 φησίν,
652 2586 691 2655 ‘0
706 2586 844 2673 ἐραστὴς
860 2586 956 2673 ὑμῶν
972 2586 990 2653 ὁ
1005 2588 1101 2673 Πάμ-

94 2698 193 2773 φιλος
214 2703 313 2774 γαμεῖ
325 2685 386 2772 τὴν
402 2693 570 2764 Φείδωνος
592 2689 781 2772 θυγατέρα·
816 2692 846 2754 εί
864 2687 901 2754 δέ
917 2683 1102 2772 ἀπιστοίην,

92 2784 189 2872 ἠξίου
198 2813 238 2871 με
248 2787 496 2869 παρακύψασαν
506 2790 538 2865 ἐς
547 2785 606 2852 τόν
616 2782 788 2852 στενωπόν
797 2782 893 2870 ὑμῶν
901 2789 986 2853 ίδεῖν
994 2787 1102 2854 πάντα

93 2889 413 2970 κατεστεφανωμένα
429 2888 481 2953 καὶ
497 2884 696 2972 αὐλητρίδας
711 2888 766 2952 καὶ
779 2883 935 2971 θόρυβον
951 2887 1006 2954 καὶ
1020 2885 1102 2972 ῦμέ-

94 3009 193 3049 ναιον
208 2981 351 3070 ᾅδοντάς
366 3010 467 3061 τινας.

179 3089 323 3150 ΠΑΜΦ.
352 3090 393 3150 Τί
404 3077 485 3165 οῦν;
508 3088 716 3169 παρέκυψας,
733 3079 881 3166 άΔωρίς

179 3187 281 3248 ΔΩΡ.
308 3183 370 3248 Καὶ
386 3182 489 3267 μάλα,
507 3186 561 3249 καὶ
578 3181 667 3250 εἶδον
682 3181 814 3249 ἅπαντα
831 3180 875 3262 ὡς
892 3189 964 3270 ἔφη.

178 3287 207 3348 4.
231 3287 376 3348 ΠΑΜΦ.
401 3282 583 3348 Μανθάνω
599 3281 662 3368 την
682 3279 828 3368 ἀπάτην·
857 3281 934 3349 οὔτε
950 3283 1057 3350 πάντα
1080 3280 1100 3369 ἡ

92 3386 229 3466 Λεσβία,
241 3386 346 3463 Δωρί,
359 3378 442 3462 πρὸς
452 3382 488 3448 σὲ
499 3381 662 3461 ἐψεύσατο
674 3383 728 3448 καὶ
740 3379 784 3448 σῦ
794 3379 923 3467 τάληθῆ
934 3379 1102 3467 ἐπήγγελ·

91 3505 153 3557 κας
164 3486 316 3557 Μυρτίω.
339 3477 427 3565 πλην
439 3480 548 3566 μάτην
559 3506 596 3565 γε
608 3480 810 3568 ἐταράχθητε
849 3479 927 3548 οῦτε
940 3507 1005 3566 γαρ
1020 3478 1099 3560 παρ’
