2625 4092
393 316 746 374 ΚΡΟΝΟΣΟΛΩΝ.
1008 313 1072 378 309

66 479 178 560 μένων
199 481 356 556 Κρονίοις
378 475 560 562 λαμβάνειν
584 476 667 561 μηδὲ
687 483 784 542 τοῦτο
806 479 931 556 ἐξέστω,
959 479 1073 562 μηδεὶς

65 571 127 639 τόν
142 572 293 659 ἀργυρον
309 569 404 658 ἦτὴν
426 577 548 658 ἐσθῆτα
568 576 738 654 ἐξεταζέτω
755 576 837 659 μηδὲ
854 572 1071 659 ἀναγραφέτω

66 675 104 737 ἐν
127 679 165 760 τῇ
192 673 288 758 ἑορτῇ
312 671 393 756 μηδὲ
419 675 639 756 γυμναζέσθω
664 678 820 754 Κρονίοις
842 676 925 758 μηδὲ
950 673 1072 757 λόγους

65 765 216 855 ἀσκεῖνῆ
238 772 506 854 ἐπιδείκνυσθαι,
531 768 618 855 πλὴν
638 779 671 838 εί
680 796 768 848 τινες
784 769 907 837 ἀστεῖοι
922 772 975 837 καὶ
992 797 1073 856 φαι-

65 870 140 950 δροί
157 873 294 951 σκῶμμα
310 871 362 933 καί
378 865 515 933 παιδιὰν
529 869 755 952 ἐμφαίνοντες.

307 1053 488 1108 ΝΟΜΟΙ
535 1053 827 1110 ΔΕῬΤΕΡΟΙ.

152 1179 199 1242 14.
218 1174 290 1259 Πρὸ
306 1182 433 1242 πολλοῦ
447 1181 503 1258 τῆς
518 1175 632 1258 ἑορτῆς
648 1177 684 1240 οί
697 1174 852 1242 πλούσιοι
869 1175 1072 1260 γραφόντων

62 1275 127 1361 μὲν
138 1277 170 1350 ἐς
182 1274 337 1341 πινάκιον
349 1271 489 1339 ἑκάστου
499 1278 567 1338 τῶν
582 1279 691 1356 φίλων
702 1270 861 1357 τοῦνομα,
879 1274 1023 1358 ε’χόντων
1037 1275 1072 1338 δὲ

62 1375 119 1438 καλ
136 1370 298 1456 ἀργύριον
309 1372 442 1455 ἕτοιμον
458 1367 539 1436 ὅσον
553 1377 621 1436 τῶν
635 1367 708 1436 κατ’
724 1375 794 1447 ἔτος
812 1371 1022 1452 προσιόντων
1034 1366 1071 1436 τό

63 1471 204 1536 δέκατον
217 1471 271 1536 καὶ
287 1471 409 1553 ἐσθῆτα
426 1475 482 1554 τῆς
498 1467 600 1552 οὔσης
616 1465 677 1552 τὴν
690 1467 847 1554 περιττὴν
861 1470 916 1538 καί
930 1468 991 1554 ὅση
1007 1493 1073 1534 πα-

61 1569 184 1653 χυτέρα
200 1561 222 1652 ἢ
239 1563 312 1634 κατ’
330 1563 452 1643 αὐτοὺς
467 1564 670 1650 κατασκευή,
687 1567 744 1631 καὶ
758 1571 825 1630 των
838 1563 996 1651 ἀργυρῶν
1012 1563 1073 1631 οὐκ

64 1665 169 1751 ὀλίγα.
194 1665 374 1750 ταῦταμὲν
396 1663 553 1749 πρόχειρα
572 1670 664 1731 ἔστω.
695 1671 735 1751 τῇ
751 1667 786 1730 δέ
803 1661 867 1747 πρό
889 1672 945 1750 τῆς
960 1667 1074 1749 ἑορτῆς

63 1762 254 1846 καθάρσιον
269 1768 330 1848 μέν
346 1791 376 1830 τι
398 1765 630 1848 περιφερέσθω
652 1763 706 1827 καὶ
725 1757 784 1827 ὑπ’
807 1760 918 1828 αὐτῶν
937 1764 1074 1841 ε’ξελαυυ

62 1867 176 1931 νέσθω
192 1865 227 1930 ἐκ
241 1873 297 1948 τῆς
315 1869 420 1940 οἰκίας
434 1869 629 1950 μικρολογία
650 1865 706 1930 καί
720 1868 923 1947 φιλαργυρία
939 1862 994 1929 καὶ
1012 1888 1070 1947 φι-
1089 1879 1140 1938 391

62 1965 219 2044 λοκερδία
239 1963 294 2027 καὶ
318 1958 380 2026 ὅσα
397 1965 535 2027 τοιαῦτα
555 1956 638 2026 ἀλλα
661 1957 801 2025 σύνοικα
821 1973 888 2038 τοῖς
909 1966 1072 2036 πλείστοις

63 2057 186 2125 αὐτῶν.
215 2055 350 2126 ἐπειδάν
374 2061 409 2124 δὲ
430 2054 586 2140 καθαράν
606 2054 668 2142 τὴν
692 2063 800 2125 οἰκίαν
819 2057 1070 2142 ἐξεργάσωνται,

62 2156 223 2223 θυόντων
233 2157 292 2225 Διί
301 2155 507 2242 πλουτοδότῃ
517 2156 569 2221 καί
579 2151 681 2242 Ἑρμῇ
692 2153 814 2236 δωτορι
824 2159 878 2224 καὶ
889 2154 1072 2223 Ἀπόλλωνι

62 2255 295 2344 μεγαλοδωρςο.
331 2253 398 2321 εἶτα
422 2257 496 2339 περὶ
519 2259 632 2339 δείλην
657 2251 759 2333 ὀψίαν
787 2252 1071 2340 ἀναγινωσκέσθω

61 2356 126 2439 μὲν
138 2360 231 2436 σφίσι
247 2351 283 2419 τό
297 2351 433 2438 φιλικόν
448 2355 553 2420 ἐκεῖνο
566 2351 733 2420 πινάκιον.
758 2357 807 2420 15.
819 2359 1072 2438 κατανείμαντος

63 2457 100 2524 δὲ
122 2453 215 2522 αὐτοὶ
236 2451 307 2521 κατ’
331 2451 425 2533 ἀξίαν
441 2453 567 2542 ἑκάστῳ
593 2455 672 2536 πρὶν
692 2450 789 2538 ἥλιον
806 2457 905 2519 δῦναι
922 2451 1072 2536 πεμπόν-

62 2581 132 2622 των
147 2567 214 2632 τοῑς
230 2559 347 2637 φίλοις.
377 2557 411 2619 οί
424 2551 459 2618 δὲ
480 2550 736 2635 ἀποκομίζοντες
750 2548 794 2636 μὴ
814 2557 948 2626 πλείους
969 2554 1072 2628 τριῶν

62 2651 84 2738 ἢ
100 2652 283 2737 τεττάρων,
302 2657 336 2718 οί
350 2651 538 2716 πιστότατοι
552 2657 620 2715 τῶν
633 2656 786 2733 οἰκετων,
801 2647 864 2734 ἤδη
879 2653 1070 2734 πρεσβῦται.

63 2751 290 2836 ἑγγραψάσθω
307 2747 342 2814 δὲ
362 2751 394 2825 ές
411 2747 622 2833 γραμμάτιον
635 2745 656 2813 ό
670 2773 702 2812 τι
721 2744 757 2812 τὸ
780 2745 995 2831 πεμπόμενον
1016 2743 1072 2809 καὶ

63 2849 164 2933 ὅσον,
181 2845 223 2925 ὡς
234 2846 278 2933 μὴ
291 2845 473 2932 ἀμφότεροι
486 2843 710 2912 ὑποπτεύοιεν
721 2841 799 2920 τοὺς
812 2847 1070 2927 διακομιζοντας.

63 2946 159 3014 αὐτοὶ
171 2945 206 3012 δὲ
222 2950 255 3013 οί
268 2948 390 3012 οἰκέται
406 2952 484 3029 μίαν
501 2945 621 3011 κύλικα
638 2945 772 3018 ἕκαστος
787 2940 918 3017 πιόντες
929 2937 1072 3022 ἀποτρε-

64 3045 208 3132 χόντων,
228 3041 461 3110 ἀπαιτούντων
481 3043 517 3110 δέ
538 3044 643 3127 μηδὲν
659 3044 770 3107 πλέον.
804 3052 872 3115 τοῖς
890 3041 1072 3104 πεπαιδευ-

63 3148 176 3230 μένοις
191 3141 347 3208 διπλάσια
362 3141 469 3206 πάντα
485 3140 683 3225 πεμπέσθω·
705 3137 799 3217 ἀξιον
812 3133 877 3221 γὰρ
890 3140 1072 3221 διμοιρίτας

64 3241 158 3310 εἶναι.
181 3238 221 3308 τά
237 3243 272 3308 δὲ
287 3243 338 3308 ἐπὶ
351 3254 419 3316 τοῖς
434 3239 554 3319 (λάροις
566 3237 729 3322 λεγόμενα
744 3235 788 3314 ως
802 3233 1006 3320 μετριώτατα
1017 3234 1072 3299 καλ

63 3339 212 3424 ὀλίγιστα
224 3345 322 3407 ἔστω·
343 3339 483 3423 ἐπαχθὲς
499 3337 534 3404 δὲ
549 3336 662 3421 μηδεὶς
676 3335 780 3420 μηδὲν
792 3332 1071 3399 συνεπιστελλέτω

63 3438 146 3521 μηδὲ
161 3439 334 3504 ἐπαινείτω
346 3433 384 3502 τὰ
403 3435 607 3520 πεμπόμενα.
630 3433 790 3510 πλούσιος
805 3437 953 3517 πλουσίῳ
967 3430 1072 3513 μηδὲν

62 3537 218 3620 πεμπέτω
234 3534 316 3621 μηδὲ
340 3534 476 3601 ἑστιάτω
494 3539 651 3618 Κρονίοις
673 3529 690 3599 ὁ
713 3530 871 3607 πλοάσιος
888 3529 948 3596 τόν
969 3527 1072 3597 ίσότι-
