2625 4092
244 281 307 344 308
598 285 904 344 AOYKIANOT

245 444 281 512 δὲ
294 441 336 511 οὐ
351 447 443 510 πάνυ
458 444 636 530 ἑορτάσιμα
654 443 744 512 ὅντα.
767 445 822 511 καὶ
840 444 880 530 δὴ
895 445 1098 530 προσελθων
1108 447 1241 515 ὄπισθεν

244 543 298 612 καί
314 550 375 609 τοῦ
391 540 473 620 ὦτός
493 568 560 628 μου
581 543 766 628 λαβόμενος
788 544 844 610 καὶ
860 548 1042 628 διασείσας,
1070 543 1180 627 ὥσπερ
1193 571 1243 630 μοι

243 639 482 723 προσπελάζειν
503 649 621 724 εἴωθε,
650 646 693 707 Τί
709 645 939 727 ταῦτα,’ἔφη,
966 635 1243 725 ἀΚρονοσόλων,
1290 688 1291 719 3

243 737 417 826 ἀνιωμένῳ
429 743 554 818 ἕοικας;
579 736 630 806 Οὐ
641 735 707 824 γάρ
721 734 827 823 ἀξιον,
845 743 942 824 ἔφην,
961 733 988 806 ω’
1002 743 1157 822 δέσποτα,
1172 737 1244 807 ὅταν

243 836 451 919 καταράτους
465 837 527 922 μὲν
542 839 596 903 καὶ
607 832 749 922 μιαροδς
761 832 966 918 ἀνθρώπους
977 835 1243 919 ὑπερπλουτοῦν-
1290 850 1291 901 3

243 962 300 1013 τας
309 937 363 1004 καὶ
374 935 499 1020 μόνους
509 942 706 1021 τρυφῶντας
717 932 796 1019 δραι,
807 933 908 1013 αάτδς
920 936 1019 1004 δὲκαὶ
1028 935 1125 1004 ἄλλοι
1136 940 1245 1022 συχνοὶ

242 1041 311 1100 των
320 1036 595 1119 πεπαιδευμένων
607 1031 729 1121 ἀπορία
739 1035 793 1100 καί
802 1031 967 1122 ἀμηχανία
979 1035 1163 1121 σόνεσμενς
1178 1033 1243 1102 ἀλλ’

244 1129 322 1198 οὐδὲ
343 1130 402 1214 σό,
429 1124 456 1198 ω’
478 1133 638 1216 δέσποτα,
667 1134 778 1208 θέλεις
802 1138 928 1198 παῦσαι
948 1139 1051 1199 ταῦτα
1073 1135 1131 1200 καὶ
1154 1159 1247 1219 μεια-

243 1237 407 1316 κοσμῆσαι
424 1227 508 1311 πρός
522 1227 559 1297 τό
575 1230 758 1314 ἰσόμοιρον.
785 1226 833 1296 Τά
848 1230 910 1314 μὲν
920 1228 1021 1316 άλλα,
1037 1236 1118 1317 ἔφη,
1135 1228 1178 1297 οὐ
1193 1232 1247 1316 ῥά-

174 1343 226 1400 395
245 1332 319 1394 διον
335 1326 507 1395 ἀλλάττειν
524 1327 630 1395 ὁπόσα
649 1331 685 1394 ἐκ
700 1335 865 1406 Κλωθοῦς
880 1331 933 1396 καί
950 1336 1018 1395 τῶν
1033 1327 1148 1397 ἀλλων
1162 1335 1246 1396 Μοι-

243 1435 314 1510 ρῶν
325 1429 480 1514 πάσχετε,
498 1427 521 1496 ά
535 1431 575 1496 δέ
582 1431 649 1496 ε’στι
659 1435 717 1513 τῆς
729 1431 859 1513 ἑορτῆς,
877 1429 1160 1514 έπανορθάσομαι
1175 1427 1248 1514 ὑμῖν

242 1527 305 1616 τὴν
315 1535 452 1614 πενίαν,
467 1527 487 1615 ἡ
504 1529 539 1598 δὲ
552 1529 785 1611 ἐπανόρθωσις
799 1527 859 1614 ἥδε
873 1533 972 1595 ἔστω·
995 1539 1063 1612 ίθι,
1080 1520 1248 1612 άΚρονο-

244 1628 371 1711 σόλων,
387 1629 441 1696 καὶ
452 1629 585 1713 γράψον
597 1652 653 1714 μοι
668 1626 794 1712 νόμους
805 1628 914 1710 τινάς,
934 1623 956 1692 δι’
968 1622 1030 1712 χρὴ
1045 1626 1207 1708 πράττειν
1217 1628 1248 1692 ἐν

243 1732 282 1812 τῇ
300 1727 413 1814 ἑορτῇ,
442 1725 485 1805 ὡς
504 1724 548 1812 μὴ
571 1723 651 1793 καθ’
675 1721 800 1802 αὑτοάς
823 1730 858 1792 οί
875 1722 1031 1791 πλοόσιοι
1055 1725 1248 1807 έορτάζοιεν,

243 1838 439 1892 κοινωνοῖεν
458 1825 493 1892 δὲ
510 1823 591 1910 ὑμῖν
605 1831 673 1892 των
688 1821 838 1908 ἀγαθῶν.
865 1819 953 1890 Ἀλλ’
971 1820 1032 1889 οὐκ
1045 1819 1139 1907 οἶδα,
1157 1828 1247 1907 ἔφην.

244 1927 294 1988 12.
313 1918 410 2006 Ἐγώ,
433 1914 500 2008 ἥδ’
525 1920 579 2007 ός,
604 1923 780 2006 διδάξομαί
799 1942 852 1988 σε·
874 1914 959 2010 κᾷτα
980 1918 1169 2007 ἀρξάμενος
1188 1923 1248 1987 ε’δί-

244 2023 375 2086 δασκεν.
400 2019 466 2086 εἶτα
482 2018 594 2108 ἐπειδὴ
610 2021 718 2088 πάντα
734 2018 943 2106 ἠπιστάμην,
960 2018 1025 2086 Καί
1042 2018 1112 2086 εἰπὲ
1131 2015 1249 2098 αὐτοῖς,

243 2121 324 2202 ἔφη,
347 2115 398 2184 ὅτι
415 2113 458 2202 ἦν
473 2116 518 2205 μὴ
534 2127 632 2186 τοῦτο
650 2125 786 2202 ποιῶσι,
802 2115 846 2204 μὴ
863 2116 972 2202 μάτην
985 2119 1047 2202 ἐγ·
1063 2112 1128 2200 την
1143 2113 1251 2200 ἅρπην

242 2215 370 2300 ταύτην
384 2213 494 2294 όξεῐαν
509 2219 697 2303 περιφέρω,
711 2212 733 2303 ἢ
748 2226 876 2302 γελοῖος
890 2210 933 2281 ἀν
949 2222 1021 2300 είην
1034 2209 1095 2280 τδν
1110 2214 1177 2299 μὲν
1192 2240 1251 2279 πα-

243 2317 321 2394 τέρα
337 2316 493 2400 έιιτομίαν
510 2315 699 2402 πεποιηκός
716 2313 775 2383 τδν
794 2311 970 2398 Οὐρανόν,
991 2307 1071 2390 τούς
1088 2313 1126 2378 δέ
1148 2321 1251 2380 πλον·
1288 2352 1289 2427 η

244 2421 338 2490 σίονς
359 2411 402 2498 μὴ
426 2413 641 2501 εὐνουχίζων,
670 2412 789 2482 ὁπόσοι
815 2410 858 2481 ἀν
877 2410 1184 2499 παρανομησωσιν,
1215 2410 1252 2489 ὦς
1288 2430 1289 2481 λ

244 2507 410 2596 ἀγείροιεν
431 2520 471 2600 τῇ
492 2514 591 2598 μητρί
614 2513 681 2580 σὺν
700 2511 814 2592 αὐλοῖς
832 2515 888 2580 καὶ
908 2509 1093 2598 τυμπάνοις
1109 2513 1251 2598 βάκηλοι

243 2611 428 2695 γενόμενοι.
457 2611 561 2678 ταῦτα
575 2608 762 2696 ἠπείλησεν.
797 2609 881 2679 ὥστε
895 2617 1002 2689 καλῶς
1018 2615 1082 2695 ἔχει
1103 2609 1191 2700 ὑμῖν
1212 2611 1250 2698 μὴ
1287 2628 1288 2709 η

244 2716 464 2797 παραβαίνειν
479 2707 558 2788 τούς
572 2710 730 2795 θεσμοός.

175 2894 226 2950 ³96
521 2895 709 2950 NOMOI
748 2896 968 2953 flPszTol.
1286 2796 1288 2939 ἀ

328 3034 377 3096 13.
393 3030 535 3115 Μηδένα
551 3029 655 3116 μηδὲν
672 3031 753 3117 μήτε
770 3028 931 3116 ἀγοραῖον
943 3031 1025 3117 μήτε
1039 3035 1133 3099 ίδιον
1149 3035 1250 3117 πράτ-

244 3151 313 3192 τειν
329 3123 421 3204 ἐντός
434 3134 491 3211 τῆς
508 3128 622 3213 ἑορτῆς
640 3125 662 3212 ἢ
684 3128 746 3195 ὅσα
767 3133 799 3206 ές
819 3126 958 3196 παιδιάν
973 3131 1027 3196 καί
1040 3129 1181 3215 τρυφὴν
1200 3133 1249 3197 καί

242 3226 431 3307 θυμηδίαν,
462 3221 617 3302 ὀψοποιοὶ
641 3226 740 3311 μόνοι
768 3229 821 3294 καί
846 3227 1096 3312 πεμματονργοί
1124 3228 1249 3311 ἐνεργοὶ

243 3323 399 3384 ἔστωσαν.
428 3325 570 3405 ἰσοτιμία
592 3330 696 3390 πᾶσιν
712 3328 795 3391 ἔστω
815 3326 871 3392 ιιαλ
886 3325 1020 3401 δούλοις
1039 3325 1095 3390 καί
1114 3327 1249 3392 έλευθέ·

244 3439 314 3496 ροις
330 3418 386 3484 καὶ
400 3421 517 3502 πένησι
533 3421 587 3488 καὶ
602 3428 784 3500 πλουσίοις.
807 3419 997 3509 ὀργίζεσθαι
1013 3417 1036 3507 ἢ
1049 3419 1248 3507 ἀγανακτεῖν

243 3506 264 3597 ἢ
275 3510 422 3582 ἀπειλεῖν
429 3519 546 3600 μηδενί
558 3520 684 3597 ἐξέστω.
700 3517 880 3605 λογισμοὺς
891 3517 982 3603 παρά
994 3526 1062 3587 τῶν
1073 3522 1247 3608 ἐπιμελου-
