2625 4092
241 257 303 322 146
573 263 897 322 ’ΛΟΤΚΙΑΝΟΥ
939 280 970 300 ε’

238 424 301 508 μὲν
328 423 365 488 έν
392 430 431 509 τῇ
453 422 546 488 πόλει
568 428 712 506 χρῆσθαι
733 419 795 487 οῦκ
816 420 961 505 άσφαλὲς
987 432 1120 491 οῖεσθαι
1147 423 1246 506 εἶναι,

239 517 371 600 νύκτωρ
398 519 432 584 δὲ
455 515 518 584 ὑπὸ
541 520 668 584 κόλπον
689 523 803 603 ἔχοντα
823 519 929 608 μόνον
953 529 1132 603 προελθεῖν
1150 524 1187 600 ἐς
1209 519 1246 587 τὸ

239 616 438 697 προάστειον
453 618 506 682 καλ
522 616 821 700 προχειρισάμενον
836 619 1040 698 κρούεινκαὶ
1054 619 1247 704 συνταράτ-

238 739 307 779 τειν
324 709 382 790 τάς
401 711 522 799 χορδάς
544 710 683 798 άτεχνον
700 714 755 780 καλ
771 712 921 799 άμουσον
937 723 1130 799 νεανίσκου,
1149 719 1247 782 ἐλπί-

239 815 334 890 ζοντα
345 813 426 896 μέλη
437 808 512 877 τινά
526 811 688 876 θεσπέσια
704 807 887 896 ὑπηχήσειν
898 808 959 897 τήν
973 814 1097 896 λύραν,
1115 810 1180 895 ὑφ’
1197 805 1247 878 ὧν

237 910 362 986 πάντας
379 912 593 988 καταθέλξειν
612 911 666 974 καὶ
683 909 909 994 κηλήσεινκαὶ
923 910 1088 994 μακάριον
1103 915 1246 976 ἔσεσθαι

237 1006 531 1091 κληρονομήσαντα
545 1012 602 1090 τῆς
617 1003 759 1089 Ὀρφέως
776 1012 953 1090 μουσικῆς
976 1004 1050 1091 άχρι
1065 1004 1104 1091 δή
1120 1013 1246 1085 ξυνελ-

171 1119 219 1172 111
238 1102 366 1180 θόυτας
379 1099 457 1180 τοῦς
470 1103 575 1179 κύνας
585 1099 668 1183 πρός
682 1099 741 1167 τόν
752 1095 834 1187 ἦχον
846 1145 888 1156 -
903 1106 1018 1170 πολλοὶ
1031 1105 1065 1170 δὲ
1079 1096 1164 1190 ἦσαν
1180 1102 1246 1170 αύ-

237 1199 314 1264 τόθι
327 1239 369 1248 -
382 1201 629 1266 διασπάσασθαι
648 1197 768 1285 αὐτόν,
786 1196 830 1279 ὡς
845 1207 943 1267 τοῦτο
960 1210 1043 1284 γοῦν
1059 1199 1182 1287 ὅμοιον
1197 1209 1245 1288 τῷ

235 1299 351 1386 Ὀρφεῖ
365 1311 487 1368 παθεῖν
507 1301 562 1368 καὶ
583 1302 708 1386 μόνους
730 1300 784 1385 ἐφ’
809 1299 928 1395 ἑαυτὸν
949 1302 1141 1386 ξυγκαλέσαι
1160 1297 1246 1376 τοῦς

236 1400 356 1476 κύνας·
387 1397 505 1483 ὅτεπερ
524 1402 578 1466 καλ
598 1403 785 1485 σαφέστατα
807 1398 907 1484 ὤφθη
925 1397 969 1478 ὡς
990 1398 1049 1484 οῦχ
1070 1396 1089 1484 ή
1111 1397 1204 1482 λύρα
1225 1395 1245 1482 ή

236 1499 404 1581 θέλγουσα
419 1489 480 1582 ήν,
495 1495 578 1566 άλλά
594 1496 615 1585 ή
629 1501 725 1584 τέχνη
741 1495 829 1584 καλή
848 1495 933 1585 ςόδή,
952 1495 974 1564 ά
988 1499 1074 1583 μόνα
1089 1500 1244 1579 ἐξαίρετα

235 1601 280 1682 τῷ
299 1591 413 1678 Ὀρφεῖ
429 1593 519 1676 παρά
540 1602 596 1680 τῆς
612 1592 735 1681 μητρός
751 1594 906 1680 ὑπῆρχεν.
934 1593 954 1681 ἡ
971 1595 1056 1677 λύρα
1073 1595 1107 1662 δὲ
1128 1592 1245 1672 άλλως

236 1697 341 1776 κτῆμα
358 1684 401 1774 ἦν
416 1689 517 1758 οὐδὲν
533 1693 674 1778 ἄμεινον
690 1700 758 1760 τῶν
774 1691 890 1759 άλλων
901 1700 1077 1780 βαρβίτων.
1112 1697 1162 1760 13.
1185 1694 1244 1758 καλ

234 1795 268 1855 τί
282 1810 334 1855 σοι
349 1787 408 1854 τόν
428 1787 547 1874 Ὀρφέα
566 1785 664 1875 ήτόν
678 1792 838 1857 Νέανθον
854 1793 955 1876 λέγω,
981 1789 1067 1880 όπου
1082 1791 1134 1857 καλ
1151 1785 1242 1856 καθ’

237 1883 319 1970 ἡμᾶς
330 1883 451 1964 αὐτούς
463 1887 592 1970 ἐγένετό
603 1913 652 1964 τις
663 1889 717 1954 καὶ
728 1893 774 1955 ἔτι
787 1891 891 1972 έστίν,
908 1887 1014 1974 οἶμαι,
1031 1885 1066 1966 δς
1077 1885 1134 1954 τὸν
1145 1887 1240 1954 Ἐπι-

235 1983 356 2069 κτήτου
370 1983 495 2067 λύχνον
508 1993 569 2051 τοῦ
580 1992 734 2052 Στωϊκοῦ
750 1993 936 2070 κεραμεοῦν
953 1985 1034 2054 ὅντα
1047 1993 1243 2070 τρισχιλίων

236 2085 391 2164 δραχμῶν
412 2083 563 2164 ἐπρίατο;
590 2082 704 2168 ἤλπιζε
726 2083 789 2168 γάρ
811 2083 901 2168 οἶμαι
923 2081 1090 2168 κάκεῖνος,
1118 2089 1147 2150 εἰ
1170 2091 1245 2150 τῶν

236 2183 367 2243 νυκτῶν
378 2174 435 2242 ὑπ’
454 2181 567 2268 ἐκείνφ
583 2188 629 2270 τῷ
641 2180 751 2268 λύχυφ
762 2179 998 2266 άυαμιντόσκοι,
1017 2178 1132 2247 αῦτίκα
1146 2181 1243 2264 μάλα

235 2278 289 2342 καλ
302 2274 364 2360 τήν
375 2273 567 2362 Ἐπικτήτου
582 2271 706 2365 σοφίαν
716 2278 799 2362 όναρ
811 2281 1045 2365 ἐπιστήσεσθαι
1056 2280 1111 2346 καὶ
1120 2275 1244 2360 ὅμοιος

193 2408 197 2412 “
234 2379 370 2440 ἔσεσθαι
389 2382 435 2462 τῷ
452 2385 636 2466 θαυμαστῷ
654 2381 767 2467 ἐκείνφ
788 2381 928 2462 γέροντι.
959 2382 1007 2444 14.
1026 2377 1104 2462 χθὲς
1125 2377 1161 2442 δὲ
1184 2380 1243 2444 καί

234 2475 351 2564 πρῴην
365 2471 527 2553 άλλοςτις
543 2474 605 2560 τήν
618 2479 780 2560 Πρωτέως
796 2483 856 2541 τοῦ
874 2483 1024 2542 Κυνικοῦ
1041 2483 1242 2563 βακτηρίαν,

232 2571 275 2658 ήυ
295 2575 520 2657 καταθέμενος
546 2571 647 2658 ήλατο
668 2576 701 2651 ἐς
721 2572 757 2641 τό
783 2581 867 2659 πῦρ,
896 2574 1060 2641 ταλάντου
1082 2571 1243 2652 κάκείυος

233 2677 383 2757 ἐπρίατο,
405 2674 460 2739 καὶ
474 2678 538 2758 ἔχει
558 2675 620 2757 μὲν
634 2669 673 2738 τό,
688 2674 857 2761 κειμήλιον
872 2681 978 2740 τοῦτο·
992 2675 1045 2739 καὶ
1064 2678 1242 2741 δείκνυσιν

233 2770 276 2848 άς
295 2778 452 2856 Τεγεᾶται
473 2779 534 2838 τοῦ
548 2775 770 2838 Καλυδωνίου
791 2769 827 2838 τό
845 2774 947 2856 δέρμα
966 2774 1018 2838 καὶ
1035 2779 1176 2856 Θηβαῖοι
1199 2771 1242 2838 τά

168 2879 215 2930 1¹2
235 2868 314 2952 ὀστᾶ
330 2877 390 2935 τοῦ
404 2872 584 2954 Γηρυόνου
602 2872 656 2936 καλ
671 2877 844 2956 Μεμφῖται
860 2877 916 2954 τῆς
924 2868 1042 2946 Ἴσιδος
1059 2866 1137 2946 τοῦς
1151 2879 1244 2938 πλο-

233 2968 374 3053 κάμους·
404 2964 504 3045 αῦτός
519 2968 555 3035 δὲ
571 2965 589 3034 ὁ
604 2976 665 3034 τοῦ
682 2974 879 3053 θαυμαστοῦ
897 2968 1058 3052 κτήματος
1075 2967 1244 3052 δεσπότης

233 3068 287 3134 καλ
302 3063 408 3133 αὐτόν
419 3067 455 3134 σδ
466 3075 506 3155 τῇ
518 3065 715 3156 άπαιδευσία
730 3071 784 3135 καὶ
795 3071 953 3154 βδελυρίᾳ
965 3062 1240 3151 ὑπερηκόντισεν.

232 3164 312 3254 ὁρᾷς
328 3163 417 3241 ὅπως
429 3167 681 3250 κακοδαιμόνως
693 3165 856 3234 διάκεισαι
867 3171 1045 3251 βακτηρίας
1060 3167 1092 3241 ές
1107 3163 1169 3249 τήν
1180 3193 1242 3232 κε-

232 3260 343 3350 φαλήν
360 3261 404 3340 ὡς
425 3260 560 3348 άληθῶς
584 3265 756 3350 δεόμενος;
785 3269 833 3330 15.
857 3261 1061 3352 λέγεταιγάρ
1079 3267 1239 3358 καλιΔιο-

232 3365 350 3430 νύσιου
361 3368 549 3452 τραμφδίαν
560 3378 670 3433 ποιεῖν
678 3364 814 3448 φαύλως
825 3363 916 3430 πάνυ
927 3364 981 3429 καὶ
991 3370 1137 3447 γελοίως,
1150 3361 1240 3430 ὥστε

230 3463 289 3531 τόν
305 3463 489 3539 Φιλόξενον
504 3464 663 3540 πολλάκις
683 3459 728 3529 δι’
747 3458 853 3542 αὐτήν
874 3465 905 3539 ές
928 3458 987 3539 τάς
1001 3469 1158 3543 λατομίας
1178 3467 1238 3544 έμ-
