2625 4092
229 272 293 334 304
584 272 896 332 ΛΟΤΚΙΑΝΟἸι

229 433 333 502 αὐτόν
355 461 389 501 τε
415 437 469 502 καί
489 433 526 500 τὸ
553 431 762 519 συμμαχικὸν
782 431 890 518 ἅπαν,
918 432 1046 503 ὁπόσον
1068 436 1149 520 μετά
1174 443 1232 503 σου

228 531 455 617 παρετάττετο.

314 637 445 700 ΚΡΟΝ.
469 636 513 698 El
522 627 566 716 μὴ
580 629 709 716 ἑορτήν,
727 621 874 714 άούτος,
890 629 1015 716 ἤγομεν
1030 635 1084 699 καὶ
1095 632 1233 716 μεθύειν

162 742 211 800 389
231 730 421 815 ἐφείτοκαὶ
448 733 677 811 λοιδορείσθαι
703 743 772 807 τοῖς
797 729 972 809 δεσπόταις
998 729 1050 798 ἐπ’
1076 735 1233 814 ἐξουσίας,

230 835 334 913 ἔγνως
348 822 391 893 άν
408 824 452 905 ὡς
466 825 656 912 ύργιζεσθαι
671 834 757 912 γοῦν
768 830 897 914 ἐφεῖταί
909 855 983 914 μοι,
1000 837 1140 896 τοιαῦτα
1156 831 1235 912 ἐρω-

228 925 345 1012 τήσας,
365 923 426 992 ούκ
442 927 608 1002 αἰδεσθείς
623 923 744 992 πολιὸν
757 923 847 992 ούτω
862 930 917 993 καὶ
934 928 1127 1013 πρεσβύτην
1141 926 1232 994 θεόν.

312 1031 396 1093 ΙΕΡ.
412 1021 514 1110 Κάγώ
526 1030 639 1106 ταῦτα,
656 1017 824 1110 άΚρόνε,
841 1022 883 1091 ού
892 1024 972 1111 παρ’
985 1029 1132 1111 ἐμαυτοῦ
1141 1051 1233 1110 φημι,

229 1121 305 1190 ἀλλ’
322 1121 473 1199 Ἡσίοδος
489 1124 543 1190 καὶ
555 1119 716 1210 Ὅμηρος,
743 1121 833 1191 ὀκνῶ
847 1122 913 1208 γάρ
934 1127 1044 1211 λέγειν
1060 1123 1112 1191 ὅτι
1135 1128 1191 1191 καὶ
1206 1128 1236 1192 οἱ

229 1220 324 1288 ἄλλοι
350 1219 494 1299 άπαντες
518 1219 696 1304 ἄνθρωποι
725 1222 845 1308 σχεδὸν
870 1229 975 1290 ταῦτα
998 1225 1234 1292 πεπιστεύκασι

228 1322 303 1401 περὶ
318 1327 389 1385 σοῦ.

313 1423 342 1484 6.
358 1423 490 1485 ΚΡΟΝ.
516 1424 589 1486 οίει
603 1417 668 1503 γάρ
681 1416 740 1485 τόν
754 1423 896 1504 ποιμένα
910 1422 1055 1505 ἐκείνου,
1076 1415 1139 1485 τὸν
1155 1416 1233 1486 άλα·

229 1518 323 1600 ζόνα,
340 1515 430 1600 ὑγιές
444 1543 474 1583 τι
488 1519 563 1599 περὶ
577 1520 660 1601 ἐμοῦ
677 1520 815 1598 είδίναις
838 1519 955 1586 σκόπει
969 1521 1006 1585 δὲ
1019 1516 1136 1595 οὕτως.
1160 1512 1231 1584 ὅσθ’

228 1614 323 1694 ὅστις·
333 1613 515 1697 ἅνθρωπος
529 1655 573 1667 -
587 1612 628 1682 οὐ
649 1614 715 1701 γάρ
730 1615 815 1684 θεὸν
832 1619 896 1698 ἐρῶ
910 1655 954 1667 -—
967 1612 1181 1700 ὑπομείνειεν
1193 1610 1234 1679 άν

228 1715 314 1781 ε’κοὸν
330 1712 429 1792 αὐτὸς
445 1728 651 1800 καταφαγεῖν
665 1712 705 1781 τά
719 1718 836 1797 τέκνα,
856 1721 887 1782 εί
901 1716 946 1800 μή
963 1741 1012 1791 τις
1026 1716 1178 1799 Θυέστης
1192 1706 1232 1798 ἦν

227 1816 282 1882 καὶ
293 1813 408 1900 ἀσεβεῖ
416 1812 550 1905 ἀδελφῷ
560 1811 751 1896 περιπεσών
761 1813 877 1900 ἤσθιες
899 1815 954 1881 καλ
965 1812 1063 1879 τοῦτο’
1072 1809 1105 1897 γ’
1118 1807 1163 1878 ἂν
1174 1822 1233 1895 είη,

227 1920 297 1990 πῶς
308 1911 339 1978 δ’
354 1911 511 1998 ἀγνοήσει
523 1921 623 1982 λίθον
634 1911 707 1980 ἀντὶ
719 1916 866 1999 βρέφους
876 1915 1017 1993 ἐσθίων,
1034 1917 1065 1978 εί
1074 1909 1118 1997 μὴ
1131 1907 1232 1976 ἀνάλ-

226 2036 325 2096 γητος
343 2021 392 2097 είη
408 2010 487 2090 τοὺς
501 2010 655 2090 ὀδόντας;
677 2009 749 2078 ἀλλ’
764 2008 841 2077 ούτε
857 2011 1108 2097 ἐπολεμήσαμεν
1122 2005 1232 2076 ούτεὸ

226 2108 312 2186 Ζεύς
325 2117 381 2198 βίᾳ
395 2108 457 2196 τὴν
473 2109 578 2196 άρχην
592 2109 762 2197 ἀφείλετο,
786 2110 920 2188 ἑκόντος
931 2113 1046 2195 δέμον
1060 2108 1236 2192 παραδόν·

226 2233 282 2284 τος
297 2206 385 2298 αὐτῷ
400 2211 454 2276 καὶ
468 2207 693 2288 ὑπεκστάντος
707 2207 836 2293 ἄρχειν·
859 2207 910 2275 ὅτι
925 2206 987 2294 μὲν
1004 2203 1069 2292 γάρ
1085 2205 1164 2274 οὕτε
1174 2231 1234 2274 ιτε-

226 2309 368 2391 πέδημαι
386 2305 462 2374 οὔτε
479 2311 515 2374 ἕν
535 2316 579 2396 τῷ
599 2309 759 2399 Ταρτάρῳ
777 2315 857 2395 είμί,
880 2311 934 2375 καί
952 2305 1052 2386 αὐτὸς
1066 2306 1165 2397 ὁρᾷς,
1185 2305 1235 2374 οἷ-

226 2432 301 2491 μαι,
320 2413 350 2474 εί
362 2405 406 2492 μη
423 2407 549 2493 τυφλὸς
566 2406 830 2495 ὥσπερὍμηρος
845 2409 882 2476 εἷ.
1292 2484 1293 2501 ¹

311 2507 339 2573 7.
358 2513 441 2574 ΙΕΡ.
462 2513 503 2573 Τί
513 2505 635 2575 παθών
647 2512 700 2594 δέ,
717 2501 877 2594 άΚρόνε,
893 2507 1023 2594 ἀφῆκας
1037 2506 1100 2593 τὴν
1112 2505 1235 2594 άρχήνς
1292 2510 1293 2559 λ

310 2611 443 2672 ΚΡΟΝ.
463 2601 544 2690 Ἐγώ
560 2625 613 2673 σοι
629 2608 764 2692 φράσω·
793 2606 830 2674 τὸ
847 2608 910 2691 μὲν
923 2605 1022 2690 ὅλον,
1043 2609 1154 2692 γέρων
1168 2604 1234 2692 ἤδη
1292 2562 1293 2655 δ

226 2706 279 2771 καί
295 2703 463 2791 ποδαγρὸς
477 2701 542 2773 ὑπὸ
558 2713 620 2773 τοῦ
632 2708 757 2793 χρόνον
774 2706 822 2773 ω”ν
836 2749 873 2760 -
886 2706 938 2776 διὸ
955 2709 1010 2776 καὶ
1023 2710 1235 2792 πεπεδῆσθαί

225 2830 265 2888 με
275 2809 309 2871 oc
318 2806 433 2871 πολλοὶ
445 2813 582 2872 εἴκασαν
592 2829 648 2857 -·
671 2803 788 2891 οὐγὰρ
799 2804 978 2893 ἠδυνάμην
989 2810 1140 2888 διαρκεῖν
1150 2802 1233 2887 πρὸς

225 2900 313 2968 οὕτω
328 2900 456 2987 πολλὴν
469 2901 531 2988 τὴν
542 2903 675 2973 άδικίαν
684 2913 752 2971 τῶν
763 2912 846 2990 νῦν,
862 2902 936 2972 ἄλλ’
949 2903 1000 2973 άελ
1011 2902 1157 2973 άναθείν
1167 2909 1233 2971 ἔδει

225 3000 297 3066 ίίνω
312 3003 365 3068 καί
383 3002 472 3068 κάτω
482 3002 542 3070 τὸν
556 3003 725 3087 κεραυνὸν
737 3009 917 3091 διηρμένον
927 3003 1006 3083 τούς
1019 2998 1232 3089 ἐπιόρκουςῆ

225 3099 420 3180 ἱεροσύλους
431 3096 452 3185 ἢ
463 3109 592 3188 βιαίους
604 3110 864 3190 καταφλέγοντα,
879 3107 932 3172 καὶ
944 3103 981 3170 τὸ
992 3111 1129 3188 πρᾶγμα
1141 3105 1233 3169 πάνυ

156 3210 209 3264 390
228 3202 368 3284 ἐργῶδες
380 3192 422 3285 ἦν
438 3203 492 3269 καὶ
507 3205 680 3271 νεανικόν·
702 3207 834 3289 ἐξέστην
850 3197 915 3271 οὖν
930 3196 969 3270 εὖ
984 3209 1092 3269 ποιῶν
1105 3209 1152 3290 τῷ
1163 3209 1231 3269 Διί.

224 3301 279 3366 καὶ
301 3296 407 3376 ἄλλοις
430 3301 466 3366 δὲ
486 3310 594 3380 καλῶς
615 3309 703 3388 ἔχειν
717 3303 825 3371 ἐδόκει
850 3329 907 3389 μοι
924 3307 1141 3388 διανείμαντα
1164 3316 1233 3378 τοῖς

225 3401 340 3464 παισὶν
355 3391 432 3465 οὖσι
448 3397 510 3483 τὴν
530 3400 635 3488 ἀρχὴν
655 3402 760 3471 αὐτὸν
774 3401 971 3487 εὐωχεῖσθαι
988 3400 1028 3469 τὰ
1048 3399 1160 3469 πολλά
1175 3400 1229 3483 ἐφ’
1289 3484 1290 3489 ¹

224 3493 360 3581 ἡσυχίας
374 3496 451 3565 οὔτε
463 3513 530 3577 τοῖς
542 3500 731 3588 εὐχομένοις
744 3509 982 3589 χρηματίζοντα
997 3499 1075 3569 οὔτε
1085 3498 1153 3568 ὑπὸ
1163 3508 1232 3567 τῶν
