2625 4092
387 278 591 337 ΠΛΟΙΟΝ
609 281 638 332 Η
658 278 823 336 EYXAI.
1048 277 1110 340 223

98 467 163 526 μεν
180 439 260 509 οὐδὲ
283 441 501 525 ἐπιβλέψομαι
522 439 648 522 ένίους,
671 443 700 506 εί
716 439 754 504 δέ
771 464 821 516 τις
836 443 953 524 πένης,
979 434 1047 518 οἶος
1066 433 1111 528 ῆν

98 539 166 627 έγεδ
178 536 242 623 πρό
255 545 316 604 τοῦ
324 542 513 621 θησαυροῦ,
527 537 821 621 φιλοφρονήσομαι
832 545 953 605 τούτου
963 540 1016 605 καὶ
1028 547 1111 605 λου-

98 637 250 722 σόμενον
265 634 360 720 ήκειν
378 634 525 700 κελεύσω
541 631 603 719 τήν
619 631 713 718 ὥραν
727 635 778 700 ἐπὶ
793 631 830 700 τδ
847 639 993 702 δεῖπνον.
1025 640 1058 702 οί
1074 636 1110 703 δέ

97 733 387 818 ἀποπνιγήσονται
409 737 442 800 οί
458 732 613 798 πλούσιοι
633 729 777 815 ὁρωντες
799 728 961 818 ὀχήματα,
986 735 1110 810 ἵππους

96 834 155 901 καὶ
170 835 289 908 παῖδας
304 827 448 914 ὡραίους
468 829 550 898 ὅσον
567 835 763 915 δισχιλίους,
786 833 818 909 ἐξ
836 829 965 916 ἀπάσης
980 828 1110 917 ήλικίας

98 930 120 998 ὅ
133 959 165 998 τι
182 955 243 1013 περ
259 927 296 996 τό
312 927 555 1014 ἀνθηρότατον.
579 933 629 995 23.
647 927 716 995 εἶτα
731 935 848 996 δεῖπνα
865 932 916 996 ἐπὶ
929 938 1058 1015 χρυσοῦ
1068 971 1111 982 —-

99 1026 237 1115 εύτελῆς
253 1026 317 1113 γάρ
336 1024 353 1092 ὁ
368 1027 515 1112 ἄργυρος
529 1028 585 1094 καὶ
596 1024 638 1093 ού
653 1024 726 1093 κατ’
741 1029 799 1112 ε’μέ
807 1067 849 1078 -
860 1028 993 1111 τάριχος
1004 1026 1066 1112 μέν
1077 1029 1110 1106 ἐξ

93 1129 253 1217 Ἰβηρίας,
278 1125 368 1204 οἶνος
385 1125 420 1193 δέ
436 1127 468 1204 ἐξ
486 1123 637 1210 Ἰταλίας,
662 1132 775 1193 ἔλαιον
792 1127 827 1192 δέ
847 1128 880 1205 ἐξ
895 1124 1034 1214 Ἰβηρίας
1055 1129 1110 1192 καὶ

96 1236 215 1312 τοῦτο,
233 1229 307 1311 μέλι
319 1227 354 1291 δὲ
363 1221 525 1309 ήμέτερον
535 1221 572 1291 τό
585 1222 734 1308 ἀπυρον,
752 1227 806 1292 καὶ
820 1223 886 1304 ὄψα
897 1224 1110 1309 πανταχόθεν

98 1328 156 1394 καὶ
176 1326 254 1403 σύες
272 1327 328 1392 καὶ
347 1322 473 1407 λαγωός,
495 1322 549 1389 καὶ
566 1319 628 1389 ὅσα
649 1322 775 1407 πτηνά,
798 1320 891 1406 όρνις
913 1325 949 1389 έκ
965 1322 1111 1399 Φάσιδος

97 1429 153 1492 καί
174 1423 260 1502 ταὼς
274 1426 307 1502 ἐξ
326 1420 443 1500 Ἰνδίας
461 1423 515 1489 καὶ
538 1419 732 1502 ἀλεκτρυών
753 1419 993 1507 όΝομαδικός·
1022 1426 1056 1489 οί
1072 1425 1108 1488 δὲ
1128 1441 1177 1494 264

98 1523 316 1603 σκευάζοντες
325 1524 444 1588 ἕκαστα
461 1526 619 1605 σοφισταί
629 1545 717 1597 τινες
731 1522 805 1602 περὶ
818 1521 969 1604 πέμματα
984 1520 1039 1586 καὶ
1049 1545 1112 1604 χυ-

99 1620 187 1703 μούς
204 1626 341 1706 ἔχοντες.
368 1625 398 1686 εἰ
410 1622 449 1685 δέ
460 1645 526 1685 τινι
541 1622 715 1702 προπίοιμι
729 1619 864 1703 σκύφον
879 1614 899 1702 ῆ
915 1618 1041 1704 φιάλην
1058 1625 1112 1686 αἰ-

98 1721 217 1806 τήσας,
233 1715 388 1787 ὁέκπιών
398 1716 594 1803 ἀποφερέτω
605 1718 661 1783 καὶ
673 1712 709 1782 τό
721 1720 866 1801 ἔκπωμα.
890 1723 940 1784 24.
957 1721 991 1784 οί
1000 1715 1036 1784 δὲ
1045 1724 1111 1782 νῦν

100 1818 257 1886 πλούσιοι
277 1814 360 1900 πρός
374 1818 431 1902 ἐμὲ
450 1808 529 1897 Ἰροι
546 1811 672 1900 δηλαδή
690 1811 850 1899 ἅπαντες,
872 1816 926 1882 καὶ
942 1812 1054 1882 οὐκέτι
1072 1841 1108 1880 το

100 1916 275 2001 ἀργυροῦν
292 1914 450 1982 πινάκιον
466 1909 487 1999 ῆ
503 1913 565 1981 τόν
585 1914 720 1997 σκύφον
742 1914 935 1992 ἐπιδείξεται
950 1913 1110 1991 Διόνικος

100 2019 137 2082 έν
150 2022 190 2102 τῆ
205 2021 337 2102 πομπῆ,
353 2017 408 2080 καὶ
419 2015 560 2097 μάλιστα
572 2009 710 2080 ἐπειδὰν
724 2009 787 2101 δρᾷ
801 2010 879 2090 τούς
895 2015 1022 2091 οἰκέτας
1032 2007 1112 2089 τούς

101 2110 201 2198 ἐμούς
217 2109 355 2202 ἀργύρῳ
375 2111 524 2200 τοσούτῳ
544 2113 751 2197 χρωμένους·
779 2118 819 2199 τῆ
838 2111 933 2179 πόλει
950 2112 986 2177 δὲ
1007 2117 1110 2178 ταῦτα

101 2215 247 2294 ἐξαίρετα
267 2208 346 2294 παρ’
368 2211 450 2294 ἐμοῦ
471 2206 617 2295 ὑπῆρξεν
638 2209 698 2294 ἀν,
723 2215 759 2278 αί
777 2211 839 2295 μέν
856 2213 1011 2296 διανομαὶ
1027 2210 1109 2277 κοιτά

100 2317 190 2396 μῆνα
199 2311 339 2377 ἕκαστον
348 2310 488 2394 δραχμαί
499 2316 544 2397 τῳ
556 2311 618 2394 μέν
627 2307 716 2397 ἀστῷ
727 2311 855 2390 ἑκατόν,
866 2319 912 2400 τῳ
923 2311 958 2378 δὲ
969 2318 1110 2398 μετοίκῳ

102 2408 205 2494 ῆμισυ
219 2408 365 2493 τούτων,
382 2406 558 2492 θαυμύσια
569 2408 605 2476 δὲ
617 2413 650 2486 ἐς
661 2409 782 2486 κάλλος
795 2413 921 2494 θέατρα
937 2411 991 2476 καὶ
1006 2414 1110 2493 βαλα-

101 2523 190 2592 νεῖα,
202 2510 256 2574 καὶ
268 2505 331 2592 τήν
341 2507 514 2575 θάλατταν
525 2506 600 2593 ἀχρι
610 2506 695 2591 πρός
706 2506 742 2576 τδ
755 2516 911 2577 Δίπυλον
921 2505 1016 2594 ήκειν
1026 2507 1109 2573 κάν-

102 2607 213 2675 ταῦθά
224 2632 291 2673 που
301 2610 418 2692 λιμένα
430 2606 513 2674 εἶναι
524 2610 724 2693 ἐπαχθέντος
734 2605 896 2693 ὀρύγματι
908 2607 1040 2694 μεγάλῳ
1050 2614 1110 2672 τοῦ

103 2702 300 2791 ύδατος,,όις
312 2703 349 2772 τό
365 2708 484 2774 πλοῖόν
500 2733 566 2791 μου
582 2712 723 2790 πλησίον
738 2705 853 2791 ὁρμεῖν
864 2706 1053 2789 καταφανές
1068 2700 1110 2770 όν

101 2811 138 2874 έκ
160 2811 222 2872 τοῦ
235 2811 454 2888 Κεραμεικοῦ.
484 2810 753 2890 κατακρίνας
775 2804 810 2870 δέ
826 2802 922 2889 ὑμῖν,
942 2810 1110 2890 Σαμίππῳ

101 2905 164 2991 μέν
184 2913 288 2971 εἴκοσι
308 2907 488 2990 μεδίμνους
508 2905 673 2991 ἐπισήμου
699 2910 840 2990 χρυσίου
860 2909 1109 2988 παραμετρῆσαι

101 3001 162 3071 τόν
178 3002 357 3088 οἰκονόμον
372 3005 527 3070 ἐκέλευσα
544 3002 603 3089 ἀν,
624 3002 779 3094 Τιμολάῳ
792 3003 828 3070 δὲ
840 3006 937 3070 πέντε
951 3009 1109 3088 χοίνικας,

102 3110 237 3194 Λυκίνῳ
253 3101 288 3171 δέ
302 3109 448 3187 χοίνικα,
464 3101 745 3189 ἀπομεμαγμένην
756 3104 811 3170 καὶ
825 3101 966 3186 ταύτην,
982 3099 1033 3168 ὅτι
1047 3101 1110 3168 λά-
1181 3159 1192 3174 χ

103 3211 159 3280 λος
171 3203 238 3269 ἐστὶ
253 3202 308 3268 καὶ
323 3201 519 3268 ἐπισκώπτει
539 3227 605 3286 μου
619 3199 682 3286 τήν
698 3199 807 3285 εύχήν.
830 3208 951 3267 τοῦτον
968 3199 1108 3284 έβουλό-
1128 3213 1178 3268 265

103 3328 170 3389 μην
184 3307 303 3387 βιῶναι
317 3296 377 3366 τόν
392 3304 467 3384 βίον
481 3307 635 3366 πλουτῶν
647 3303 680 3378 ἐς
697 3295 889 3386 ὑπερβολήν
904 3299 960 3365 καὶ
970 3305 1109 3382 τρυφῶν

103 3403 158 3469 καὶ
171 3401 293 3477 πάσαις
308 3396 446 3486 ἡδοναῖς
461 3397 623 3484 ἀφθόνως
636 3399 814 3485 χρεόμενος.
838 3406 970 3482 εἴρηκα,
988 3403 1046 3463 καί
1054 3422 1111 3482 μοι

102 3498 121 3568 ό
133 3497 252 3586 Ἑρμῆς
264 3497 570 3585 τελεσιουργήσειεν
588 3497 682 3565 αύτύ.
