2625 4092
234 266 298 329 396
595 270 898 328 AOYKIANor

321 434 348 497 7.
373 436 477 498 KYN.
505 436 547 496 Τί
562 432 615 514 δέ,
643 439 743 508 εἴτις
763 431 910 515 μετέχων
927 438 985 516 τῆς
1006 430 1114 515 αὐτῆς
1137 433 1250 515 ταύτης

234 531 393 613 τραπέζης
403 536 471 595 τῶν
483 530 545 612 μὲν
557 534 692 595 πολλῶν
704 532 760 595 καὶ
771 538 935 598 ποικίλων
946 527 1074 616 ἀμελεῖ,
1090 534 1131 599 ἓν
1144 533 1183 599 δὲ
1192 540 1251 598 τῶν

236 632 368 711 ἔγγιστα
389 629 552 711 κειμένων
573 625 822 712 ἐπιλεξάμενος,
847 631 971 707 [κανῶς
992 634 1070 715 ἔχον
1089 629 1180 712 πρὸς
1198 629 1251 715 τὴν

235 726 358 793 ἑαυτοῦ
380 732 510 811 χρείαν,
536 732 635 791 τοῦτο
657 730 766 794 ἐσθίοι
789 733 935 812 κοσμίως
954 730 1009 795 καί
1031 728 1146 818 τούτῳ
1168 728 1252 817 μόνω

234 831 358 912 χρῶτα,
375 838 442 901 τοῖς
457 824 493 890 δὲ
511 820 625 901 ἀλλοιςΙ
638 821 718 890 οὐδὲ
732 827 953 910 προσβλέπω,
972 832 1097 892 τοῦτον
1116 825 1183 913 οὐχ
1198 825 1252 914 ἡγῇ

237 924 514 1007 σωφρονέστερον
530 924 585 990 καὶ
600 919 727 1007 ἀμείνω
741 920 849 1005 ἀνδρα
865 925 1014 1003 ἐκείνους

319 1028 419 1089 ΛΥΚ.
434 1019 569 1106 Ἵῦγωγε.

320 1126 424 1187 KYN.
447 1117 599 1202 Πότερον
617 1112 683 1186 ούν
698 1127 834 1205 συνίης,
850 1115 872 1205 ἢ
887 1120 943 1204 ἐμὲ
961 1125 1013 1187 δεῖ
1023 1122 1158 1206 λίγεινς

319 1222 420 1285 AYK.
447 1215 492 1284 Τό
509 1232 624 1297 ποῖονς

320 1323 423 1384 ΚΤΝ.
445 1314 515 1383 ’Ότι
536 1313 555 1381 ὁ
575 1315 636 1401 μὶν
656 1313 739 1395 θεὸς
760 1323 807 1404 τῶ
829 1319 987 1397 ξευιΐοντι
1009 1324 1122 1396 καλῶς
1140 1320 1257 1407 ἐκείνω

233 1422 320 1485 ἔοικε
331 1417 528 1499 παρατιθεὶς
541 1412 647 1482 πολλοὶ
660 1415 715 1481 καὶ
726 1420 860 1482 ποικίλα
872 1417 927 1482 καὶ
938 1418 1154 1499 παντοδαπά,
1166 1415 1256 1493 ὅπως

234 1523 353 1600 ἔχωσιν
364 1510 561 1598 ἁρμόζοντα,
578 1511 616 1580 τά
630 1512 693 1598 μὲν
704 1510 911 1597 ὑγιαίνουσι,
926 1510 966 1578 τὰ
981 1510 1017 1579 δὲ
1028 1522 1187 1591 νοσοῦσι,
1203 1517 1255 1580 καί

232 1612 272 1680 τά
294 1616 357 1698 μὲν
373 1615 536 1694 ἰσχυροῖς,
561 1608 607 1677 τδι
623 1609 660 1677 δὲ
683 1607 910 1686 ἀσθενοῦσιν,
938 1608 999 1695 ούχ
1016 1614 1075 1677 ἳνα
1092 1612 1257 1697 χρώμεθα

233 1708 337 1777 ἀκασι
359 1708 497 1791 πάντες,
525 1705 598 1775 ἀλλ’
622 1711 683 1774 ἵνα
702 1722 770 1784 τοῖς
792 1705 875 1775 καθ’
896 1707 1018 1775 ἑαυτὸν
1039 1710 1183 1788 ἕκαστος
1204 1710 1256 1776 καί

233 1817 302 1875 τῶν
327 1804 410 1874 καθ’
435 1804 557 1873 ἑαυτόν
578 1805 724 1888 ὅτουπερ
749 1800 793 1871 ἀν
818 1805 900 1893 τύχη
918 1808 1062 1892 μάλιστα
1083 1808 1257 1893 δεόμενος,

233 1912 262 1975 8.
280 1903 374 1990 ὑμεῖς
389 1906 425 1972 δὲ
440 1914 487 1993 τῷ
503 1903 547 1971 δι’
564 1902 750 1990 ἀπληστίαν
767 1906 871 1971 τεκαὶ
892 1902 1056 1988 ἀκρασίαν
1071 1902 1256 1988 ἀρπάζοντι

233 2004 342 2070 κιόντα
364 2003 472 2092 τούτῳ
492 2004 634 2089 μάλιστα
658 2005 785 2070 ἐοίκατε
806 2009 888 2069 πᾶσι
908 2010 1054 2089 χρῆσθαι
1079 2001 1258 2082 ἀξιοῦντες

233 2105 287 2169 καὶ
300 2116 368 2180 τοῖς
379 2099 589 2187 ἁπανταχοῦ,
604 2100 649 2188 μη
665 2114 733 2179 τοῖς
748 2098 828 2183 παρ’
843 2099 924 2187 ύμῖν
935 2101 1057 2187 μόνον,
1078 2099 1124 2168 ού
1135 2111 1207 2188 γῆν
1217 2102 1257 2169 οό

233 2203 405 2268 θάλατταν
421 2203 482 2285 την
503 2197 584 2269 καθ’
608 2196 731 2277 αὐτούς
747 2196 927 2280 αὐταρκεῖν
942 2205 1155 2286 νομίζοντες,
1180 2198 1253 2267 ἀλλ’

233 2296 299 2366 ἀπὸ
311 2300 464 2382 περάτων
475 2307 534 2385 γης
544 2300 809 2385 ἐμπορευόμενοι
818 2300 876 2377 τὰς
886 2297 1010 2384 ἡδονὰς
1019 2302 1074 2366 καὶ
1085 2298 1129 2365 τὰ
1139 2298 1253 2380 ξενικὰ

232 2408 300 2468 τῶν
313 2402 497 2486 ἐπιχωρίων
509 2398 560 2469 ἀεὶ
574 2407 798 2486 προτιμῶντες
809 2402 863 2466 καὶ
877 2397 917 2466 τά
932 2405 1098 2483 πολυτελῆ
1110 2407 1189 2465 τῶν
1200 2397 1254 2465 εύ-

231 2506 337 2568 τελῶν
363 2500 417 2567 καλ
442 2498 482 2566 τὰ
510 2500 718 2581 δυσπόριστα
744 2506 812 2565 τῶν
836 2496 1060 2581 εὐπορίστων,
1096 2500 1255 2565 καθόλου

162 2614 214 2668 544
234 2600 269 2667 δὲ
291 2599 469 2684 πράγματα
487 2601 541 2665 καὶ
562 2596 647 2665 κακοὶ
670 2604 758 2683 ἔχειν
777 2605 906 2682 μᾶλλον
927 2601 1103 2676 ἐθέλοντες
1126 2594 1150 2684 ἢ
1172 2598 1255 2665 ἄνευ

233 2700 438 2783 πραγμάτων
458 2702 533 2783 ζῆν·
563 2694 605 2764 τὰ
619 2694 685 2783 γάρ
703 2693 743 2781 δὴ
762 2694 869 2764 πολλοὶ
885 2699 941 2763 καὶ
955 2704 1047 2782 τίμια
1064 2701 1123 2763 καὶ
1140 2697 1255 2765 εὐδαι-

232 2795 353 2883 μονικά
370 2798 686 2881 παρασκευάσματα,
703 2793 758 2880 ἐφ’
772 2791 822 2874 οἷς
833 2793 1032 2881 ἀγάλλεσθε,
1051 2794 1108 2862 διὰ
1127 2806 1255 2881 πολλῆς

231 2895 312 2981 ὑμῖν
327 2904 430 2963 ταῦτα
445 2901 703 2981 κακοδαιμονίας
717 2896 772 2962 καὶ
783 2903 1005 2976 ταλαιπωρίας
1018 2905 1254 2980 παραγίνεται.

232 2997 348 3063 σκόπει
365 2997 447 3080 γάρ,
467 3004 497 3065 εί
510 2998 643 3083 βούλει,
662 2994 723 3061 τὸν
738 2994 950 3060 πολύευκτον
965 2994 1112 3079 χρυσόν,
1134 2998 1254 3064 σκόπει

232 3093 291 3162 τδν
309 3094 475 3181 ἄργυρον,
499 3097 615 3163 σκόπει
633 3092 692 3171 τάς
706 3098 812 3169 οἰκίας
825 3094 883 3170 τὰς
898 3101 1107 3177 πολυτελεῖς,
1134 3097 1253 3163 σκόπει

231 3194 289 3272 τὰς
302 3198 443 3279 ἐσθῆτας
458 3192 516 3273 τὰς
530 3194 819 3279 ἐσπουδασμένος,
836 3193 955 3258 σκόπει
965 3191 1004 3257 τό
1017 3192 1158 3273 τούτοις
1173 3193 1255 3261 ἀκό-

230 3303 341 3361 λουθα
357 3295 476 3377 πάντα,
491 3295 608 3360 πόσων
619 3292 826 3379 πραγμάτων
838 3294 927 3359 ἐστὶν
942 3290 1035 3373 ῶνια,
1052 3293 1182 3360 πόσων
1192 3295 1255 3359 πό-

229 3420 316 3475 νων,
333 3394 449 3457 πόσων
464 3393 652 3477 κινδύνων,
671 3398 801 3477 μᾶλλον
816 3390 852 3458 δὲ
866 3395 1004 3476 αἵματος
1018 3396 1075 3459 καί
1092 3397 1254 3462 θανάτου

229 3495 283 3556 καὶ
296 3495 485 3570 διαφθορᾶς
500 3488 695 3572 ἀνθρώπων
707 3492 834 3574 πόσης,
851 3488 894 3557 ού
903 3490 1011 3577 μόνον
1022 3489 1074 3560 ὅτι
1089 3498 1253 3561 πλέοντες
