2625 4092
221 259 283 342 ετο
573 259 894 320 Λονπιανον

221 423 278 510 555
289 421 456 508 κατέχοντι
475 415 511 506 τό
534 418 723 503 συμπόσιον
737 458 780 470 -
794 415 981 504 ἀπορρίψας
1003 420 1062 488 τὸν
1083 427 1223 508 τρίβωνι

221 515 440 632 προύκαλεῖτό
458 522 491 584 οί
505 517 775 603 παγκρατιάζειν,
790 523 829 601 ,εί
843 518 879 584 δὲ
896 519 959 603 μή,
982 527 1158 593 κατοίσειν
1169 516 1225 584 αύ-

221 623 281 684 τοῦ
301 621 363 704 555
380 612 441 699 τὴν
458 621 649 733 βακτηρίαν.
679 611 767 680 οὕτω
788 612 865 700 555
884 621 1120 715 κακοδαίμων
1118 625 1225 686 Σατυ-

222 717 367 796 5555-—
387 719 485 796 τοῦτο
505 709 590 838 γαρ
599 709 616 776 5
632 709 885 804 γελωτοποιός
882 710 1086 791 ε’καλελτο-
1108 713 1227 789 συστὰς

222 816 465 930 ἐπαγκρατίαζε.
489 807 593 877 καὶτὸ
612 816 752 894 πρᾶγμα
765 803 1025 895 ὑπερήδιστον
1004 837 1062 896 ην.
1089 810 1226 936 φιλόσο-

223 936 286 1000 φος
303 907 388 994 ἀνὴρ
400 907 644 996 γελωτοποιῷ’
625 908 865 1023 ἀνταιρόμενος
876 909 930 990 καί
946 915 1053 974 παίων
1065 909 1122 985 καὶΙ
1134 909 1225 974 παιό-

162 1061 165 1100 9
223 1032 322 1093 μενος
337 1031 374 1072 εν
388 1032 432 1072 τω
422 1008 555 1124 μέρει.
573 1011 607 1072 οι
618 1030 782 1090 παρουτες
797 1006 832 1070 δε
846 1031 877 1072 οι
870 1004 954 1090 μὲν
969 1004 1132 1094 ηδουντο
1149 1009 1186 1072 05
1199 1004 1231 1070 δὲ

166 1097 169 1106 “
223 1108 362 1192 ἐγέλων
385 1102 459 1188 άχρι
476 1101 687 1189 ἀπηγόρευσε
709 1099 927 1186 παιόμενοςὸ
949 1099 1185 1188 Ἀλκιδάμας
1166 1099 1231 1166 υπδ

223 1204 533 1288 συγκεκροτημένου
553 1199 797 1283 ἀνθρωπίσκου
822 1207 1093 1284 καταγωνισθείς.
1123 1204 1233 1284 γέλως

224 1293 287 1366 οῦν
306 1297 408 1377 πολύς
431 1300 573 1384 ἐξεχύθη
595 1297 645 1364 ἐπ’
672 1294 794 1372 αὐτοῖς.
831 1301 881 1364 20.
903 1300 1052 1363 ἐνταῦθα
1071 1298 1235 1374 Διόνικος

224 1403 421 1482 ἐπεισῆλθεν
436 1395 453 1484 5
468 1396 580 1481 ἰατρός
598 1395 638 1462 ού
656 1392 743 1462 πολύ
760 1393 901 1460 κατόπιν
916 1403 977 1461 τοῦ
991 1395 1137 1482 ἀγῶνος·
1163 1399 1236 1481 ἐβε-

156 1509 206 1563 53
225 1494 384 1581 βραδύκει
397 1497 443 1578 55,
460 1493 506 1582 ὡς
519 1500 653 1614 έαασκε,
670 1495 834 1578 φρενίτιδι
849 1493 1019 1560 ἑαλωκότα
1029 1495 1238 1577 θεραπεύων

224 1594 489 1675 Πολυπρέποντα
510 1589 571 1659 τόν
587 1589 745 1681 αύλητην.
774 1596 832 1657 καί
844 1617 876 1657 τι
896 1593 951 1708 καλ
966 1600 1098 1675 γελοῖον
1116 1593 1238 1708 διηγη-

225 1714 320 1759 σατο·
345 1699 410 1776 ἐφη
425 1691 537 1776 μὲν
499 1719 562 1777 γαρ
575 1699 740 1759 εἰσελθεῖν
755 1688 834 1774 παρ’
851 1687 957 1758 αὐτόν
971 1689 1033 1785 οῦκ
1052 1689 1181 1767 εἰδῶς’
1163 1693 1239 1775 εχό-

224 1816 327 1878 μενον
344 1789 454 1906 ἤδη
424 1817 468 1856 τω
487 1792 605 1867 πάθει
621 1783 682 1856 τόν
696 1790 732 1855 55
747 1786 903 1872 ταχέως’
884 1781 1072 1855 αυαστάντα
1088 1793 1241 1856 ἐπικλεῖ-

225 1895 282 1954 σαί
300 1915 335 1954 τε
360 1887 421 2002 την
445 1890 559 1969 θύραν
584 1917 637 1956 και
627 1891 803 1972 ξιφίδιον
827 1888 1043 1973 σπασάμενον
1063 1884 1242 1954 ἀναδόντα
1292 1920 1294 1957 z

225 1983 314 2074 αύτῷ
328 1983 404 2062 τοῦς
416 1982 700 2062 αύλούςκελεύειυ
709 1983 841 2051 αὐλεῖν
865 1982 932 2050 εἶτα
945 1985 1014 2052 ἐπεὶ
1024 2007 1070 2069 μη
1059 1983 1243 2108 δύναιτο,
1292 2066 1293 2069 ¹

226 2090 336 2148 παίειν
353 2089 473 2168 σκῦτος
491 2089 610 2168 ἔχοντα
619 2081 685 2162 ἐς’
668 2090 784 2159 υπτιάς
798 2080 857 2159 τάς
870 2097 987 2166 χεῖρας.
1008 2087 1102 2158 τέλος
1120 2077 1192 2183 οῦν
1207 2086 1243 2149 ἐν
1292 2136 1294 2157 .

225 2184 373 2270 τοσόύτηι
388 2185 565 2273 κινδυυω
549 2191 722 2270 επιυοησαι
731 2182 916 2248 τοιόνδε
899 2209 938 2260 ες
947 2181 1062 2267 ἀγῶνα
1072 2182 1142 2307 γάρ
1155 2210 1243 2265 προ-

227 2248 543 2370 καλέσασθαιαύτόν
557 2283 707 2371 ἐπλρητω
693 2267 859 2399 πληγῶν
874 2278 1019 2369 ἀριθμῷ,
1034 2283 1089 2347 καὶ
1101 2289 1245 2398 πρῶτον
1292 2282 1294 2289 ’

227 2379 288 2464 μὲν
305 2375 405 2456 αύτδς
420 2367 566 2471 αὐλῆσαι
583 2381 771 2467 πονήρως,
779 2377 860 2464 μετά
883 2379 918 2449 δὲ
942 2380 1139 2505 παραδόντα
1165 2380 1247 2458 τοὺς

227 2474 351 2570 αὐλούς
369 2465 483 2568 ἐκείνῳ
496 2477 654 2566 δέξασθαι
669 2475 750 2566 παρ’.
762 2475 920 2546 αὐτοῦτὸ
936 2486 1056 2558 σκῦτος
1067 2506 1125 2545 και
1115 2478 1246 2559 5555-

227 2580 341 2660 φίδιον
356 2578 410 2642 καὶ
426 2573 608 2664 ἀπορρῖψαι
629 2572 765 2665 τάχιστα
779 2574 886 2643 διὰ
848 2604 905 2661 της
924 2586 1137 2662 φωταγωγοῦ
1156 2583 1195 2658 ἐς
1209 2577 1246 2646 τὸ
1292 2596 1294 2619 ³

226 2674 399 2762 ὕπαιθρον
422 2671 619 2759 τηςχαύλης,
640 2673 695 2742 καὶ
710 2674 746 2741 τὸ
765 2673 835 2742 άπδ
851 2677 973 2743 τούτου
988 2674 1247 2761 ἀσφαλέστερος

225 2772 289 2858 ἤδη
311 2781 549 2854 προσπαλαίων
564 2772 653 2862 αύτῷ
671 2777 901 2851 ἐπικαλεῖσθαι
917 2772 996 2853 τούς
1010 2786 1247 2860 γειτνιῶντας,

202 2964 205 2970 .
226 2871 281 2955 ὑφ’
294 2865 342 2963 55
352 2871 620 2940 ἀνασπασάντων
629 2871 666 2938 τό
676 2873 802 2957 θύριον
811 2859 964 2958 σωθῆναι
975 2872 1091 2942 αὐτόν.
1105 2880 1246 2946 ἐδείκνυ

226 2973 336 3038 δὲκαὶ
358 2986 475 3058 σημεῖα
502 2979 571 3038 τῶν
585 2979 729 3058 πληγῶν
748 2974 808 3039 καλ
828 2970 956 3058 ἀμυχάς
980 2999 1074 3053 τινας
1098 2979 1158 3044 ἐπὶ
1187 2983 1248 3042 τοῦ

225 3071 416 3149 προσώπου.
451 3073 506 3140 καὶ
530 3068 547 3136 ὁ
569 3072 630 3156 μὲν
651 3071 812 3157 Διόνικος
834 3069 875 3138 ού
899 3087 993 3158 μείου
1014 3071 1249 3161 εὐδοκιμήσας

225 3177 286 3235 τοῦ
301 3179 527 3254 γελωτοποιοῦ
542 3175 593 3240 ἐπὶ
614 3180 654 3261 τη
676 3172 826 3257 διηγήσει
845 3179 988 3258 πλησίον
1002 3179 1065 3238 τοῦ
1080 3170 1250 3243 Ἱστιαίου

226 3269 423 3354 παραβύσας
438 3267 556 3357 ἑαυτόν
578 3273 721 3336 ἐδείπνει
741 3270 803 3337 ὅσα
821 3273 951 3356 50555',v
964 3269 1026 3337 ούκ
1048 3270 1140 3339 ἄνευ
1157 3281 1250 3342 θεοῦ

158 3377 208 3428 434
226 3368 315 3442 τινος
329 3362 409 3449 ἡμῖν
423 3368 611 3451 ἐπιπαριόυ,
627 3367 778 3437 ἀλλὰκαὶ
793 3371 886 3436 πάνυ
899 3369 1057 3456 χρήσιμος
1071 3386 1148 3446 τοῖς
1162 3372 1251 3459 μετὰ

224 3469 327 3530 ταῦτα
344 3468 562 3550 γεγενημένος
606 3473 655 3534 21.
672 3466 855 3553 παρελθόν
868 3466 934 3552 γάρ
949 3474 995 3547 είς
1011 3468 1047 3536 τό
1063 3476 1180 3554 μέσον
1199 3479 1247 3538 ot-
