2625 4092
307 292 394 348 ΔΙΣ
413 290 906 354 ΚΑΤΗΓΟΡΟΥΜΕΝΟΣ,
1089 290 1111 352 9

98 451 150 515 ἐπὶ
172 455 312 532 σκοπῆς,
342 443 385 524 ὡς
405 443 544 534 ὁρᾷς-
564 445 710 526 πολλοὺς
731 446 844 516 αὐτῶν
864 450 929 537 ήδη
952 451 1111 530 πολλάκις

98 545 291 631 ἐθεασάμην
307 544 383 625 περὶ
400 547 513 629 δείλην
527 540 629 623 ὀψίαν
643 597 733 612 .....

183 648 232 709 12.
251 648 343 710 ΔΙΚ.
363 639 522 726 Έπίσχες,
542 634 568 707 ἀ
579 641 666 710 Πάν.
689 641 910 729 ούχὸἙρμής
921 665 974 711 σοι
986 647 1106 730 κηρύτ-

98 766 167 807 τειν
181 744 309 819 έδοξεν;

181 843 287 904 ΠΑΝ.
311 835 410 904 Πάνυ
424 836 486 923 μέν
502 829 575 902 ούν.

179 943 285 1004 ΕΡΜ.
304 933 456 1003 Ἀκούετε
467 935 549 1023 λεῴ,
568 931 698 1020 ἀγοράν
712 941 816 1004 δικων
827 935 941 1027 ἀγαθή
955 937 1037 1030 τύχη
1047 964 1108 1004 κα-

95 1037 337 1122 ταστησώμεθα
358 1036 503 1122 τήμερον
524 1032 812 1120 Ἐλαφηβολιῶνος
831 1037 956 1125 ἑβδόμη
976 1038 1110 1121 ἱσταμέ-

97 1159 171 1201 νου.
195 1131 314 1200 ὁπόσοι
325 1129 457 1219 γραφάς
469 1129 678 1217 ἀπήνεγκαν,
693 1131 789 1220 ήκειν
803 1133 976 1218 ἐςἍρειον
987 1133 1108 1218 πάγον,

95 1237 180 1300 ἔνθα
198 1229 219 1317 ή
233 1237 321 1316 Δίκη
338 1227 568 1316 ἀποκληρώσει
582 1229 622 1296 τά
641 1233 836 1318 δικαστήρια
851 1235 906 1301 καί
922 1230 1005 1319 αύτή
1022 1257 1110 1313 παρ-

95 1335 186 1397 έσται
196 1343 263 1407 τοῖς
274 1329 475 1413 δικάζουσιν,
487 1333 521 1394 ολ
531 1331 680 1396 δικασταὶ
691 1331 723 1408 ἐξ
736 1326 896 1396 ἁπάντων
907 1327 1108 1415 Ἀθηναίων,

94 1427 111 1496 ὁ
129 1425 252 1515 μισθὸς
271 1427 455 1513 τριώβολον
470 1426 607 1513 ἑκάστης
623 1430 732 1513 δίκης,
754 1427 899 1514 ἀριθμὸς
919 1437 987 1495 τῶν
1010 1433 1107 1496 δικα·
1125 1444 1176 1499 806

94 1537 184 1594 στῶν
199 1525 281 1594 κατά
296 1525 400 1612 λόγον
413 1533 474 1594 τοῦ
489 1525 699 1612 ἐγκλήματος.
722 1524 840 1594 ὁπόσοι
857 1526 892 1596 δὲ
903 1524 1108 1612 ἀποθέμενοι

93 1627 247 1711 γραφήν,
270 1627 350 1709 πρὶν
364 1628 532 1709 ἐσελθεῖν,
551 1622 745 1707 ἀπέθανον,
763 1626 818 1692 καὶ
832 1626 974 1703 τούτους
989 1622 1007 1692 ὁ
1023 1629 1069 1691 Al
1090 1663 1108 1675 -

93 1722 153 1802 κὸς
165 1723 401 1810 ἀναπεμψάτω.
416 1718 460 1810 ήν
471 1725 510 1790 δέ
519 1749 567 1800 τις
577 1721 677 1789 ἀδικα
690 1722 886 1790 δεδικάσθαι
898 1733 1017 1808 οἴηται,
1029 1723 1108 1806 ἐφέ-

95 1843 195 1907 σιμον
210 1819 399 1906 ἀγωνιεῖται
416 1818 477 1907 τήν
492 1826 605 1906 δίκην·
625 1817 646 1905 ή
663 1819 699 1888 δὲ
714 1827 825 1906 ἔφεσις
840 1824 892 1890 ἐπὶ
905 1818 966 1888 τὸν
981 1826 1057 1888 Δία.

179 1925 287 1986 ΠΑΝ.
311 1927 422 2006 Βαβαῖ
432 1925 494 1986 τοῦ
508 1918 680 2004 θορύβου,
702 1917 836 2005 ἡλίκον,
859 1912 1005 2004 ύΔίκη,
1028 1917 1108 1986 ἀνε-

92 2018 239 2103 βόησαν·
255 2014 299 2096 ὡς
311 2017 410 2085 δὲκαὶ
423 2023 553 2105 σπουδή
565 2021 768 2097 ξυνθέουσιν
778 2019 931 2095 ἕλκοντες
942 2014 1107 2102 ἀλλήλους

91 2111 178 2198 πρὸς
192 2111 228 2180 τὸ
251 2111 390 2192 ἀναντες
412 2112 499 2182 εύθύ
514 2123 574 2181 τοῦ
592 2113 721 2201 Ἀρείου
736 2117 856 2200 πάγου.
887 2119 942 2184 καί
957 2113 975 2183 ὁ
989 2113 1107 2200 Ἑρμῆς

92 2217 129 2282 δὲ
150 2213 213 2300 ήδη
229 2217 397 2297 πάρεστιν.
427 2214 509 2282 ὥστε
532 2212 624 2300 ὑμεῖς
641 2216 702 2301 μὲν
722 2214 807 2303 ἀμφὶ
830 2213 888 2294 τάς
908 2219 1002 2292 δίκας
1019 2219 1106 2300 ἔχετε

91 2317 148 2382 καὶ
164 2312 394 2398 ἀποκληροῦτε
411 2317 466 2383 καὶ
482 2319 667 2399 διακρίνετε
683 2312 794 2399 ὥσπερ
810 2312 892 2400 ύμῖν
907 2312 1025 2400 νόμος,
1040 2311 1105 2397 ἐγώ

92 2417 128 2480 δὲ
141 2414 195 2482 ε’πὶ
205 2411 242 2479 τό
254 2415 419 2499 σπήλαιον
429 2412 590 2482 ἀπελθών
602 2419 779 2498 συρίξομαί
788 2440 819 2480 τι
833 2416 931 2498 μέλος
941 2420 1009 2479 τῶν
1023 2414 1107 2493 ἐρω-

92 2522 215 2596 τικῶν,
240 2505 266 2602 ᾦ
286 2511 348 2599 τήν
365 2513 447 2601 Ήχεδ
468 2523 573 2582 είωθα
588 2517 832 2597 ἐπικερτομεῖν·
861 2508 1055 2597 ἀκροάσεων
1072 2511 1107 2575 δδ

92 2612 274 2698 καλλύνων
290 2620 360 2681 των
375 2618 558 2682 δικανικῶν
574 2612 646 2690 άλις
661 2617 726 2697 ἔχει
741 2637 798 2697 μοι
813 2607 972 2695 ὁσημέραι
987 2615 1054 2674 τῶν
1070 2612 1107 2675 ἐν

90 2710 205 2802 Ἀρείῳ
222 2712 317 2802 πάγῳ
330 2715 554 2798 δικαζομένων
570 2708 739 2778 ἀκούοντι.

180 2817 229 2879 13.
252 2819 356 2879 που.
371 2811 468 2897 Ἆγι,
486 2803 512 2876 03
527 2817 632 2894 Δίκη,
650 2817 900 2894 προσκαλῶμεν.

179 2918 272 2980 ΔΙΚ.
295 2904 348 2979 Εὖ
363 2913 476 2997 λέγεις.
501 2908 624 2990 ἀθρόοι
639 2916 742 2994 γοῦν,
759 2904 803 2987 ἀς
814 2906 912 2997 ὁρᾷς,
925 2909 1105 2987 ξυνθέουσι

94 3018 323 3098 θορυβοῦντες
332 3007 442 3091 ὥσπερ
454 3014 489 3076 οί
493 3017 618 3095 σφῆκες
627 3015 910 3096 περιβομβοῦντες
919 3006 980 3093 τήν
989 3005 1104 3092 ἀκραν,
1124 3017 1174 3072 8⁰¹1

179 3117 435 3179 ΑΘΗΝΑΙΟΣ.
459 3109 593 3194 Είληφά
609 3129 662 3192 σε,
683 3102 896 3192 ύκατάρατε.

179 3219 344 3280 ΑΛΛΟΣ.
368 3220 611 3296 Συκοφάντεῖς.

180 3317 280 3376 ΑΛΛ.
305 3310 436 3387 Λύσεις
451 3309 530 3377 ποτὲ
543 3308 607 3396 ήδη
621 3308 684 3396 τήν
699 3315 804 3394 δίκην.

179 3415 280 3474 ΑΛΛ.
298 3407 470 3493 Έξελέγξω
485 3429 522 3475 σε
539 3406 631 3476 δεινά
648 3410 876 3495 εἰργασμένον.

187 3513 283 3572 ΑΛΛ.
302 3504 390 3592 Ἐμοὶ
406 3507 526 3596 προέτω
542 3505 793 3592 ἀποκλήρωσον.
