2625 4092
226 272 268 335 σι
579 276 886 334 πονπτπαου

226 435 429 519 γεγενημένα
451 438 486 501 οἱ
499 429 728 519 Ἀρεοπαγῖται
748 437 911 520 βλέποιεν.
944 434 1027 504 ὥστε
1048 438 1103 505 καὶ
1124 437 1177 522 σέ,
1207 428 1235 503 οἷ
1296 481 1297 528 η

223 529 414 617 Ἀνάχαρσι,
433 528 669 619 Ἀρεοπαγίτην
681 534 718 599 έν
733 539 779 622 τῷ
794 533 936 615 παρόντι
953 542 1112 621 ποιοῦμαι
1128 540 1235 621 έγωγε

227 632 282 696 καὶ
296 624 380 695 κατά
402 625 463 696 τόν
479 636 536 714 τῆς
552 636 677 717 βουλῆς
698 655 765 717 μου
781 632 887 716 νόμον
903 630 1005 699 άκουε
1026 636 1081 701 καὶ
1103 641 1235 701 σιωπᾶν

227 728 360 810 κέλευε,
381 722 425 811 ἢν
444 735 548 815 αίσθη
564 731 948 815 καταρρητορευόμενος·
971 730 1046 816 άχρι
1067 727 1098 798 δ’
1120 725 1165 797 άν
1183 738 1235 798 ol-

227 838 298 892 κεῑα
319 832 364 912 τῷ
389 825 557 910 πράγματι
578 828 727 912 λέγηται,
749 829 865 906 ἐξέστω
881 825 1120 914 ἀπομηκύνειν.
1154 827 1235 896 οὐδὲ

226 919 291 1009 γάρ
307 918 368 1007 ὑφ’
387 919 470 1012 ἡλίῳ
484 928 530 990 ἔτι
546 923 757 1010 ποιησόμεθα
771 922 833 1011 την
848 933 1051 1011 συνουσίαν,
1073 924 1117 1005 ὡς
1130 925 1236 1012 ἄχθε-

227 1029 309 1087 σθαι
324 1023 355 1085 εἰ
370 1015 609 1088 άποτείνοιτο“
591 1046 611 1105 η
627 1022 737 1107 ῥῆσις,
760 1019 845 1089 άλλά
865 1021 888 1109 ἥ
907 1050 942 1091 τε
960 1023 1037 1092 σκιά
1052 1050 1162 1109 πυκυη
1179 1022 1235 1089 καὶ
1297 1047 1299 1082 ι

228 1119 320 1206 ἡμεῖς
334 1116 493 1203 σχολὴν”
472 1146 605 1205 αγομεν.
1299 1147 1300 1226 χ

157 1230 210 1287 900
312 1225 448 1286 ΑΝΑΧ.
462 1213 1053 1305 Εῦγνοέμονάσοιιταῦτα,ωΣόλων,
1064 1220 1235 1304 καὶέγιογε
1299 1237 1301 1242 ·

230 1314 291 1402 ἤδη
305 1317 404 1401 χάριν
424 1312 466 1381 οῦ
482 1312 606 1400 μικράν
621 1316 695 1383 οἶδά
709 1337 763 1385 σοι
778 1319 833 1386 καὶ
847 1322 899 1387 ἐπὶ
914 1320 1059 1403 τούτοις,
1081 1316 1132 1386 ὅτι
1145 1322 1235 1399 πάρ-
1296 1313 1301 1374 λ

229 1439 328 1498 εργον
343 1438 403 1479 του
389 1412 523 1499 λόγον
543 1413 653 1482 καὶ
618 1441 658 1482 τα
675 1418 712 1482 ἐν
726 1412 839 1507 Ἀρείῳ
855 1416 951 1507 πάγῳ
967 1416 1150 1503 γιγνόμενα
1165 1417 1236 1482 ἐδι-

228 1513 317 1590 θάξω
331 1536 371 1596 με
393 1512 568 1598 θαυμάσια
590 1510 633 1589 ὥς
650 1510 787 1597 άληθῶς
807 1515 863 1582 καὶ
883 1512 1025 1599 άγαθῦν
1039 1519 1235 1600 βουλευτῶν

228 1615 308 1693 ἔργα
332 1606 414 1693 πρὸς
433 1606 597 1694 άληθειαν
617 1611 782 1678 οἰσόντων
799 1637 862 1698 την
876 1620 1001 1697 ψῆφον.
1029 1612 1081 1680 ἐπὶ
1101 1610 1235 1686 τούτοις
1295 1627 1300 1678 Ι

228 1699 292 1775 οὖν
306 1705 371 1793 ἤδη
382 1710 473 1792 λέγε,
490 1706 575 1776 καλό
589 1705 820 1798 Ἀρεοπαγίτης
831 1708 946 1795 έγω-
909 1717 1058 1777 -τοῦτο
1070 1705 1135 1795 γάρ
1148 1712 1236 1777 έθου
1295 1709 1301 1816 χ

201 1886 209 1905 ³
227 1832 324 1891 με-
281 1806 422 1873 -κατά
436 1814 542 1892 σχημα
556 1813 613 1892 τῆς
627 1814 751 1893 βουλης
768 1803 958 1894 ἀκούσομαί
969 1828 1041 1875 σου.

312 1908 363 1969 20.
379 1909 481 1969 ΣΟΑ
507 1902 645 1971 Οὐκοῦν
662 1902 716 1973 διά
731 1906 882 1991 βραχέων
895 1910 1103 1988 προακοῦσαι
1118 1902 1181 2020 χρή
1197 1923 1237 1967 σε

229 2029 250 2069 α
235 1999 342 2085 “mol
356 2000 484 2079 πόλεως
494 2002 549 2071 καὶ
565 2010 710 2070 πολιτῶν
726 2001 807 2090 ἡμῖν
823 2008 929 2072 δοκεῖ·
950 2003 1051 2071 πόλιν
1064 1998 1131 2086 γάρ
1141 1996 1236 2086 ἡμεῖς

228 2096 270 2166 οῦ
284 2094 323 2165 τά
340 2100 586 2186 οἰκοδομήματα
600 2098 776 2187 ἡγούμεθα
790 2100 890 2186 εἶναι,
907 2096 980 2169 οἷον
994 2107 1081 2185 τείχη
1093 2098 1148 2164 καὶ
1159 2093 1235 2180 ίερά

228 2198 282 2263 καὶ
296 2203 513 2282 νεωσοίκους,
529 2196 613 2267 άλλά
627 2199 802 2286 ταῦταμὲν
817 2198 928 2281 ὥσπερ
945 2200 1039 2284 σῶμά
1050 2223 1082 2263 τι
1100 2196 1236 2279 ἑδραῖον

228 2298 283 2361 καὶ
298 2292 456 2379 ἀκίνητον
475 2292 637 2382 ὑπάρχειν
654 2300 687 2375 ές
701 2295 871 2384 ὑποδοχὴν
885 2300 940 2367 καὶ
962 2294 1150 2380 ἀσφάλειαν
1167 2300 1236 2359 τῶν

228 2397 512 2479 πολιτευομένων,
534 2392 571 2461 τό
594 2394 628 2462 δὲ
644 2403 713 2462 πάν
729 2404 832 2479 κῦρος
845 2399 881 2463 έν
895 2410 963 2475 τοῖς
977 2402 1126 2471 πολίταις
1141 2394 1236 2459 τυθέ-

227 2502 332 2578 μεθα·
360 2492 500 2571 τούτους
513 2491 578 2579 γάρ
595 2492 680 2561 εἶναι
695 2491 774 2573 τοῦς
793 2493 1069 2581 ἀναπληροῦντας
1087 2494 1143 2559 καὶ
1161 2496 1236 2559 δια·

228 2593 404 2669 τάττοντας
430 2594 484 2659 καὶ
511 2594 742 2670 ἐπιτελοῦντας
769 2595 890 2660 ἕκαστα
914 2593 969 2660 καὶ
993 2590 1235 2675 φυλάττοντας,

229 2686 302 2759 οἷόν
316 2719 347 2757 τι
364 2693 401 2758 ἐν
418 2689 497 2775 ἡμῖν
512 2692 637 2781 ἑκάστω
656 2694 745 2760 ἐστὶν
763 2688 782 2777 ἡ
804 2692 903 2776 ψυχή.
934 2696 1032 2757 τοῦτο
1054 2686 1094 2774 δὴ
1115 2694 1237 2757 τοίνυν

229 2792 492 2875 κατανοήσαντες
504 2790 752 2876 ἐπιμελούμεθα
765 2793 843 2875 μέν,
860 2788 905 2868 ὡς
915 2787 1014 2876 ὁρᾷς,
1028 2788 1081 2855 καὶ
1093 2793 1155 2853 τοῦ
1167 2786 1236 2853 σοι’-

228 2915 329 2975 ματος
350 2896 407 2973 τῆς
426 2890 553 2966 πόλεως
566 2898 853 2976 κατακοσμοῦντες
867 2886 967 2972 αῦτό,
993 2885 1036 2965 ὡς
1056 2887 1236 2955 κάλλιστον

228 2986 309 3075 ἡμῖν
323 2999 390 3073 εἴη,
407 2993 549 3057 ἔνδοθέν
560 3016 594 3057 τε
609 2990 848 3076 οἰκοδομήμασι
861 2987 1170 3069 κατεσκευασμένον
1182 2986 1237 3052 καὶ

228 3102 299 3166 ταῖς
323 3094 485 3154 ἔκτοσθεν
502 3088 637 3165 ταύταις
659 3096 848 3174 περιβολαῖς
872 3090 905 3165 ές
925 3084 962 3154 τό
985 3084 1237 3172 ἀσφαλέστατον

159 3206 206 3260 901
229 3186 475 3273 πεφραγμένον.
491 3188 632 3271 μάλιστα
644 3190 681 3255 δὲ
692 3189 746 3256 καὶ
757 3190 791 3267 ἐξ
801 3185 946 3263 ἅπαντας
957 3191 1055 3253 τοῦτο
1066 3190 1237 3268 προνοοῦ-

229 3310 307 3371 μεν,
324 3283 414 3363 όπως
429 3288 463 3352 οἱ
475 3294 604 3353 πολῖται
620 3283 744 3370 ἀγαθοὶ
758 3288 820 3372 μὲν
833 3283 892 3364 τάς
906 3283 1030 3369 ψυχάς,
1053 3282 1183 3368 ἰσχυροὶ
1199 3281 1237 3348 δὲ

230 3382 269 3451 τά
284 3384 419 3469 στόματα
432 3391 617 3472 γίγνοιντο·
644 3383 724 3461 τοῦς
743 3381 808 3469 γάρ
823 3384 995 3459 τοιούτους
1009 3386 1104 3465 σφίσι
1118 3405 1154 3447 τε
1171 3377 1236 3445 αύ-

229 3498 298 3563 τοίς
312 3490 420 3562 καλῶς
433 3484 616 3571 χρήσεσθαι
632 3487 670 3551 έν
686 3483 802 3570 εἰρήνη
816 3482 1163 3568 συμπολιτευομένους
1180 3480 1237 3547 καὶ
