2625 4092
226 249 293 312 Α312
586 253 887 313 AOYKIANOY
1289 326 1290 383 η

232 436 309 494 κας,
335 415 380 479 ἔτι
404 413 458 480 καὶ
478 418 576 478 τοῦτο
593 413 754 494 προσθεὶς
773 453 816 464 -
833 417 1000 499 μέμνημαι
1020 414 1084 499 γάρ
1099 453 1139 464 -
1152 411 1221 478 ἀλο

231 509 381 594 γεότατον
399 507 483 577 εἶναι
501 507 579 586 τούς
592 510 654 595 μὲν
671 507 764 596 ἡμῶν
777 509 1019 593 ὑπερπλουτεῖν
1033 515 1086 581 καί
1101 521 1223 629 τρηφᾶν

233 607 274 676 ού
294 616 540 686 κοινωνοῦντας
562 634 610 675 ων
631 614 742 694 ἔχουσι
764 625 832 688 τοῖς
852 615 1073 694 πενεστέροις,
1100 611 1175 690 τοῦς
1194 611 1225 676 δε

232 715 316 798 λιμῷ
338 712 614 792 διαφθείρεσθαι,
646 708 701 773 και
723 714 826 774 ταῦτα
848 713 1045 791 Κρονίων’
1029 709 1225 776 ενεστύτων·

232 811 301 874 ἐπει
290 808 352 872 δέ
362 830 419 890 μοι
430 804 503 871 τότε
514 801 615 870 οὐδὲν
626 800 920 887 ἀντεπέστειλας,
902 808 1109 927 ηνησάμην
1089 811 1161 874 δεῖν
1171 793 1230 872 αύ-

231 918 287 982 θις
306 903 495 990 ἀναμνῆσαί
508 925 544 970 σε
566 909 634 969 τῦν
651 899 773 969 αὐτῶν.
808 907 906 989 ἐχρῆν
920 906 985 989 γάρ
1003 925 1055 988 σε,
1082 931 1108 971 ω
1124 903 1229 985 ἄριστε

231 1007 359 1090 Κρόνε,
380 1002 417 1072 τό
439 1004 558 1071 ἀνίσου
579 1011 677 1070 τοῦτο
696 1001 865 1088 ,ἀφελόντα
884 1005 940 1071 καὶ
958 1001 998 1070 τά
1015 1001 1129 1089 ἀγαθά
1147 1006 1180 1080 ἐς
1197 999 1229 1068 τό

231 1105 334 1190 μέσον
356 1100 457 1167 ἀπασι
479 1103 667 1167 καταθέντα
688 1104 800 1165 ἔπειτα
821 1097 970 1166 κελεύειν
988 1101 1164 1182 ἑορτάζειν.
1194 1095 1231 1173 ὑς

160 1217 214 1269 402
234 1201 269 1268 δὲ
285 1208 349 1266 νῦν
364 1205 496 1284 ἔχομεν,
511 1199 642 1284 μύρμηξ
658 1192 679 1282 ἢ
696 1198 859 1281 κάμηλος,
876 1194 954 1283 ύςὴ
972 1204 1131 1282 παροιμία
1146 1204 1232 1283 φησί

232 1307 358 1385 μᾶλλον
371 1302 406 1366 δὲ
420 1297 578 1384 τραγικόν
588 1295 773 1383 ὑποκριτὴν
784 1299 946 1383 ἐννόησον
954 1303 1087 1388 θατέρῳ
1097 1298 1233 1384 μὲντοῑν

233 1403 349 1466 ποδοῖν
362 1395 415 1484 ἐφ’
433 1395 567 1482 ὑψηλοῦ
577 1394 759 1481 βεβηκότα,
775 1391 842 1464 οἷοί
854 1404 915 1464 είσι
928 1401 1076 1484 τραγικοὶ
1089 1399 1235 1485 ἐμβάται,

232 1495 298 1566 ὁδ’
321 1500 432 1579 ἕτερος
448 1493 657 1580 ἀνυπόδητος
679 1499 771 1563 ἔστω.
806 1502 836 1564 εἰ
852 1503 970 1564 τοίνυν
985 1503 1111 1582 βαδίζοι
1134 1496 1237 1573 οὕτως

233 1606 332 1684 ἔχων,
349 1593 428 1685 ὁρᾷς
440 1592 491 1661 ότι
505 1592 689 1679 ἀναγκαῖον
703 1591 794 1679 αύτῷ
806 1593 881 1675 άρτι
891 1597 953 1679 μὲν
965 1595 1099 1686 ὑψηλῷ,
1116 1595 1193 1679 ἄρτι
1205 1597 1237 1662 δὲ

232 1703 376 1784 ταπεινῷ
397 1697 571 1779 γενέσθαι,
596 1691 679 1760 καθ’
701 1691 865 1776 ὁπότερον
889 1692 932 1762 ἀν
950 1697 1038 1764 πόδα
1061 1705 1236 1783 προβαίνη,

232 1801 393 1863 τοσοῦτον
408 1791 471 1859 κάν
487 1799 531 1880 τῷ
543 1799 605 1882 βίῳ
620 1790 716 1878 ἡμῶν
734 1792 771 1858 τὸ
787 1791 920 1859 ἀνισον·
953 1797 1007 1861 καὶ
1023 1799 1057 1862 οί
1073 1795 1137 1880 μὲν
1155 1792 1239 1862 ὑπο·

233 1894 414 1979 δησάμενοι
425 1893 567 1979 ἐμβάτας
578 1898 634 1976 τῆς
646 1893 746 1976 τύχης
756 1893 962 1976 χορηγούσης
973 1895 1238 1981 ἐντραχῳδοῦσιν

232 1993 327 2080 ἡμῖν,
350 1997 383 2060 οί
397 1986 521 2059 πολλοὶ
531 1992 567 2058 δὲ
588 1994 667 2077 πεζῇ
682 1990 738 2057 καὶ
752 1991 851 2075 χαμαὶ
865 1995 1039 2078 βαδίζομεν
1054 1991 1240 2076 δυνάμενοι

233 2092 292 2175 ἀν,
310 2084 349 2158 εὖ
364 2100 453 2174 ίσῦι,
468 2087 513 2216 μη
529 2103 641 2214 χεῖρον
655 2085 767 2154 αὑτων
782 2087 1025 2171 ὑποκρίνεσθαι
1038 2089 1094 2155 καὶ
1108 2092 1241 2175 διαβαί-

233 2217 321 2273 νειν,
340 2198 373 2258 εἰ
382 2217 431 2266 τις
446 2191 500 2255 καὶ
521 2215 607 2274 ημας
625 2188 822 2255 ἐνεσκεύασε
841 2194 1076 2272 παραπλησίως
1089 2190 1240 2265 ἐκείνοις.

234 2297 283 2358 20.
302 2295 408 2356 καίτοι
425 2285 539 2354 ἀκούω
554 2294 622 2353 τῶν
639 2294 787 2371 ποιητῶν
802 2283 1006 2371 λεγόντων’
984 2312 1029 2365 ως
1042 2283 1079 2353 τό
1096 2285 1241 2354 παλαιὸν

234 2387 276 2456 ού
292 2395 428 2454 τοιαῦτα
443 2413 487 2471 ην
498 2399 565 2462 τοις
572 2382 775 2506 ἀνβρώποις
788 2383 828 2451 τά
842 2385 1021 2512 πράγματα
1034 2392 1098 2451 σοῦ
1114 2391 1164 2452 ἔτι
1182 2411 1242 2470 μο-
1289 2375 1291 2427 ³

234 2491 454 2606 ναρχοῦντος,
470 2481 544 2549 ἀλλ’
562 2480 581 2566 ἡ
597 2509 659 2567 μεν
672 2510 713 2567 χη
729 2481 875 2564 ἀσπορος
891 2487 945 2551 και
957 2481 1120 2567 ἀνηροτος
1136 2490 1242 2568 ἔφυεν
1289 2494 1290 2551 3

234 2581 345 2661 αύτοις
359 2579 399 2648 τά
413 2579 543 2667 ἀγαθά,
562 2583 733 2647 δεῖπνον”
714 2606 846 2665 ετοιμον
856 2582 981 2670 ἑκάστῳ
994 2584 1027 2658 ές
1041 2581 1164 2665 κόρον,
1182 2606 1243 2648 πο-

234 2709 328 2767 ταμοι
318 2683 429 2748 δὲρ
395 2707 425 2747 οι
442 2679 503 2765 μὲν
519 2677 629 2760 οἶνον,
646 2704 678 2746 οι
671 2677 726 2745 δε
738 2679 840 2763 χάλα,
857 2682 918 2746 είσὶ
933 2648 968 2745 δέ
984 2704 1015 2745 οι
1002 2678 1084 2744 καὶ
1098 2679 1211 2762 μέλι”
1191 2704 1243 2760 ερ-

163 2800 216 2855 403
236 2805 329 2863 ρεον·
362 2804 399 2845 το
389 2776 452 2845 δε
472 2779 645 2861 μέγιστον,
670 2771 793 2852 αύτούς
815 2778 964 2852 ε’κείνους
983 2777 1066 2860 φασὶ
1081 2773 1162 2852 τοῦς
1185 2773 1243 2840 άν-

234 2877 394 2960 θρύπονς
415 2881 560 2959 χρυσοῦς
586 2871 691 2957 εἶναι,
719 2881 838 2941 πενίαν
860 2877 897 2940 δὲ
917 2876 1000 2959 μηδε
1024 2872 1060 2940 τό
1082 2873 1245 2955 παράπαν

234 2973 346 3052 αὑτοῖς
362 2974 562 3059 πλησιάζειν.
585 2971 678 3059 ἡμεῖς
693 2975 729 3041 δὲ
743 2972 838 3044 αὐτοὶ
848 2975 910 3060 μὲν
926 2972 1004 3060 οὐδὲ
1018 2974 1194 3060 μόλυβδος
1204 2971 1245 3041 ἀν

235 3072 368 3150 είκότως
385 3077 578 3158 δοκοίημεν,
597 3071 669 3140 ἀλλ’
690 3083 724 3141 εί
733 3100 763 3140 τι
778 3075 834 3140 καὶ
848 3072 971 3140 τούτου
986 3070 1206 3158 ἀτιμότερον,
1226 3071 1245 3157 ἡ

234 3168 340 3256 τροφὴ
354 3170 389 3238 δὲ
402 3168 482 3254 μετά
498 3169 615 3236 πόνων
626 3186 694 3250 τοῖς
704 3179 885 3257 πλείστοις,
900 3170 921 3258 η
936 3178 1032 3238 πενία
1044 3173 1079 3238 δὲ
1091 3175 1148 3238 καὶ
1160 3172 1245 3238 ἀπο-

235 3276 289 3352 ρία
310 3271 363 3336 καὶ
381 3266 545 3354 ἀμηχανία
562 3273 616 3336 καὶ
637 3269 674 3336 τό
692 3283 781 3357 οἴμοι
799 3273 853 3338 καὶ
873 3269 910 3337 τό
927 3270 1037 3337 πόθεν
1052 3269 1096 3336 ἀν
1114 3298 1174 3355 μοι
1192 3275 1246 3356 γε’·

234 3393 325 3435 νοιτο
337 3371 389 3433 καὶ
402 3363 428 3433 ό
439 3375 496 3452 τῆς
509 3369 607 3455 τύχης
618 3369 725 3438 πολλὰ
739 3376 876 3438 τοιαῦτα
886 3366 976 3451 παρὰ
989 3377 1075 3453 γοῦν
1084 3367 1169 3455 ἡμῖν
1181 3386 1246 3448 τοῖς

234 3468 363 3551 πένησι.
387 3469 440 3533 καὶ
454 3459 553 3552 ἦττον
567 3467 629 3554 ἀν,
647 3463 685 3536 εὖ
700 3481 789 3554 ἴσθι,
804 3467 978 3554 ἠνιώμεθα
992 3463 1036 3534 ἀν
1050 3467 1102 3534 ἐπ’
1121 3467 1245 3548 αὐτοῖς,
