2625 4092
229 299 290 360 296
583 298 883 358 AOMIANOY

229 464 383 545 οὐδαμῶς
403 460 524 526 ἐκεῖνοι
545 455 647 540 ἀξιοι,
667 451 726 522 τόν
741 453 865 542 Ἑρμήν
879 461 916 525 δὲ
937 456 1185 546 αὐτοκράτορα,
1206 468 1235 531 εί

229 565 335 640 δοκεῖ,
351 565 408 644 τῆς
422 555 589 633 κολάσεως
603 554 820 640 κατάπεμψον
835 553 885 621 ἐπ’
903 555 1042 643 αὐτούς,
1066 556 1105 636 ὃς
1120 559 1178 628 ἅτε
1194 562 1232 646 δή

229 658 304 738 περὶ
320 655 440 739 λόγους
455 659 539 740 ἔχων
559 655 614 721 καὶ
628 649 729 731 αὐτὸς
744 654 879 739 τάχιστα
896 665 1015 724 είσεται
1030 658 1111 737 τούς
1126 685 1163 726 τε
1178 657 1233 741 ὀρ-

228 762 300 832 θῶς
318 759 586 841 φιλοσοφοῦντας
599 753 654 819 καὶ
668 749 747 828 τούς
762 751 823 837 μή·
853 750 920 820 εἶτα
935 753 1013 832 τούς
1027 758 1089 841 μὲν
1104 759 1235 825 ἐπαινέ-

229 873 330 937 σεται,
347 851 390 930 ῶς
401 849 437 918 τό
455 849 551 931 εἰκός,
566 855 600 918 οἱ
613 850 650 917 δὲ
667 849 945 936 κολασθήσονται,
961 851 1050 933 ὅπως
1060 851 1105 921 ἀν
1120 859 1235 945 έκείνφ

229 948 313 1033 πρός
328 947 387 1017 τόν
402 946 522 1030 καιρόν
538 952 629 1036 δοκή.

313 1054 364 1116 αε.
380 1055 505 1114 κνοω.
528 1039 581 1115 ωί
596 1048 718 1130 ιεγεις,
735 1039 944 1116 &nouom
966 1046 1049 1116 ἀιιε
1063 1044 1236 1136 καταθῶ

224 1147 411 1232 Ἡράκλεις,
427 1145 495 1232 ἅμα
510 1147 564 1213 καὶ
577 1143 640 1231 τήν
652 1153 860 1232 Φιλοσοφίαν
877 1142 982 1232 αὐτήν
996 1153 1126 1232 ἔχοντες
1142 1147 1237 1217 ἄπιτε

229 1246 273 1327 ῶς
283 1247 417 1333 τάχιστα
428 1251 473 1324 είς
484 1241 544 1312 τόν
555 1252 647 1331 βίον·
662 1249 934 1327 τρισκαιδέκατον
942 1254 1028 1330 γοῦν
1037 1239 1152 1313 ἆθλον
1162 1257 1237 1315 οἴου

160 1367 210 1423 377
229 1353 350 1414 τοῦτον
367 1342 409 1412 οὐ
425 1342 568 1429 σμικρόν
589 1346 785 1424 ἐκτελέσειν,
805 1337 850 1428 ήν
864 1343 1008 1432 ἐκκόψῃς
1022 1342 1126 1428 μιαρά
1149 1344 1237 1411 οὕτω

229 1446 284 1512 καὶ
298 1440 500 1528 ἀναίσχυντα
517 1449 629 1527 θηρία.

313 1548 541 1610 ΗΡΑΚΛΗΣ.
570 1543 635 1608 Καὶ
656 1537 723 1625 μήν
742 1537 883 1625 ἀμεινον
902 1534 963 1626 ήν,
989 1533 1016 1606 ῶ
1033 1542 1154 1626 πάτερ,
1177 1539 1238 1627 τήν

230 1642 357 1726 κόπρον
374 1643 557 1725 ἐκκαθᾶραι
570 1633 672 1715 αὖθις
683 1635 745 1724 τήν
755 1634 903 1723 Αὐγείου
914 1633 935 1724 ή
946 1639 1076 1718 τούτοις
1088 1643 1239 1725 συμπλέ-

230 1751 357 1808 κεσθαι.
386 1737 535 1822 ἀπίωμεν
550 1735 583 1803 δ’
598 1734 697 1821 ὅμως.
927 1821 932 1831 ¹

315 1845 403 1906 ΦΙΛ.
426 1835 570 1902 ’Ἀκουσα
585 1838 663 1921 μέν,
687 1833 936 1920 ἀκολουθητέον
957 1837 993 1904 δὲ
1010 1835 1094 1904 κατὰ
1114 1836 1155 1905 τὰ
1179 1839 1239 1906 δό-

230 1942 328 2017 ξαντα
343 1943 388 2025 τῷ
404 1941 511 2016 πατρί.

314 2038 364 2101 24.
380 2039 550 2100 ΕΡΜΗΣ.
565 2039 751 2119 Κατίωμεν,
765 2030 810 2111 ὡς
820 2029 887 2100 κάν
897 2031 1030 2119 ὀλίγους
1042 2030 1157 2101 αὐτῶν
1167 2038 1239 2100 ἐπι-

230 2145 397 2220 τρίψωμεν
415 2134 568 2219 τήμερον.
592 2141 693 2201 ποίαν
707 2134 742 2201 δὲ
755 2130 818 2219 χρή
833 2138 1034 2220 τραπέσθαι,
1053 2125 1240 2203 ῶΦιλοσο·

232 2241 307 2320 φίας
335 2230 378 2299 σύ
395 2229 459 2317 γὰρ
484 2230 583 2299 οἶσθα
604 2230 692 2300 ὅπου
713 2240 804 2302 εἰσίν.
838 2230 859 2321 ή
877 2234 1046 2318 πρόδηλον
1065 2232 1118 2301 ότι
1140 2237 1180 2302 ἐν
1200 2242 1239 2322 τῇ

225 2330 372 2410 Ἑλλάδι;

316 2437 405 2498 mm.
431 2426 611 2517 Οὐδαμῶς,
633 2426 655 2516 ή
672 2432 764 2497 πάνυ
778 2430 900 2517 ὀλίγοι,
921 2428 995 2498 ὅσοι
1011 2428 1125 2513 ὀρθῶς
1140 2439 1238 2510 φιλο-

231 2537 415 2616 σοφοῦσιν,
432 2521 577 2614 ῶἙρμῆ.
601 2521 694 2596 οὗτοι
704 2531 741 2597 δὲ
751 2525 852 2596 οὐδὲν
863 2527 1006 2614 Ἀττικῆς
1015 2537 1131 2607 πενίας
1142 2532 1241 2597 δέον-

231 2655 300 2710 ται,
319 2626 395 2696 ἀλλ’
411 2633 495 2694 ἔνθα
509 2623 614 2704 πολός
631 2625 754 2712 χρυσός
768 2623 790 2713 ή
805 2627 951 2712 ἄργυρος
962 2624 1159 2714 ὀρύττεται,
1175 2633 1242 2695 ἐκεῖ

232 2751 299 2794 που
313 2727 458 2812 ζητητέοι
470 2727 553 2793 είσὶυ
567 2721 655 2810 ἡμῖν,

316 2831 420 2892 ΕΡΜ.
445 2820 582 2892 Οὐκοῦν
597 2819 684 2890 εὐθὺ
699 2830 755 2908 τῆς
770 2825 903 2912 Θρᾴκης
916 2822 1062 2891 ἀπιτέον.

314 2929 448 2990 ΗΡΑΚ.
472 2914 524 2988 Εὐ
540 2924 661 3006 λέγεις,
676 2922 731 2988 καὶ
744 2919 914 3008 ἡγήσομαί
921 2948 959 3008 γε
973 2919 1054 3007 ὑμῖν
1068 2927 1127 3006 τῆς
1138 2918 1240 2988 ὁδοῦ·

231 3019 304 3088 οίδα
318 3019 383 3106 γάρ
399 3018 438 3088 τά
451 3025 594 3108 Θρᾳκῶν
607 3017 739 3086 ἅπαντα
754 3023 913 3106 συχνάκις
926 3019 1090 3088 ἐπελθών.
1113 3026 1175 3086 καί
1185 3045 1243 3103 μοι
1294 3056 1295 3077 ι

231 3119 331 3205 τήνδε
347 3117 410 3205 ήδη
424 3118 636 3202 τραποίμεθα.

315 3223 419 3285 ΕΡΜ.
442 3225 550 3284 Ποίαν
566 3219 687 3302 λέγεις;

315 3323 365 3383 25.
383 3323 517 3383 HPAK.
535 3313 659 3400 Ὁρᾶτε,
676 3309 703 3383 ἀ
713 3315 813 3402 Ἑρμῆ
823 3319 878 3384 καὶ
889 3323 1085 3399 Φιλοσοφία,
1103 3317 1168 3383 δόο
1180 3316 1244 3402 μὲν

232 3412 293 3498 ὀρη
309 3417 445 3499 μέγιστα
457 3416 511 3480 καὶ
522 3414 681 3481 κάλλιστα
695 3411 785 3498 ὀρῶν
796 3411 969 3492 ἁπάντωυς
992 3408 1101 3499 Αἷμός
1117 3417 1189 3480 ἐστι
1203 3411 1241 3482 τό

231 3516 359 3596 μεῖζον,
375 3509 396 3597 ἡ
412 3508 613 3593 καταντικρύ
630 3513 666 3578 δὲ
681 3510 838 3598 Ῥοδόπη,
859 3516 975 3579 πεδίον
992 3509 1027 3578 δὲ
1043 3507 1235 3578 ὑποπεπτα-
