2625 4092
211 267 270 330 274
565 264 897 327 AOYKIANOP-
928 284 931 291 ’

211 432 376 518 μοιχεύων
396 427 499 508 ἀλούς
519 429 607 514 μάλα
635 422 759 503 πολλάς
782 422 910 517 ’πληγάς
930 430 1026 510 έλαβε
1047 427 1101 491 καὶ
1127 427 1211 501 τέλος
1301 478 1302 481 ¹

211 529 293 598 κατὰ
310 536 370 598 τὀῦ
385 530 500 614 τέγους
523 525 686 614 ἁλόμενος
701 528 837 609 διέφυγε
853 525 1013 609 ῥαφανῖδι
1030 521 1092 610 τήν
1107 519 1213 608 πυγήν

137 640 191 694 -δὸθ
211 629 429 714 βεβυσμένος·
444 625 512 692 εἶτα
522 624 697 712 μειράκιόν
707 650 736 689 τι
748 621 872 703 ἀραῖον
884 627 1083 705 διαφθείρας
1094 641 1212 706 τρισχι-
1301 672 1302 717 5

210 735 291 792 λίων
309 725 493 809 ἐξωνήσατο
515 721 604 805 παρά
627 729 694 790 τῶν
709 722 838 805 γονέων
855 727 915 788 τοι)
932 719 1049 800 παιδὸς
1065 720 1212 806 πενήτων
1301 728 1302 731 ’

211 821 318 888 όντων
351 821 395 908 μή
425 824 481 890 ἐπὶ·
508 818 568 889 τόν
594 819 764 906 ἁρμοστήν
791 816 983 904 ἀπαχθῆναι
1014 827 1072 904 τῆς
1101 816 1211 895 Ἀσίας.

212 926 259 988 10.
278 927 380 986 ταῦτα
401 919 512 990 καὶτὰ
534 927 670 989 τοιαῦτα
691 919 802 985 ἐάσειν
819 943 875 1003 μοι
892 921 995 985 δοκεῖ·
1024 915 1131 1002 πηλός
1153 914 1212 1000 γάρ

211 1023 257 1084 ε”τι
272 1015 438 1094 ἄπλαστος
451 1009 495 1103 ήν
510 1019 564 1088 καί
580 1015 712 1084 οὐδέπω
724 1017 852 1093 ἐντελές
863 1012 993 1100 άγαλμα
1007 1013 1088 1101 ἡμῖν
1103 1019 1212 1099 έδεδη-

211 1113 401 1200 μιοόργητο.
431 1112 505 1183 άδέ
525 1114 585 1183 τόν
607 1119 730 1198 πατέρα
753 1119 871 1196 ἔδρασε
892 1116 946 1180 καί
966 1115 1056 1181 πάνυ
1077 1112 1214 1181 ἀκοῦσαι

211 1212 320 1292 ἀξιον·
343 1220 449 1282 καίτοι
465 1216 586 1294 πάντες
601 1225 670 1284 ίστε
681 1217 737 1282 καὶ
752 1211 915 1300 ἀκηκόατε
930 1212 974 1292 ὡς
989 1213 1148 1293 ἀπέπνιξε
1158 1210 1215 1280 τόν

211 1315 350 1397 γέροντα
364 1311 427 1380 οὐκ
447 1311 673 1400 ἀνασχόμενος
687 1312 791 1383 αὐτὸν
809 1313 893 1396 ὑπὲρ
913 1314 1070 1400 ἑξήκοντα
1086 1320 1142 1398 ἔτη
1156 1311 1215 1398 ήδη

211 1417 372 1496 γηρῶντα.
409 1411 476 1480 εἶτα
503 1413 614 1500 ἐπειδή
644 1411 680 1482 τό
710 1421 845 1500 πρᾶγμα
868 1413 1075 1501 διεβεβόητο,
1105 1409 1216 1496 φυγήν

142 1527 194 1579 333
213 1514 334 1577 ἑαυτοῦ
355 1513 577 1603 καταδικάσας
603 1516 768 1580 ἐπλανᾶτο
794 1511 898 1598 ἀλλην
924 1510 1040 1580 ἀλλοτε
1061 1507 1215 1596 ἀμείβων.

213 1615 263 1678 ll.
281 1608 399 1692 ὅτεπερ
414 1615 467 1679 καὶ
484 1612 545 1698 τήν
565 1610 766 1697 θαυμαστήν
786 1620 910 1696 σοφίαν
924 1618 992 1678 τῶν
1009 1617 1218 1690 Χριστιανῶν

109 1740 114 1750 ·
213 1711 350 1793 ἐξέμαθε
366 1714 439 1792 περὶ
453 1710 516 1796 τήν,
527 1719 757 1796 Παλαιστίνην
771 1725 838 1788 τοίς
855 1716 980 1798 ίερεῦσι
997 1715 1051 1778 καὶ
1065 1738 1219 1796 γραμμα-

212 1814 325 1874 τεῦσιν
341 1805 452 1880 αὐτῶν
470 1811 720 1895 ξυγγενόμενος.
745 1813 799 1876 καὶ
814 1816 847 1876 τί
858 1810 941 1893 γάρς
960 1813 997 1876 έν
1012 1817 1129 1896 βραχεῖ
1142 1826 1219 1876 παῖ-

213 1912 270 1982 δας
286 1903 408 1984 αὐτοὺς
424 1905 574 1994 ἀπέφηνε
589 1909 762 1995 προφήτης
779 1912 834 1976 καί
849 1909 1035 1995 θιασάρχης
1048 1913 1102 1977 καὶ
1117 1915 1220 1989 ξυνα-

212 2003 340 2092 γωγεὺς
351 2009 405 2073 καὶ
417 2007 526 2074 πάντα
539 2008 641 2094 μόνος
658 2005 759 2084 αὐτός
777 2006 840 2073 όόν·
864 2011 998 2075 καὶτῶν
1019 2015 1146 2094 βίβλων
1163 2005 1222 2084 τὰς

211 2107 272 2191 μὲν
294 2107 437 2190 ἐξηγεῖτο
459 2109 512 2174 καλ
535 2107 701 2192 διεσάφει,
726 2106 850 2184 πολλάς
872 2108 907 2174 δὲ
927 2105 1028 2183 αὐτὸς
1047 2109 1102 2173 καὶ
1123 2110 1222 2185 ξυνέ-

132 2221 134 2226 ·
211 2229 335 2289 γραφε,
352 2207 405 2270 καὶ
422 2201 465 2281 ὠς
476 2203 561 2273 θεὸν
573 2203 676 2273 αὐτὸν
688 2209 808 2273 ἐκείνοι
822 2203 967 2290 ἡγοῦντο
982 2209 1037 2274 καὶ
1051 2210 1223 2292 νομοθέτῃ

142 2315 194 2370 ³34
214 2305 355 2386 ἐχρῶντο
366 2305 419 2372 καὶ
430 2307 620 2392 προστάτην
631 2309 837 2391 ἐπέγραφον·
852 2301 912 2370 τόν
923 2306 1029 2389 μέγαν
1038 2312 1123 2389 γοῦν
1135 2308 1223 2372 έκεῖ-

212 2429 273 2470 νον
284 2407 330 2468 ἐτι
343 2404 478 2488 σέβουσι
489 2403 549 2470 τόν
558 2404 744 2487 ἄνθρωπον
755 2400 814 2468 τόν
826 2403 862 2469 ἐν
873 2409 912 2490 τῇ
924 2409 1129 2490 Παλαιστίνη
1140 2399 1223 2468 άνα-
1301 2448 1302 2471 τ

211 2504 496 2586 σκολοπισθέντα,
512 2501 562 2570 ότι
575 2502 696 2589 καινήν
710 2501 835 2585 ταύτην
849 2498 983 2586 τελετήν
998 2501 1174 2584 εἰσήγαγεν
1191 2505 1224 2578 ἐς

212 2598 271 2667 τόν
285 2607 369 2686 βίον.
394 2606 442 2668 12.
461 2601 534 2669 τότε
549 2605 588 2688 δή
604 2603 659 2670 καὶ
673 2603 879 2685 συλληφθεὶς
894 2602 945 2666 ἐπὶ
961 2599 1067 2688 τούτῳ
1083 2597 1101 2666 ὁ
1117 2608 1223 2683 Πρω·

212 2699 288 2778 τεός
302 2703 457 2767 ἐνέπεσεν
474 2706 519 2778 είς
533 2699 569 2768 τὸ
587 2698 827 2786 δεσμωτήριον,
844 2695 926 2780 ὅπερ
940 2700 994 2765 καὶ
1009 2696 1091 2765 αὐτὸ
1107 2697 1150 2765 οὐ
1165 2725 1223 2784 μι-

213 2796 297 2882 κρὸν
318 2795 407 2888 αὐτῷ
424 2796 549 2885 ἀξίωμα
566 2805 776 2882 περιεποίησε
796 2793 879 2879 πρὸς
896 2793 956 2862 τόν
976 2799 1047 2880 ἑξής
1068 2804 1145 2883 βίον
1166 2800 1224 2865 καὶ

213 2895 274 2982 τήν
290 2904 462 2977 τερατείαν
476 2899 530 2965 καὶ
545 2903 759 2977 δοξοκοπίαν,
776 2887 925 2976 ἀνέρων
941 2898 1130 2981 ἐτύγχανεν.
1152 2901 1222 2965 ἐπεὶ

214 2993 246 3062 δ’
265 2987 328 3060 οὖν
349 2999 490 3076 ἐδέδετο,
517 3001 551 3063 οί
564 2998 757 3080 Χριστιανοὶ
773 2994 954 3081 συμφοράν
969 2999 1168 3083 ποιούμενοι
1184 2998 1222 3064 τὸ

213 3103 349 3179 πρᾶγμα
376 3096 484 3161 πάντα
507 3099 641 3162 ἐκίνουν
668 3096 848 3179 ἐξαρπάσαι
879 3096 1079 3179 πειρώμενοι
1105 3093 1221 3162 αὐτόν.

144 3209 194 3264 335
215 3192 272 3261 εἶτ’
289 3195 358 3262 ἐπεὶ
373 3202 471 3260 τοῦτο
486 3187 529 3279 ήν
547 3191 733 3279 ἀδύνατον,
753 3192 826 3280 ἥγε
849 3190 932 3278 άλλη
952 3201 1116 3275 θεραπεία
1131 3204 1223 3260 πᾶσα

213 3291 254 3358 οὐ
266 3295 456 3378 παρέργως,
474 3290 556 3359 ἀλλά
569 3290 634 3358 σύν
646 3298 776 3380 σπονδῇ
787 3297 948 3378 ἐγίγνετο·
971 3293 1026 3358 καὶ
1036 3292 1148 3358 ἕωθεν
1158 3295 1223 3377 μὲν

214 3388 318 3467 εὐθὺς
332 3382 376 3475 ἦν
386 3389 472 3472 ὁρᾶν
483 3389 571 3472 παρά
584 3398 628 3478 τῷ
639 3397 850 3481 δεσμωτηρίῳ
862 3395 1084 3478 περιμένοντα
1098 3393 1222 3479 γρᾴδια

213 3487 314 3571 χήρας
335 3485 428 3565 τινάς
449 3491 503 3556 καὶ
525 3493 639 3554 παιδία
663 3487 813 3572 ὀρφανά,
839 3493 872 3555 οί
892 3491 928 3555 δὲ
950 3491 985 3554 ἐν
1003 3491 1089 3555 τέλει
1108 3487 1221 3553 αὐτῶν
