2625 4092
411 328 531 384 ΠΕΡΙ
553 328 648 386 TOY
668 327 830 386 OIKOY.
1060 327 1120 388 189

114 483 175 552 τόν
185 481 306 569 ούδόυ,
324 484 441 577 άθρόμ
455 494 502 574 τῷ
513 486 625 554 κάλλει
637 490 828 571 περιχυθεὶς
842 487 952 571 λόγων
963 489 1024 572 μὲν
1035 490 1120 554 ἐκεί-
1218 495 1220 506 “

112 607 186 648 νων
200 579 222 667 ή
241 578 431 665 ἀκροάσεως
447 581 519 651 ἀλλ’
539 581 618 649 οὐδὲ
632 581 694 667 τήν
710 581 814 668 άρχήν
831 582 960 666 ,μύοντι
976 591 1117 670 ἒοικεν,“

112 678 243 766 &nom
259 677 343 763 πρὸς
357 695 425 758 τοῖς
439 679 621 765 ὁρωμένοις
635 685 739 764 ἐστίν,
758 688 787 748 εί
803 680 846 768 μή
863 682 955 767 τύχοι
969 709 1018 760 τις
1033 707 1119 748 καν-

112 784 215 854 τελως
230 775 357 862 τυφλός
374 773 422 844 τόν
441 773 464 863 ἢ
484 781 521 844 ἐν
537 780 632 845 νυκτὶ
648 777 758 861 ὥσπερ
776 778 796 864 ή
814 783 846 860 ἐξ
866 779 992 863 Ἀρείου
1007 779 1119 865 πάγον

113 871 220 958 βουλή
235 887 362 941 ποιοῖτο
378 873 439 959 τήν
454 872 625 956 άκρόασιν.
648 881 697 943 19.
716 876 766 944 ὅτι
783 875 848 962 γάρ
863 876 925 944 οὐκ
940 876 1118 962 άξιόμαχον

115 972 226 1055 λόγων
235 967 327 1056 ἰσχύς
338 969 413 1051 όψει
423 969 715 1058 ἀνταγωνίσασθαι
727 975 782 1043 καὶ
794 972 811 1040 ὁ
823 975 998 1061 Σειρήνων
1010 982 1119 1062 μῦθος

114 1070 311 1152 παρατεθεὶς
332 1075 377 1155 τῷ
394 1070 468 1153 περὶ
487 1077 555 1136 τῶν
570 1070 752 1156 Γοργόνων
768 1072 930 1152 διδάξειεν
945 1070 1002 1137 άν·
1034 1073 1118 1137 έκελ-
1137 1077 1184 1130 201

112 1193 171 1234 ναι
181 1169 243 1252 μὲν
253 1166 318 1251 γάρ
333 1167 476 1253 ἐκήλουν
489 1165 567 1245 τούς
581 1171 831 1254 παραπλέοντας
844 1171 1051 1258 μελῳδοῦσαι
1064 1169 1119 1235 καὶ

114 1267 357 1332 κολακεύουσαι
374 1279 442 1342 τοίς
457 1263 578 1353 ᾅσμασι
593 1269 647 1334 καὶ
664 1266 954 1343 καταπλεύσαντας
966 1268 1017 1332 ἐπὶ
1032 1263 1118 1333 πολύ

114 1377 283 1448 κατεῖχον.
299 1366 354 1431 καί
370 1363 455 1441 ὅλως
470 1359 507 1429 τό
523 1369 622 1449 ἔργον
637 1365 750 1433 αὐτῶν
767 1365 873 1432 ἐδεῖτό
886 1391 976 1442 τινος
991 1368 1118 1445 διατρι-

113 1469 191 1547 βῆς,
213 1470 271 1528 καί
282 1463 350 1528 πού
368 1488 418 1539 τις
430 1459 533 1539 αύτάς
554 1464 608 1529 καὶ
624 1465 832 1545 παρέπλευσε
847 1465 902 1530 καὶ
921 1470 982 1530 τοῦ
999 1465 1119 1546 μέλους

114 1559 324 1646 παρήκουσε·
346 1558 383 1627 τό
399 1562 434 1627 δέ
449 1567 518 1626 τῶν
528 1560 711 1644 Γοργόνων
725 1561 846 1638 κάλλος
859 1558 915 1626 ἅτε
928 1558 1120 1645 βιαιότατόν

114 1683 149 1724 τε
171 1652 212 1722 όν
231 1659 284 1724 καὶ
307 1671 375 1734 τοῖς
397 1658 627 1739 καιριωτάτοις
645 1665 704 1744 τῆς
724 1667 829 1744 ψυχῆς
852 1656 992 1743 ὁμιλοῦν
1015 1653 1120 1732 εύθύς

115 1759 221 1838 ἐξίστη
237 1753 315 1832 τούς
331 1755 462 1832 ἰδόντας
477 1757 532 1822 καὶ
547 1753 706 1840 άφοίνους
723 1759 839 1839 ἐποίει,
865 1754 908 1833 ὡς
924 1753 960 1821 δέ
976 1751 993 1822 ό
1010 1759 1121 1837 μῦθος

114 1852 270 1939 βούλεται
285 1857 339 1920 καὶ
355 1856 498 1938 λέγεται,
520 1860 645 1920 λίθινοι
666 1856 836 1939 ἐγίγνοντο
855 1849 919 1921 άπδ
936 1851 1119 1936 θαύματος.

116 1950 202 2018 ὥστε
216 1956 269 2018 καὶ
284 1949 325 2019 ὃν
341 1950 425 2035 ύπέρ
441 1959 501 2019 τοῦ
515 1979 583 2019 ται
600 1954 703 2037 λόγον
719 1951 787 2020 εἶπε
801 1949 884 2035 πρὸς
900 1950 985 2038 ὑμεῖς
998 1946 1120 2036 μικρόν

115 2055 316 2133 ἔμπροσθεν,
328 2047 412 2135 ὑπὲρ
424 2053 569 2134 ἐμαυτοῦ
579 2056 731 2134 εἰρῆσθαι
744 2055 881 2135 νομίζω·
896 2046 1023 2134 καὶγὰρ
1035 2051 1121 2114 ἐκεί-

115 2172 180 2212 νου
197 2150 234 2213 έν
252 2153 293 2234 τῇ
310 2144 403 2231 όύει,
424 2145 486 2214 οὐκ
503 2149 540 2214 έν
559 2155 599 2235 τή
614 2156 712 2236 φωνή
727 2147 763 2215 τὸ
779 2147 933 2229 τερπνόν.
964 2149 1018 2213 καί
1035 2155 1068 2213 εί
1082 2148 1122 2229 γέ

114 2272 165 2323 τις
175 2247 470 2332 παραστησάμενος
485 2246 547 2334 τήν
562 2246 690 2334 άήδόνα
704 2245 726 2334 ἦ
740 2247 799 2316 τόν
812 2249 940 2316 κύκνον
954 2246 1049 2337 ᾅδειν
1063 2272 1121 2312 κε-

115 2346 225 2431 λεύοι,
244 2345 365 2432 μεταξύ
376 2347 412 2415 δέ
422 2345 576 2436 ᾀδόντων
591 2350 795 2430 παραδείξειε
809 2343 869 2414 τόν
884 2341 952 2413 ταοδ
965 2351 1120 2411 σιωπῶν-

114 2471 171 2520 τα,
195 2437 233 2511 εύ
252 2443 314 2512 οἶδῗ
337 2444 388 2513 ότι
404 2443 457 2514 ἐπ’
479 2450 607 2514 ἐκείνου
626 2442 881 2532 μεταβήσεταιή
903 2442 990 2532 ψυχή
1011 2439 1120 2528 μακρά

115 2549 243 2629 χαίρειν
257 2544 415 2628 φράσασα
434 2559 503 2623 τοῖς
526 2547 663 2612 ἐκείνων
684 2543 837 2632 ᾄσμασιν.
870 2540 975 2619 οὕτως
992 2540 1121 2627 ἄμαχόν

115 2669 147 2709 τι
163 2649 271 2710 ἐοικεν
282 2641 366 2710 εἶναι
377 2641 398 2728 ἡ
410 2641 453 2710 δι’
468 2640 701 2728 ὅψεωςήδονή.
725 2647 776 2708 20.
794 2643 848 2708 καὶ
861 2644 978 2724 ἔγωγε,
998 2645 1027 2706 εί
1036 2638 1121 2725 βού-

116 2749 234 2823 λεσθε,
256 2742 409 2826 μάρτυρα
429 2739 509 2826 ὑμίν
532 2741 783 2825 παραστήσομαι
804 2737 913 2824 σοφόν
934 2737 1058 2821 άνδρα,
1084 2734 1121 2814 ὃς

115 2837 234 2906 αὐτίκα
251 2864 307 2924 μοι
322 2841 524 2925 μαρτυρήσει
540 2836 584 2917 ὡς
598 2836 685 2906 πολύ
700 2837 953 2920 ἐπικρατέστερά
970 2838 1037 2903 ἐστι
1052 2843 1120 2902 των

115 2935 333 3022 α’κουομένων
349 2936 388 3004 τά
406 2936 569 3023 ὁροόμενα.
598 2944 656 3005 καί
668 2961 724 3022 μοι
735 2933 778 3003 σύ
791 2933 884 3022 ήδηὸ
901 2942 1003 3024 κῆρυξ
1019 2960 1120 3017 προς-

115 3038 209 3103 κάλει
223 3033 328 3102 αύτδυ
341 3034 521 3116 Ἡρόδοτον
537 3037 651 3116 Λύξου
659 3034 959 3117 Ἁλικαρνασόθεν·
981 3031 1120 3119 κάπειδὴ

116 3141 224 3210 καλῶς
241 3141 348 3201 ποιῶν
362 3132 549 3218 ὑπήκουσε,
566 3139 771 3219 μαρτυρείτω
785 3131 974 3216 παρελθόν.
999 3131 1120 3200 άναδέ-
1138 3145 1190 3197 202

115 3238 220 3312 ξοσθε
236 3234 272 3299 δὲ
295 3230 398 3299 αύτόν
417 3231 511 3300 Ἰαστὶ
531 3230 614 3313 πρδς
634 3229 722 3316 ὑμᾶς
740 3234 879 3316 λέγοντα
903 3230 1013 3317 ὥσπερ
1031 3229 1120 3320 αύτῷ

116 3338 205 3408 ἔθος.
226 3327 367 3416 Ἀληθέα
380 3330 459 3398 τάδε
473 3328 491 3396 ὁ
507 3332 607 3415 λόγος
619 3327 718 3413 ὑμῖν,
734 3326 855 3411 ἄνδρες
871 3334 1037 3414 δικασταί,
1055 3354 1122 3414 μυ·

114 3432 229 3496 θέεται
249 3434 308 3496 καί
322 3434 356 3497 οί
372 3437 528 3497 πείσεσθε
545 3428 606 3496 ὅσα
629 3423 672 3494 άν
690 3431 768 3512 λέγῃ
787 3430 932 3496 τουτέων
947 3430 1022 3510 πέρι
1041 3422 1122 3506 όῦιν

115 3525 218 3613 ἀκοῆς
231 3531 433 3612 προτιμέων·
465 3520 531 3595 ὦτα
546 3524 611 3612 γάρ
632 3526 787 3612 τυγχάνει
810 3526 906 3594 ἐόντα
923 3523 1121 3608 άπιστότερα
