2625 4092
383 300 503 360 ΠΕΡΙ
519 254 768 361 ΠΕΝόΟΤΣ.
1037 295 1079 361 83

70 456 153 543 πρὸς
168 458 268 543 Διός,
292 456 351 527 έάν
369 460 448 547 λέγη
462 466 565 527 ταῦτα
588 456 606 525 ὁ
628 456 747 543 νεκρός
764 460 974 543 ἐπιστραφεὶς
994 455 1078 524 ἀνα-ι
1097 476 1150 531 932

69 563 185 632 κλίνας
200 553 305 624 αὑτὸν
320 553 372 623 ἐπ’
394 553 559 640 ἀγκῶνος,
582 554 644 623 οὐκ
663 550 706 621 ἀν
723 555 872 640 οἰόμεθα
888 556 1078 623 δικαιότατα

69 649 114 719 ἀν
132 650 238 719 αὐτόν
260 658 381 735 είπεῑνς
409 650 480 720 ἀλλ’
504 652 594 739 ὅμως
614 658 648 721 οί
667 653 799 738 μάταιοι
819 656 874 719 καί
895 659 999 739 βοῶσι
1024 654 1079 721 καλ

70 752 365 836 μεταστειλάμενοί
382 777 456 817 τινα
476 749 618 837 θρήνων
634 748 799 835 σοφιστὴν
819 746 943 827 πολλάς
964 772 1079 818 συνει-

70 847 189 933 λοχότα
206 846 348 926 παλαιάς
368 848 544 934 συμφοράς
566 848 675 938 τούτῳ
691 856 924 935 συναγωνιστῇ
947 849 1002 915 καὶ
1020 874 1079 934 χο-

70 954 163 1034 ρηγῶ
177 953 235 1033 τῆς
256 943 371 1025 ἀνοίας
386 955 630 1033 καταχρῶνται,
653 944 741 1013 ὁποῖ’
758 944 802 1012 ἀν
816 950 940 1024 ἐκεῖνος
961 949 1079 1035 έξάρχη

71 1042 155 1130 πρὸς
167 1042 209 1127 τό,
225 1047 322 1131 μέλος
336 1048 554 1127 ἐπαιάζοντες,
578 1052 628 1127 λλ.
645 1048 700 1114 καὶ
716 1048 810 1131 μέχρι
824 1049 886 1131 μὲν
903 1046 1044 1132 θρήνων
1060 1041 1078 1113 ό

69 1140 170 1220 αύτός
191 1141 293 1212 άπασι
310 1146 413 1230 νόμος
434 1153 491 1229 της
510 1143 716 1232 ἀβελτερίας·
749 1140 785 1211 τό
810 1145 846 1211 δὲ
867 1142 932 1210 ἀπό
956 1143 1079 1210 τούτου

69 1241 257 1326 διελόμενοι
277 1240 360 1310 κατά
375 1248 460 1328 ἔθνη
475 1241 533 1320 τάς
549 1241 657 1328 ταφάς
672 1241 690 1309 ὁ
707 1243 769 1328 μὲν
784 1241 905 1329 Ἕλλην
926 1248 1079 1321 ἔκαυσεν,

69 1337 87 1407 ὁ
110 1339 147 1408 δὲ
167 1344 298 1427 Πέρσης
315 1345 460 1421 έθαψεν.
484 1338 556 1407 ὁδὶ
574 1337 676 1418 Ἰνδός
699 1338 791 1432 ὑάλῳ
809 1350 984 1427 περιχρίει,
1007 1337 1079 1407 όδδ

67 1437 213 1523 Σκύθης
226 1445 412 1521 κατεσθίει,
426 1438 590 1525 ταριχεύει
607 1440 643 1506 δὲ
658 1436 675 1506 ὁ
689 1440 884 1525 Αἰγύπτιος·
909 1430 1007 1516 οὗτος
1017 1441 1078 1522 μέν

67 1563 107 1622 γε
123 1576 163 1587 «-
179 1540 264 1622 λέγω
285 1534 318 1604 δ’
338 1538 421 1605 ίδῶν
436 1578 475 1587 -
491 1539 636 1624 ξηράνας
656 1536 716 1605 τόν
732 1536 855 1618 νεκρόν
877 1538 1079 1618 ξύνδειπνον

68 1636 124 1701 καλ
140 1633 312 1720 ξυμπότηυ
325 1636 518 1722 ἐποιήσατο·
540 1636 700 1713 πολλάκις
716 1634 751 1702 δὲ
763 1636 817 1701 καλ
835 1636 982 1720 δεομένω
999 1658 1081 1716 χρη-

67 1729 184 1815 μάτων
205 1728 301 1814 ἀνδρλ
317 1738 489 1820 Αίγυπτίω
511 1738 607 1800 ἔλυσε
627 1730 688 1817 τὴν
710 1729 854 1815 ἀπορίαν
876 1732 1034 1814 ἐνέχυρον
1057 1723 1077 1813 ἦ
1097 1739 1149 1794 9ae

68 1826 249 1912 όάδελγός
264 1825 322 1916 ἢό
344 1829 452 1917 πατὴρ
467 1833 505 1898 έν
524 1837 630 1920 καιρῷ
653 1830 843 1916 γενόμενος.
877 1834 928 1897 λλ.
944 1827 1078 1914 χῶματα

68 1927 132 2011 μὲν
147 1924 212 2011 γάρ
224 1928 278 1995 καὶ
291 1934 473 2013 πυραμίδες
485 1931 538 1997 καλ
553 1936 669 2015 στῆλαι
684 1930 738 1997 καὶ
750 1927 980 2013 ἐπιγράμματα
995 1921 1078 2011 πρὸς

67 2021 185 2109 ὀλίγον
198 2030 399 2107 διαρκοῦντα
411 2035 480 2105 πῶς
495 2026 537 2095 ού
552 2027 686 2111 περιττά
701 2031 756 2096 καὶ
766 2032 911 2104 παιδιαῖς
922 2044 1080 2108 προσεοι-

65 2122 166 2199 κότας
187 2128 236 2190 23.
256 2132 364 2193 καίτοι
379 2128 433 2193 καὶ
454 2124 585 2211 ἀγῶνας
603 2132 685 2194 ένιοι
706 2129 864 2194 διέθεσαν
884 2125 940 2192 καὶ
957 2121 1079 2208 λόγους

66 2223 265 2305 ἐπιταφίους
275 2220 369 2290 εἶπον
377 2227 429 2292 ἐπὶ
438 2232 506 2293 τῶν
516 2228 699 2312 μνημάτων
709 2224 820 2308 ῶσπερ
831 2224 1078 2310 συναγορεύον-

64 2346 117 2398 τες
132 2315 418 2405 ἧμαρτυροῦντες
428 2323 518 2411 παρά
530 2340 598 2403 τοϊς
612 2326 701 2392 κάτω
713 2330 881 2403 δικασταῖς
896 2331 943 2414 τῷ
957 2329 1076 2412 νεκρῷ.

66 2428 118 2487 24.
143 2423 196 2487 ἐπὶ
224 2429 304 2488 πᾶσι
327 2422 459 2503 τούτοις
482 2422 518 2493 τό
548 2431 763 2511 περίδειπνον
786 2426 841 2491 καί
865 2423 1021 2509 πάρεισιν
1045 2425 1081 2489 oc

65 2520 295 2605 προσηκοντες
311 2522 366 2589 καὶ
382 2519 461 2601 τούς
477 2528 596 2609 γονέας
610 2531 892 2609 παραμυθοῦνται
910 2529 972 2590 τοῦ
990 2547 1079 2589 τετε·
1167 2516 1169 2520 ’

66 2621 269 2704 λευτηκότος
284 2623 339 2687 καὶ
358 2628 517 2690 πείθουσι
538 2623 726 2709 γεύσασθαι
741 2620 804 2691 οῦκ
825 2620 935 2707 ἀηδῶς
948 2618 993 2707 μά
1011 2626 1078 2687 Δία

68 2715 146 2785 οὐδ’
165 2715 288 2797 αύτούς
301 2716 602 2807 ἀναγκαζομένους,
618 2720 700 2790 ἀλλά
711 2720 775 2807 ἤδη
786 2718 852 2787 ὑπό
865 2727 966 2805 λιμοῦ
975 2724 1079 2804 τριῶν

65 2820 141 2904 ἑξῆς
164 2816 298 2903 ἡμερῶν
320 2816 563 2906 ἀπηυδηκότας.
602 2829 672 2904 καί,
700 2823 809 2905 Μέχρι
833 2823 895 2905 μὲν
920 2824 1025 2901 τίνος,

66 2908 184 3000 οὗτος,
207 2913 418 3003 ἀδυρόμεθας
440 2925 541 2987 ε”ασον
564 2918 826 2987 ἀναπαύσασθαι
841 2915 919 2996 τοῦς
936 2923 997 2983 τοῦ
1012 2942 1078 3001 μα·
1096 2928 1147 2981 934

66 3024 208 3099 καρίτου
225 3021 399 3103 δαίμονας·
424 3024 454 3086 εί
466 3020 502 3087 δὲ
516 3022 571 3093 καὶ
587 3018 624 3087 τό
640 3019 801 3103 παράπαν
812 3016 927 3086 κλάειν
938 3018 1078 3102 διέγνω-

66 3142 145 3201 κας,
177 3114 282 3186 αὐτοῦ
303 3143 341 3202 γε
367 3118 490 3186 τούτου
513 3122 615 3190 ’ἕνεκα
638 3117 700 3204 χρὴ
724 3117 770 3205 μη
798 3117 957 3185 ἀπόσιτον
982 3114 1078 3199 εἶναι,

66 3218 123 3282 ἵνα
142 3216 197 3283 καλ
220 3220 395 3305 διαρκέσῃς
415 3217 499 3299 πρὸς
522 3228 583 3288 τοῦ
598 3222 748 3295 πένθους
765 3215 801 3284 τὸ
825 3218 975 3302 μέγεθος.
1005 3215 1078 3282 τότε

67 3312 108 3401 δὴ
130 3315 204 3383 τότε
224 3318 460 3402 ῥαψωδοῦνται
484 3316 566 3401 πρός
589 3317 750 3385 ἀπάντων
771 3316 835 3384 δύο
854 3322 914 3382 τοῦ
930 3313 1078 3400 Ὁμήρου

67 3424 187 3502 στίχοι·
289 3460 291 3469 =

154 3519 208 3583 καὶ
222 3517 286 3601 γάρ
302 3516 331 3582 τ’
347 3515 495 3604 ηῦκομος
511 3520 623 3605 Νιόβη
639 3518 803 3604 ἐμνήσατο
823 3524 940 3669 σίτοὲχ
993 3586 997 3591 ,
