2625 4092
325 299 589 361 ETAfflKOI
608 299 866 357 ΔΙΑΛΟΓΟΙ.
1035 295 1094 358 261

89 475 190 528 κυῖαν
204 463 256 528 ἐπὶ
265 467 340 545 σοί,
358 459 431 545 ἀρτι
446 461 507 546 μέν
521 467 673 547 Λυκαίνῃ
684 462 899 539 προσέπαιζες
911 461 994 544 ἐμοῦ
1009 456 1097 539 δροί-Ι

89 581 166 642 σης,
183 555 226 636 ὡς
242 566 380 644 λυποίης
396 561 454 644 ἐμέ
458 610 466 640 ,
480 557 555 640 ἀρτι
568 560 603 624 δέ
614 556 679 624 σύν
691 559 762 640 ἐμοὶ
772 564 1005 640 κατακείμενος
1015 559 1096 648 ἐπῄ·

89 683 158 736 νεις
170 661 339 743 Μαγίδιον
349 655 410 742 τὴν
422 658 600 739 ψάλτριαν·
624 654 688 742 ἐγύ
700 655 733 721 δ’
749 658 800 723 ἐπὶ
815 657 945 734 τούτοις
959 657 1097 740 δακρύω

89 759 143 821 καί.
169 761 304 841 συνίημι
329 753 535 842 ὑβριζομένη.
570 755 688 843 πρηίην
710 755 747 820 δέ
773 751 873 820 ὁπότε
888 759 1095 821 Υσυνεπίνετε
1131 792 1134 797 ,

91 855 234 938 Θράσων
253 856 307 921 καὶ
331 853 372 920 σύ
395 855 448 920 καὶ
470 857 628 938 Δίφιλος,
655 859 814 943 παρῆσαν,
829 849 921 938 καλή
941 849 1097 938 αὐλητρὶς

92 949 288 1039 Κύμβάλιον
302 955 355 1021 καί
371 956 540 1037 Πυραλλὶς
556 949 659 1036 έχδρά
680 945 766 1017 οὖσα
781 954 861 1036 ἐμοί.
891 947 935 1017 σύ
952 950 988 1018 δὲ
1003 946 1095 1017 τοῦτ’

90 1051 185 1130 εἰδώς
199 1053 260 1139 τὴν
271 1054 469 1139 Κυμβάλιον
484 1054 545 1137 μὲν
557 1050 599 1118 οὔ
610 1078 667 1137 μοι
677 1052 769 1117 πάνυ
780 1053 937 1137 ἐμέλησεν
951 1048 1002 1117 ὅτι
1012 1075 1096 1144 ,πευ-

89 1151 181 1227 τάκις
202 1154 383 1236 ἐφίλησας·7
402 1146 625 1234 σεαύτδνγάρ
645 1146 775 1236 ὕβριζες
794 1149 953 1238 τοιαύτην
969 1142 1095 1233 φιλῶν·

88 1246 339 1333 Πυραλλίδα-δέ
359 1247 442 1316 ὅσον
462 1251 636 1330 ἐνένευες,
654 1250 707 1313 καὶ
728 1244 817 1337 πιών
838 1240 881 1313 ἀν
903 1248 1012 1334 ἐκείνη
1033 1246 1096 1331 μδν

89 1343 259 1426 ὑπέδειξας
274 1344 310 1413 τό
327 1345 502 1432 ποτήριον,
525 1341 706 1422 ἀποδιδούς
728 1344 764 1411 δὲ
780 1351 825 1432 τῷ
841 1337 933 1411 παιδί
954 1343 1038 1428 πρὸς
1056 1340 1094 1410 τδ

88 1435 148 1521 οὖς
176 1445 339 1528 ἐκέλευες,
368 1449 398 1511 εί
421 1442 465 1528 μὴ
484 1444 652 1529 Πυραλλὶς
678 1443 836 1527 αἰτήσειε,
868 1441 912 1527 μη
935 1437 978 1508 ἀν
1005 1439 1095 1531 ἀλλφ

89 1545 211 1626 ἐγχέαι·
235 1545 326 1619 τέλος
343 1542 379 1608 δέ
394 1550 455 1629 τοῦ
472 1537 909 1626 μήλου’ἀποδακύν,’ὁπότε
921 1540 980 1607 τὸν
990 1532 1095 1623 Δίφιῖ

89 1648 149 1707 λον
162 1637 245 1717 εἶδες
262 1637 509 1725 ἀσχολούμενον
525 1679 565 1688 -
580 1639 689 1706 ἐλάλει
704 1635 769 1723 γάρ
782 1638 939 1722 Θράσωνι
955 1647 995 1689 -·’
1010 1660 1094 1721 προ-·

89 1739 198 1817 κύψας
209 1763 278 1816 πως
288 1737 450 1824 εὐστόχως
461 1739 723 1824 προσηκόντισας
734 1740 766 1816 ἐς
775 1734 835 1804 τόν
846 1739 974 1806 κόλπου
983 1736 1094 1824 αύτης,

88 1834 165 1904 οὐδὲ
189 1846 359 1924 λαθεῖνγε
375 1839 580 1922 πειρώμενος
594 1839 668 1922 ἐμέ·
695 1864 715 1922 η
733 1837 768 1905 δὲ
784 1836 952 1923 φιλήσασα
970 1835 1093 1923 μεταξύ
1110 1846 1164 1903 ³12

87 1941 155 2001 τῶν
175 1942 310 2018 μαστῶν
335 1933 399 2001 ὑπὸ
422 1943 466 2024 τῷ
489 1932 664 2024 ἀποδέσμῳ
685 1936 906 2020 παρεβύσατο.
939 1941 969 2002 2.
991 1941 1093 2002 ταῦτα

87 2027 151 2100 ούν
167 2040 256 2110 τίνος
271 2035 367 2100 ἕνεκα
388 2047 507 2112 ποιείςς
528 2040 562 2100 τί
574 2029 646 2119 σεῆ
663 2037 746 2119 μέγα
760 2029 783 2119 ἢ
799 2030 921 2118 μικρὸν
941 2031 1092 2120 ἠδίκησα,

86 2127 271 2217 ἢέλύπησα
293 2132 374 2215 ἐγύς
401 2139 473 2200 τίνα
493 2134 606 2212 ἕτερον
627 2130 736 2212 είδονς
764 2130 806 2199 ού
828 2129 912 2216 πρός
933 2130 1094 2218 μόνονσέ

6 2265 8 2314 f
87 2234 145 2308 ζόη
166 2226 207 2296 ού
219 2233 319 2315 μέγα,
336 2222 497 2315 ύΛυσία,
514 2238 612 2297 τοῦτο
623 2244 728 2307 ποιεῖς
739 2230 882 2314 γύναιον
898 2228 1021 2298 ἀδλιον
1032 2238 1094 2296 λυ-

86 2334 161 2394 πάν
176 2327 322 2413 μεμηνὸς
337 2330 388 2396 ἐπὶ
402 2335 470 2409 σοίς
493 2335 560 2396 ἐστι
575 2356 624 2408 τις
643 2327 757 2416 θεδςὴ
779 2328 966 2414 Ἀδράστεια
982 2333 1035 2396 καί
1053 2328 1093 2396 τά

64 2431 220 2493 ’τοιαῦτα
243 2424 322 2515 ὁρᾷ·
352 2427 395 2494 σὺ
413 2431 451 2495 δέ
465 2451 544 2496 ποτε
565 2427 699 2515 λυπηση
715 2429 811 2513 τάχα,
836 2426 880 2496 ἀν
901 2428 1047 2516 ἀκούσης
1062 2455 1092 2495 τι

84 2527 160 2608 περὶ
173 2527 265 2611 ἐμοῦ,
282 2530 437 2611 κειμένην
449 2553 489 2612 με
500 2525 572 2612 ἤτοι
581 2528 693 2616 βρόχῳ
705 2527 851 2614 ἐμαυτὴν
862 2527 1093 2608 ἀποπνίξασαν

24 2653 28 2660 ·
84 2624 155 2710 ἢές
176 2622 212 2690 τὸ
235 2627 342 2709 φρέαρ
363 2627 413 2692 ἐπὶ
434 2623 583 2710 κεφαλὴν
598 2627 824 2710 ἐμπεσοῦσαν,
844 2625 865 2715 ἦ
887 2631 946 2695 ἕνα
966 2630 1006 2714 γέ
1018 2655 1093 2694 τινα

83 2722 211 2804 τρόπον
232 2719 365 2808 εὑρήσω
381 2726 558 2806 θανάτου,
583 2721 627 2800 ύς
643 2722 758 2808 μηκέτ’
777 2728 948 2812 ἐνοχλοίην
969 2733 1094 2814 βλεπο-Ι

84 2824 176 2906 μένη.
195 2820 407 2905 πομπεύσεις
428 2822 501 2889 τότε
520 2819 564 2898 ὡς
581 2825 664 2907 μέγα
685 2825 738 2888 καὶ
754 2827 907 2909 λαμπρόν
922 2831 1022 2911 έργον
1034 2828 1099 2906 έρ-’ψ

84 2920 281 3004 γασάμενος.
306 2927 339 2987 τί
351 2947 391 3006 με
407 2919 607 3008 ὑποβλέπεις
621 2923 675 2988 καὶ
695 2930 774 3010 πρίη
790 2921 869 3000 τούς
885 2921 1042 3007 ὀδόνταςς
1064 2930 1095 2992 εί
1168 2939 1171 2945 “

82 3017 148 3104 γάρ
166 3023 205 3085 τι
217 3021 380 3103 ἐγκαλεῖς,
402 3025 488 3102 σίπε,
508 3018 645 3097 Πυθιάς
659 3020 739 3105 ημῖν
754 3019 839 3106 αὕτη
857 3023 1032 3090 δικασάτω.
1062 3030 1097 3090 τί

82 3125 200 3197 ταύτας
216 3113 295 3185 οὐδὲ
305 3115 571 3204 ἀποκρινάμενος
586 3117 913 3207 άπέρχηκαταλιπάν
924 3149 979 3206 με;
1000 3120 1092 3211 ὁρᾷς,
1116 3151 1121 3163 ²
1137 3123 1140 3165 3

83 3209 111 3283 τό
127 3216 277 3300 Πυθιάς,
295 3212 347 3285 οἷα
365 3219 480 3304 πάσχω
495 3217 560 3285 ὑπὸ
578 3225 727 3299 Λυσίου;

168 3322 269 3384 Ilm.
285 3313 327 3384 Ὢ
338 3322 396 3402 τῆς
408 3315 617 3403 ἀγριότητος,
633 3315 670 3385 τό
681 3323 763 3405 μηδὲ
775 3324 1015 3408 ἐπικλασθῆναι
1032 3324 1093 3387 δα-
1209 3340 1212 3344 “

82 3415 268 3498 κρυούσης·
297 3419 414 3498 λίθος,
430 3413 492 3482 ούιι
512 3414 695 3500 ἄνθρωπός
711 3419 786 3484 ἐστι.
816 3417 904 3505 πλὴν
920 3417 993 3487 ἀλλ’
1012 3429 1045 3486 εί
1054 3443 1094 3503 γε

83 3510 145 3595 χρὴ
167 3511 309 3598 τάληθές
331 3521 450 3598 εἰπεῖν,
477 3513 535 3598 σύ,
563 3508 588 3582 ά
611 3513 751 3597 Ἰόεσσα,
779 3520 973 3601 διέφθειρας
987 3513 1092 3584 αὐτόν
