2625 4092
240 271 303 340 376
577 324 580 327 -
603 280 891 341 AOYKIANOY
922 275 926 279 ⁴

240 444 394 522 θρασέως
414 439 670 525 ἐξαναστάντας,
691 436 760 509 εἶτα
775 439 960 526 πτήξαντας
974 436 1038 507 οὐκ
1053 445 1101 519 εἰς
1117 437 1239 527 μακράν

240 541 336 624 δίκην
350 544 419 603 τῶν
430 541 584 605 δειλινιδν
598 537 816 624 πνευμάτων,
831 535 957 605 καὶτὸν
967 538 1110 605 άπιστον
1120 536 1239 619 ‘sted-

239 639 318 723 δην,
335 633 397 703 τόν
414 630 540 720 άφιλον
555 637 785 722 δημοκόλακα,
809 633 869 702 τόν
884 632 985 704 οὐδὲν
998 633 1140 721 αἰσχρόν
1154 643 1239 721 νομί-

239 752 343 825 σαντα
355 741 510 823 κολακεία
519 742 581 802 τοῦ
593 734 745 819 πλήθους
756 740 1008 819 συκοφαντήσαι
1019 736 1239 819 Δημοσθένην

239 828 313 899 οὐδ’
332 828 438 899 αὑτὸν
456 837 501 910 ελς
516 838 619 899 ταῦτα
641 842 822 915 παρασχεῖν
837 830 997 899 διάκονον
1012 828 1067 916 ἐφ’
1081 826 1137 909 οἷς
1156 827 1240 899 αὐτοὶ

239 929 460 1019 μετενόησαν,
478 925 527 1009 οἷς
538 934 716 1016 ἐχαρίζετο·
738 927 810 1015 μετ’
826 928 868 996 οὐ
879 926 966 997 πολύ
980 936 1066 1014 γοῦν
1076 936 1136 1013 τῆς
1146 946 1241 995 συκο-

240 1034 380 1113 φαντίας
389 1031 622 1115 λαμπροτέραν
631 1021 653 1113 ἦ
663 1024 729 1093 κατ’
742 1022 955 1113 Ἀλκιβιάδην
966 1023 1055 1116 αὐτῷ
1066 1023 1131 1112 τήν
1142 1026 1241 1094 κάθο-

239 1131 301 1194 δον
321 1122 512 1212 άκηκόαμεν
534 1126 702 1213 γενέσθαι.
736 1130 781 1214 τῷ
800 1122 833 1190 δ’
856 1122 919 1193 οὐκ
940 1130 1054 1210 ἐμελεν
1071 1121 1150 1191 οὐδ’
1171 1127 1242 1211 ἐπη-

240 1225 379 1312 σχόνετο
394 1222 477 1291 κατὰ
497 1230 565 1291 τῶν
584 1247 665 1290 ποτε
680 1223 850 1308 φιλτάτων
869 1230 910 1311 τῇ
924 1221 1052 1311 γλόττη
1067 1222 1243 1309 χρεόμενος,

239 1320 282 1408 ἣν
296 1324 395 1408 ἐχρῆν
413 1322 522 1409 δήπου
539 1329 596 1408 τῆς
612 1319 855 1407 ἀγνωμοσύνης
869 1322 1025 1406 ἐντεμεῖν.

283 1421 286 1425 ’
323 1426 376 1489 32.
392 1428 492 1491 ΑΡΧ.
514 1426 556 1488 Τι’
572 1417 625 1500 δ’;
647 1416 710 1487 οὐκ
731 1421 863 1504 ἐχθροῖν
876 1420 957 1505 ἡμῖν
970 1424 1126 1504 ἐχθιστος
1146 1416 1245 1503 όΔη·

239 1522 423 1606 μοσθένηςς

323 1624 391 1685 ΑΝ
394 1624 428 1684 Τ
455 1614 561 1704 οόχ”
541 1643 607 1709 οτφ
628 1622 720 1703 μέλει
733 1616 861 1701 τρόπον
880 1621 1036 1699 πίστεως,
1060 1621 1168 1699 φίλον
1186 1622 1246 1681 πᾶν

239 1715 363 1784 ἄδολον
380 1718 439 1785 καλ
461 1720 596 1803 βέβαιον
612 1708 699 1802 ἦθος
714 1713 912 1841 ἡγουμένω·
943 1715 985 1782 τὰ
1001 1714 1068 1800 γάρ
1089 1738 1146 1780 τοι
1169 1710 1244 1780 καλι

239 1816 294 1881 καὶ
309 1838 376 1897 παρ
382 1810 540 1899 ’ἐχθροῖς
562 1812 646 1882 καλά
671 1815 724 1882 καὶ
739 1810 776 1879 τό
797 1819 855 1900 τῆς
869 1810 987 1898 άρετῆς
1007 1820 1185 1899 πανταχοῦ
1205 1822 1245 1878 τί

240 1937 326 1997 μνον.
350 1909 428 1979 οὐδὲ
444 1919 572 1980 κακίων
587 1914 652 1998 ε’γω
640 1910 793 1993 Ξέρξου
812 1936 873 1978 τον
859 1917 1017 1980 ’Βοῦλιν
1030 1913 1087 1979 καὶ
1100 1914 1246 1997 Σπέρχιν

167 2059 173 2063 -
239 2006 317 2087 τούς
332 2012 617 2095 Λακεδαιμονίους
632 2009 872 2094 θαυμάσαντος
884 2016 957 2096 καί,
979 2023 1106 2078 κτεῖναι
1129 2008 1245 2090 παρόν.

171 2126 222 2179 514
241 2104 393 2191 ἀφέντος.
422 2104 495 2174 ἀλλ’
515 2114 545 2174 εί
559 2107 600 2195 δή
617 2136 690 2175 τινα
710 2109 848 2175 πάντων
869 2110 923 2175 καὶ
939 2113 1176 2196 Δημοσθένην
1193 2105 1246 2174 αό·

239 2204 294 2283 τός
313 2230 349 2272 τε
365 2206 415 2283 δὶς
431 2203 632 2294 Ἀθήνησιν,
661 2213 691 2274 ελ
715 2208 770 2275 καλ
792 2204 837 2293 μή
857 2204 941 2274 κατὰ
962 2205 1092 2292 πολλήν
1115 2206 1245 2292 σχολήν,

239 2302 485 2390 συγγενόμενος
498 2308 552 2373 καὶ
567 2303 656 2389 παρά
673 2313 741 2373 των
751 2305 864 2374 ἄλλων.
873 2304 1207 2390 άναπυνθανόμενος
1217 2310 1246 2370 ἐκ

239 2429 273 2470 τε
287 2411 355 2469 τιλν
369 2403 620 2490 πολιτευμάτων
636 2402 749 2472 νότων
764 2403 852 2491 εἶχον
864 2404 1059 2492 θαυμάσας,
1075 2402 1142 2491 οὐχ
1154 2401 1200 2482 ὥς
1210 2399 1246 2469 ἄν

239 2506 388 2589 νομίσειέ
400 2532 466 2590 τις,
488 2512 545 2591 τῆς
558 2512 632 2572 ’τῶν
653 2505 767 2592 λόγων
787 2505 992 2591 δεινότητος,
1018 2510 1048 2572 εί
1066 2507 1125 2571 καὶ
1148 2502 1247 2591 μηδὲν

239 2600 330 2688 μὲνὸ
346 2602 476 2671 Πύθων
493 2602 714 2690 πρόςαότόν,
735 2610 770 2673 ολ
782 2602 813 2671 δ’
827 2604 964 2672 Ἀττικοὶ
980 2603 1123 2690 ῥήτορες
1137 2597 1245 2669 παιδιά

237 2702 510 2792 παραβάλλειν
479 2710 524 2769 τῶ
539 2703 662 2772 τούτου
678 2705 788 2795 κρότῳ
807 2705 862 2771 καὶ
878 2703 965 2791 τόνῳ
980 2703 1034 2769 καὶ
1050 2703 1181 2781 λέξεων
1196 2698 1245 2767 εδ

238 2807 367 2889 ρυθμία
387 2803 442 2869 καὶ
462 2815 532 2879 ταλς
553 2829 621 2868 των
647 2808 808 2871 διανοιῶν
829 2814 1049 2889 περιγραφαῖς
1070 2803 1132 2867 καὶ
1153 2822 1245 2867 συνε-

238 2905 339 2982 χείαις
358 2896 559 2995 ἀποδείξεων
580 2903 633 2968 καὶ
654 2911 702 2991 τῷ
715 2909 905 2968 συνακτικω
924 2927 960 2967 τε
974 2900 1028 2966 καλ
1040 2904 1246 2985 κρουστικῷ·

240 2998 621 3084 μετενοουμενγοῦνότε
630 3028 710 3080 τους
715 2999 876 3086 Έλληνας
888 2997 1045 3085 Ἀθήναζε
1059 2990 1247 3085 συνηγάγο

240 3122 301 3180 μεν
314 3121 358 3174 ως
369 3099 555 3182 ἐλέγξοντες
567 3096 776 3215 Ἀθηναίους,
784 3101 929 3169 Πύθωνι
939 3099 1249 3175 καιτοῑςΠόθωνος

240 3197 461 3281 ἐπαγγέλμασι
481 3197 750 3274 πεπιστευκότες
779 3196 847 3265 εἶτα
869 3200 1086 3284 Δημοσθένει
1111 3199 1248 3271 καὶτοῖς

240 3300 485 3379 Δημοσθένους
498 3298 640 3419 ἐλέγχοις
654 3297 898 3380 περιπεσόντες
921 3294 994 3364 ἀλλ’
1007 3292 1092 3383 ἡμῖν
1106 3291 1249 3379 άπρόσι·

240 3417 295 3469 τος
315 3418 335 3477 η
324 3389 495 3479 ’δύναμις
512 3391 601 3460 αότω
617 3420 679 3461 του
665 3395 808 3479 λόγου.
837 3398 887 3461 33.
905 3392 968 3511 ἐγω
984 3395 1021 3461 δέ
1038 3394 1175 3483 ταύτην
1195 3394 1250 3480 μὲν
1280 3415 1281 3494 η

241 3492 401 3572 δευτέραν
415 3496 548 3559 ἔταττον
563 3494 599 3557 ἐν
615 3518 708 3579 χωρα
723 3489 858 3571 τιθελς’
841 3494 1004 3579 οργάνον,
1019 3498 1250 3579 Δημοσθένην
