2625 4092
349 309 469 366 ΠΕΡΙ
487 308 787 366 ΠΑΡΑΣΙΤΟΤ.
825 313 829 321 ’
1027 305 1069 368 39

68 470 210 554 ἐκάθητο
233 471 268 534 έν
283 473 421 556 Σικελίᾳ
442 472 632 548 παρασιτῶν
646 475 816 556 Διονυσίῳ
837 468 974 543 καλιαῖς
989 474 1069 534 Σω-

67 568 209 655 κράτους
220 572 400 654 διατριβαῖς
410 569 578 650 ἐρρῶσθαι
589 563 730 649 φράσας.
752 572 802 634 33.
815 571 849 633 τί
857 566 904 650 δέ,
915 566 970 633 καί
980 563 1068 648 ’Aple

67 687 204 744 στιππος
220 663 237 732 ὁ
251 672 441 750 Κυρηναῖος
451 660 523 746 οὐχὶ
538 670 604 729 τῶν
619 667 766 747 δοκίμων
780 668 934 747 φαίνεταί
945 683 998 729 σοι
1010 685 1072 746 φι-“

68 765 242 849 λοσόφωνς
428 841 431 851 ‚

154 871 247 932 m.
269 865 335 930 Καὶ
351 861 450 929 πάνυ.

149 968 250 1030 ΠΛΡ.
266 962 331 1027 Καὶ
343 951 440 1037 οὗτος
450 962 561 1044 μέντοι
577 956 659 1024 κατὰ
673 954 733 1024 τόν
747 953 851 1024 αὐτὸν
863 954 987 1043 χρόνον
997 957 1065 1024 διέ-

67 1067 180 1145 τριβεν
199 1061 236 1126 έν
250 1058 485 1141 Συρακούσαις
505 1063 697 1140 παρασιτῶν
717 1061 896 1144 Διονυσίῳ.
928 1053 1065 1121 πάντων

66 1164 150 1241 γοῦν
164 1153 278 1242 άμέλει
288 1161 355 1223 τῶν
365 1162 556 1239 παρασίτων
566 1150 667 1231 αὐτὸς
677 1150 850 1239 ηὐδοκίμει
864 1149 943 1237 παρ’
957 1150 1063 1242 αὐτῷ·

66 1256 119 1322 καί
133 1251 199 1340 γάρ
218 1246 262 1340 ῆν
277 1257 379 1321 πλέον
393 1279 424 1320 τι
445 1260 513 1320 τῶν
527 1250 638 1320 ἄλλων
656 1257 702 1328 είς
720 1249 782 1336 τῆν
793 1256 911 1337 τέχνην
925 1248 1065 1338 εὐφυής,

66 1351 150 1420 ὥστε
169 1348 248 1429 τούς
268 1348 449 1431 ὀψοποιοδς
471 1348 630 1437 ὁσημέραι
644 1355 768 1435 ἔπεμπε
790 1347 880 1434 παρὰ
903 1356 1024 1417 τοῦτον
1046 1347 1063 1416 ὁ

66 1450 247 1527 Διονύσιος
263 1446 307 1528 ὥς
321 1476 351 1515 τι
368 1447 448 1532 παρ’
468 1447 573 1518 αὐτοῦ
587 1453 852 1534 μαθησομένους.
873 1441 972 1526 οὗτος
985 1452 1066 1533 μέν·

66 1573 115 1616 τοι
130 1549 290 1617 δοκεῖκαὶ
303 1557 465 1635 κοσμῆσαι
477 1547 539 1634 τῆν
556 1551 675 1634 τέχνην
688 1544 794 1627 ἀξίως.
816 1551 867 1615 34.
887 1543 904 1615 ὁ
920 1551 956 1616 δέ
969 1548 1065 1627 Πλαᾏ

67 1673 132 1714 των
147 1644 275 1733 ὑμάνὸ
297 1646 528 1732 γενναιότατος
542 1649 596 1713 καὶ
615 1643 715 1723 αὐτὸς
729 1648 792 1730 μὲν
805 1637 888 1730 ῆκεν
903 1650 948 1723 είς
962 1652 1066 1712 Σικε-

65 1752 140 1812 λίαν
158 1748 210 1813 έπῖ
223 1745 347 1834 τούτῳ,
369 1747 423 1812 καί
443 1743 554 1830 ὀλίγας
570 1743 795 1830 παρασιτήσας
807 1739 930 1829 ἡμέρας
943 1748 989 1830 τῷ
1003 1767 1064 1810 τυ-

66 1841 180 1932 ράννῳ
199 1849 260 1910 τοῦ
279 1857 473 1924 παρασιτεῖν
492 1840 558 1910 ὑπὸ
577 1839 700 1926 άφυιάς
718 1843 865 1924 ἐξέπεσε,
891 1841 945 1908 καὶ
961 1837 1063 1907 πάλιν

63 1937 221 2028 Ἀθήναζε
237 1938 439 2026 ἀφικόμενος
457 1945 512 2009 καὶ
533 1940 761 2026 φιλοπονήσας
780 1942 836 2008 καλ
850 1937 1065 2022 παρασκευάγ

64 2059 124 2115 σας
139 2035 260 2110 ἑαυτὸν
275 2031 377 2117 αὖθις
392 2043 536 2130 δευτέρῳ
556 2039 664 2128 στόλφ
678 2041 857 2111 ἐπέπλευσε
872 2043 912 2125 τῆ
925 2044 1063 2124 Σικελίᾳ

65 2139 117 2203 καὶ
129 2135 308 2221 δειπνήσας
317 2137 418 2204 πάλιν
429 2133 542 2222 ὀλίγας
552 2133 674 2222 ἡμέρας
685 2133 751 2202 ὑπὸ
761 2133 907 2220 ἀμαθίας
916 2136 1060 2213 ἐξέπεσε·
1079 2145 1132 2202 8⁶2

65 2234 117 2300 καῖ
133 2230 218 2317 αὕτη
232 2231 422 2320 ῆσυμφορά
432 2232 588 2302 Πλάτωνι
602 2235 677 2315 περὶ
687 2239 847 2301 Σικελίαν
861 2227 958 2317 ὁμοία
974 2236 1067 2300 δοκεῖ

64 2332 221 2413 γενέσθαι
236 2338 275 2419 τῆ
290 2338 420 2399 Νικίου.

150 2434 245 2496 m.
269 2431 334 2496 Καὶ
346 2437 410 2514 τίς,
428 2423 455 2499 ιδ
468 2438 603 2517 Σίμων,
619 2435 694 2513 περὶ
707 2432 830 2499 τούτου
843 2436 949 2515 λέγεις

146 2532 197 2594 35.
216 2533 315 2596 ΠΛΡ.
337 2532 461 2598 Πολλοὶ
477 2530 539 2615 μὲν
554 2531 608 2597 καὶ
625 2529 737 2612 ἄλλοι,
755 2527 978 2612 Ἀριστόξενος
992 2525 1061 2597 δέδ

64 2625 239 2710 μουσικός,
261 2633 387 2694 πολλοῦ
403 2628 508 2712 λόγου
522 2626 627 2711 ἄξιος,
649 2629 704 2694 καί
718 2624 818 2703 αὐτὸς
831 2626 868 2695 δέ
881 2628 1063 2709 παράσιτος

65 2727 201 2809 Νηλέως
217 2718 269 2810 ῆν.
291 2723 476 2811 Εὐριπίδης
495 2726 635 2810 μὲνγὰρ
649 2722 701 2791 ὅτι
717 2721 878 2813 Ἀρχελάφ
893 2728 986 2809 μέχρι
1000 2731 1062 2790 τοῦ

65 2822 217 2890 θανάτου
236 2831 400 2904 παρεσίτει
420 2827 474 2891 καί
493 2822 690 2908 Ἀνάξαρχος
702 2820 908 2912 Ἀλεξάνδρφ
928 2822 1062 2898 πάντως

65 2923 243 2988 ἐπίστασαι.
271 2925 322 2989 36.
337 2924 392 2991 καὶ
411 2920 631 3009 Ἀριστοτέλης
646 2921 682 2990 δὲ
696 2927 754 3006 τῆς
771 2928 985 3005 παρασιτικῆς
998 2919 1061 3007 ῆρ-

65 3024 139 3098 ξατο
159 3019 266 3104 μόνον
286 3017 396 3103 ὥσπερ
421 3021 476 3088 καὶ
496 3029 563 3088 τῶν
584 3019 696 3089 ἄλλων
718 3025 853 3106 τεχνῶν.
890 3023 942 3088 37.
964 3027 1060 3105 φιλο-

65 3117 190 3206 σόφονς
208 3119 270 3204 μὲν
290 3111 369 3203 οὖν,
398 3118 507 3202 ὥσπερ
527 3113 585 3205 ῆν,
610 3127 787 3208 παρασιτίμ
804 3119 1062 3197 σπουδάσαντας

65 3221 185 3296 έδειξα·
200 3216 383 3299 παράσιτον
394 3217 430 3286 δέ
441 3215 550 3296 οὐδεὶς
560 3224 623 3304 ἔχει
636 3216 762 3304 φράσαι
774 3226 973 3304 φιλοσοφεῖν
983 3220 1061 3286 έθε·

66 3313 218 3399 λῆσαντα.
240 3320 291 3383 38.
308 3317 362 3381 καὶ
376 3317 489 3399 μέντοι
504 3321 534 3382 εί
547 3321 637 3384 έστιν
652 3314 813 3401 εὔδαιμον
829 3313 867 3383 ιδ
881 3313 925 3401 μῆ
941 3322 1060 3401 πεινῆν

65 3409 144 3496 μηδὲ
159 3415 259 3496 διψῆν
273 3413 356 3496 μηδὲ
372 3414 507 3497 ῥιγοῦν,
529 3421 632 3481 ταῦτα
651 3411 764 3482 οὐδενί
779 3412 869 3502 ἄλλοι
882 3410 1023 3499 ὑπάρχει
1036 3406 1058 3496 ῆ

65 3516 240 3595 παρασίτῳ.
262 3508 345 3578 ὥστε
359 3511 568 3596 φιλοσόφους
581 3514 643 3598 μὲν
660 3509 703 3578 ίίν
717 3539 764 3589 τις
778 3507 924 3589 πολλοὺς
937 3511 992 3578 καὶ
1005 3510 1059 3597 ρι-
