2625 4092
284 309 576 368 ΕΠΙΣΤΟΛΑΙ
596 311 849 370 KPONIKAI.
1013 309 1076 372 319

69 494 152 538 ναν·
179 466 258 546 τούς
279 467 343 553 γὰρ
365 467 538 552 οἰνοχόους
554 463 651 553 ὑμῶν
668 465 780 552 ὥσπερ
795 465 874 546 τούς
890 469 1076 550 Ὀδυσσέως

67 570 213 647 ἑταίρους
236 573 328 652 κηρῷ
350 567 519 653 βεβύσθαι
533 564 572 632 τά
592 559 668 632 ὦτα.
698 564 738 633 τά
756 567 819 652 μὲν
833 565 898 653 γάρ
914 566 997 636 ἀλλα
1014 567 1076 634 ού-

67 693 128 742 τως
142 665 260 751 αἰσχρά
277 670 383 751 ἐστιν,
406 665 488 731 ὥστε
509 662 598 730 ὀκνῶ
616 665 741 750 λέγειν,
765 662 787 731 δ
803 667 879 750 περὶ
901 673 957 751 τῆς
973 675 1076 752 νομης

67 771 133 831 των
149 771 257 847 κρεῶν
269 769 438 838 αἰτιῶνται
452 762 508 830 καί
518 769 587 828 των
598 763 782 845 διακόνων,
802 761 883 848 ὑμῖν
895 766 958 850 μέν
973 789 1077 845 παρε-

67 863 216 946 στώτων,
240 860 305 929 ἔστ’
328 857 371 928 ἀν
391 859 713 946 ὑπερεμφορηθῆτε,
740 866 890 940 ἐκείνους
910 865 946 929 δὲ
967 887 1077 945 παρα-

64 956 226 1041 θεόντων,
241 959 296 1025 καί
308 957 391 1026 ἀλλα
403 954 509 1025 πολλά
520 966 659 1024 τοιαῦτα
670 966 879 1045 μικροπρεπῆ
892 963 946 1027 καί
957 957 1076 1046 ἥκιστα

66 1060 253 1141 ἐλευθέροις
267 1060 446 1142 πρέποντα.
475 1054 512 1124 ιδ
529 1066 615 1144 γοῦν
630 1057 767 1144 ἥδιστον
787 1063 841 1126 καί
861 1059 1075 1145 συμποτικό-

66 1154 193 1241 τερονὴ
209 1162 352 1240 ἰσοτιμία
365 1159 449 1241 έστί,
467 1157 520 1223 καί
533 1153 550 1222 δ
563 1162 730 1243 ίσοδαίτης
741 1158 864 1226 τούτου
875 1159 973 1224 ἕνεκα
984 1154 1075 1243 ἡμεί·

64 1282 117 1321 ται
136 1252 217 1341 ὑμῖν
238 1263 307 1323 των
329 1262 541 1341 συμποσίων,
566 1253 610 1334 τός
629 1254 667 1323 τό
690 1267 766 1325 ἰσον
790 1254 934 1335 ἅπαντες
957 1260 1073 1342 ἔχοιεν.

63 1357 115 1419 33.
131 1350 228 1436 δρᾶτε
245 1346 309 1420 ούν
331 1351 420 1430 ὅπως
435 1354 551 1438 μηκέτι
567 1351 654 1439 ὑμᾶς
670 1354 900 1439 αἰτιάσωνται,
922 1351 1006 1421 ἀλλά
1024 1381 1075 1420 τι-

63 1453 192 1538 μήσωσι
210 1455 265 1521 καὶ
287 1454 452 1540 φιλήσωσι
473 1460 541 1520 των
562 1449 686 1537 ὀλίγων
712 1452 843 1520 τούτων
861 1454 1073 1538 μεταλαμβά-
1092 1461 1144 1514 413

63 1579 193 1637 νοντες,
210 1545 259 1618 οἷν
278 1551 359 1638 ὑμῖν
379 1552 475 1639 μὲνὴ
498 1552 631 1638 δαπάνη
647 1550 911 1638 ἀνεπαίσθητος,
936 1556 1075 1632 ἐκείνοις

65 1651 101 1718 δὲ
115 1653 151 1718 ἐν
164 1659 268 1740 καιρῷ
280 1661 337 1738 τῆς
347 1659 457 1739 χρείας
468 1651 490 1739 ἡ
502 1653 594 1728 δόσις
606 1649 811 1736 ἀείμνηστος.
829 1648 938 1728 άλλως
951 1677 986 1717 τε
998 1649 1071 1718 οὐδ’

63 1745 107 1816 ἀν
121 1756 224 1818 οἰκεῖν
239 1752 403 1820 δύναισθε
415 1753 472 1831 τὰς
487 1752 598 1828 πόλεις
610 1747 653 1836 μη
671 1746 743 1833 οὐχὶ
756 1750 813 1816 καί
823 1748 977 1835 πενήτων
988 1769 1075 1835 συμ-

62 1850 331 1933 πολιτευομένων
354 1853 409 1918 καί
435 1856 538 1935 μυρία
560 1844 645 1931 πρὸς
669 1845 731 1932 την
754 1845 972 1933 εὐδαιμονίαν
993 1845 1074 1931 ὑμῖν

63 1946 335 2028 συντελούντων,
358 1947 431 2016 οὐδ’
450 1945 494 2015 ἀν
511 1955 614 2033 ἔχοιτε
634 1944 713 2023 τούς
729 1946 963 2030 θαυμάζοντας
977 1943 1073 2030 ὑμῶν

61 2041 124 2111 τόν
139 2051 302 2129 πλοῦτον,
320 2042 363 2132 ἢν
373 2048 471 2132 μόνοι
482 2050 537 2115 καὶ
552 2051 618 2134 ἰδίᾳ
632 2047 687 2112 καί
698 2041 764 2111 ύπδ
780 2046 888 2135 σκότῳ
899 2052 1071 2130 πλουτητε.

62 2146 226 2210 ι”δέτωσαν
240 2136 303 2210 οὖν
324 2147 439 2213 πολλοὶ
460 2149 514 2213 καὶ
530 2146 805 2231 θαυμασάτωσαν
819 2142 917 2230 ὑμῶν
932 2143 992 2211 τὸν
1012 2144 1074 2227 ἀρ-

60 2268 170 2326 χυρον
192 2244 246 2310 καί
270 2240 328 2322 τάς
352 2248 510 2326 τραπέζας
530 2247 585 2312 καὶ
607 2243 845 2328 προπινόντων
869 2251 1072 2329 φιλοτησίας,

59 2339 184 2425 μεταξύ
201 2349 354 2419 πίνοντες
371 2352 677 2427 περισκοπείτωσαν
690 2340 728 2410 τὸ
743 2350 878 2428 ἔκπωμα
893 2345 948 2410 καὶ
959 2342 995 2410 τὸ
1011 2343 1074 2428 βά-

59 2467 120 2524 ρος
139 2450 284 2508 ἰστωσαν
306 2438 400 2509 αύτοὶ
421 2444 702 2528 διαβαστάσαντες
719 2445 774 2511 καὶ
797 2452 854 2528 της
870 2447 1015 2525 ἰστορίας
1036 2440 1072 2508 τό

59 2539 197 2626 ἀκριβὲς
211 2544 265 2609 καί
278 2539 339 2609 τὸν
350 2540 477 2627 χρυσόν
489 2540 583 2628 ὅσος,
600 2540 636 2620 δς
652 2546 797 2610 ἐπανθεῖ
806 2550 847 2629 τη
860 2544 967 2628 τέχνη.
992 2539 1074 2624 πρὸς

57 2637 126 2724 χάρ
153 2647 199 2728 τῷ
221 2638 384 2727 χρηστούς
405 2643 460 2709 καί
482 2642 748 2727 φιλανθρώπους
769 2640 908 2708 ἀκούειν
936 2642 991 2706 καί
1012 2647 1074 2704 τοῦ

59 2748 272 2822 φθονεῖσθαι
288 2737 348 2804 ὑπ’
365 2737 477 2806 αὐτων
492 2746 553 2820 ἔξω
569 2740 765 2826 γενήσεσθε.
787 2746 835 2814 τίς
850 2736 913 2823 γάρ
926 2733 969 2803 ἀν
982 2746 1073 2822 φθο-

57 2839 175 2923 νήσειε
195 2845 241 2926 τῷ
259 2845 479 2906 κοινωνοῦντι
494 2842 549 2908 καὶ
565 2841 692 2907 διδόντι
708 2846 776 2906 τῶν
793 2845 952 2923 μετρίωνς
974 2842 1021 2914 τίς
1038 2833 1070 2902 δ’

57 2937 124 3005 ούκ
147 2934 193 3005 ἀν
210 2937 339 3018 εὔξαιτο
362 2945 407 3016 εἰς
428 2937 464 3005 τὸ
487 2941 648 3025 μήκιστον
670 2943 847 3027 διαβιῶναι
866 2933 972 3003 αύτδν
988 2934 1073 3002 ἀπο-

56 3038 209 3104 λαύοντα
225 3047 292 3105 τῶν
307 3038 465 3123 ἀμαθωνς
490 3035 533 3114 ὡς
549 3040 584 3106 δὲ
602 3046 667 3105 νύν
682 3045 786 3123 ἔχετε,
808 3033 998 3123 ἀμάρτυρος
1011 3037 1073 3120 μέν

55 3134 76 3222 ἡ
96 3133 313 3223 εὐδαιμονία,
330 3141 516 3221 ἐπίφθονος
533 3138 568 3205 δὲ
584 3137 602 3204 ὁ
619 3144 778 3220 πλοῦτος,
795 3133 899 3220 ἀηδης
914 3137 950 3202 δὲ
962 3132 979 3201 ὁ
991 3142 1072 3220 βίος.

54 3240 109 3304 34,
128 3234 208 3304 οὐδὲ
228 3234 292 3323 γάρ
315 3234 393 3304 οὐδὲ
414 3235 536 3323 ὁμοίως
550 3233 631 3324 ἡδύ,
652 3235 759 3322 οἶμαι,
780 3236 888 3322 μόνον
909 3238 1073 3321 ἐμπίπλα-

55 3345 163 3416 σθαι,
183 3333 293 3420 ιδσπερ
313 3333 391 3414 τούς
414 3338 550 3415 λέοντάς
568 3358 649 3422 φασι
672 3337 725 3403 καὶ
747 3332 825 3414 τούς
847 3331 985 3421 μονιούς
1006 3341 1074 3400 τῶν

52 3436 193 3521 λύκων,
209 3440 263 3504 καί
279 3437 444 3514 συνόντας
458 3441 575 3516 δεξιοῖς
592 3433 736 3518 ἀνδράσι
751 3437 806 3501 καὶ
823 3432 932 3500 πάντα
946 3440 1074 3518 χαρίζε-

53 3544 144 3602 σθαι
159 3559 392 3621 πειρωμενοις,
415 3542 449 3603 οἳ
463 3542 576 3622 πρῶτα
591 3535 653 3622 μὲν
671 3530 714 3600 ού
729 3530 847 3620 κωφόν
861 3536 915 3600 καὶ
933 3531 1072 3618 ἀφωνον
1091 3546 1142 3598 41⁴
