2625 4092
222 297 282 360 174
574 303 880 360 ΛΟΤΚΙΑΝΟΤ

218 486 291 539 ταις
303 475 370 539 τοῖς
385 476 470 541 σοίς;
485 502 521 511 -
542 463 673 527 ἐκεῖθεν
690 459 752 545 γάρ
768 462 929 548 ἄρχεσθαι
947 465 1077 530 δίκαιον
1092 506 1135 516 -
1147 460 1228 530 ἄλλα

219 566 330 624 ίσασιν
346 561 466 625 ἐκείνοι
479 555 537 634 τὰς
554 559 686 637 πρωτας
702 578 765 624 σου
781 554 909 641 τροφάς
929 561 983 625 καλ
998 557 1042 637 ὡς
1057 559 1228 642 παραδοὺς
1296 603 1297 614 1

220 650 339 720 ἑαυτὸν
357 661 402 742 τῷ
426 651 558 743 ὀλέθρφ
575 658 691 744 έκείνφ
712 655 896 742 στρατιώτῃ
917 665 1229 742 συμπεριεφθείρου

218 751 326 817 πάντα
342 749 535 839 ὑπηρετον,
558 751 632 838 άχρι
654 755 695 838 δή
711 774 747 818 σε
764 750 801 820 τὸ
819 761 879 820 τοῦ
899 756 1113 837 λόγοντοῦτο
1128 758 1229 840 ῥάκος

218 850 414 935 πολυσχιδές
430 853 655 937 ἐργασάμενος
669 853 794 931 ἐξέωσε.
820 858 868 919 19.
885 848 1020 919 κάκεῑνα
1032 857 1227 939 μέμνηνται,
1298 920 1299 962 η

219 945 262 1026 ὡς
282 946 319 1013 τδ
341 949 444 1033 είκός,
469 946 590 1034 άπρδς
608 947 644 1016 τὰ
665 953 811 1034 θέατρον
830 951 1025 1018 ἐνεανιεύου
1040 967 1108 1029 τοῖς
1129 948 1228 1037 ὀρχη-

218 1060 309 1124 σταῖς
330 1044 597 1133 ὑποκρινάμενος
620 1051 674 1115 καλ
692 1051 986 1134 συνταγματάρχης
1006 1047 1110 1129 ἀξιοῦν
1133 1049 1226 1117 εἶναι.

217 1143 327 1224 οὐδεὶς
340 1154 425 1230 γοῦν
440 1145 505 1229 πρὸ
521 1154 586 1214 σοῦ
600 1140 642 1213 άν
655 1153 812 1233 εἰσῆλθεν
826 1153 870 1225 είς
881 1145 917 1213 τὸ
934 1149 1080 1229 θέατρον
1098 1145 1173 1214 οὐδ’
1187 1143 1229 1214 ἄν

217 1245 383 1328 ἐμήνυσεν
404 1243 425 1311 ὅ
444 1271 475 1313 τι
497 1245 648 1331 τοῦνομα
664 1254 709 1336 τῷ
732 1247 887 1332 δράματι·
916 1242 1000 1312 άλλά
1018 1243 1060 1312 σύ
1085 1255 1229 1330 κοσμίως

151 1358 198 1412 177
219 1344 310 1407 πάνυ
323 1351 447 1427 χρυσᾶς
462 1344 607 1430 ἐμβάδας
619 1349 704 1429 έχων
715 1346 769 1412 καλ
784 1347 908 1429 ἐσθῆτα
924 1343 1130 1431 τυραννικήν
1146 1371 1229 1429 προ-

218 1441 419 1525 εισεπέμπου
435 1439 612 1526 εὐμένειαν
632 1443 779 1529 αἰτήσων
800 1440 889 1524 παρὰ
909 1449 971 1507 τοῦ
989 1443 1138 1524 θεάτρου
1155 1464 1228 1509 στε-

218 1540 348 1622 φάνους
363 1546 506 1625 κομίζων
521 1543 575 1609 καὶ
591 1542 700 1631 κρότφ
718 1539 845 1622 άκιων,
862 1539 924 1624 ήδη
942 1541 1127 1624 τιμώμενος
1146 1538 1228 1623 πρὸς

217 1633 336 1702 αὐτων.
357 1633 442 1704 άλλά
459 1647 523 1704 νῦν
538 1638 650 1724 ῥήτωρ
667 1641 721 1706 καὶ
736 1638 910 1722 σοφιστής·
936 1639 989 1704 καὶ
1005 1636 1058 1704 διὰ
1074 1646 1174 1705 τοῦτο
1186 1634 1228 1723 ήν

216 1735 396 1802 πύθωνταί
414 1761 493 1804 ποτε
513 1735 553 1803 τά
575 1744 710 1805 τοιαῦτα
727 1734 810 1818 ὑπὲρ
826 1742 888 1802 σοῦ
910 1738 1047 1819 ἐκείνοι,
1071 1744 1171 1802 τοῦτο
1188 1733 1228 1818 δή

216 1831 253 1900 τὸ
271 1836 306 1899 ἐκ
327 1840 384 1919 τῆς
405 1839 605 1924 τραγῳδίας,
628 1835 713 1919 ,,δνό
735 1835 797 1919 μέν
817 1833 932 1919 ἡλίους
948 1832 1055 1916 ὁρᾶνῑ*
1077 1837 1227 1914 δοκοῦσι,

217 1930 356 2015 ,δισσάς
379 1933 414 2000 δέ
435 1935 592 2020 Θήβας·“
622 1936 676 2000 καὶ
704 1934 882 2018 πρόχειρον
903 1931 1028 1998 ἅπασιν
1051 1929 1159 2011 εὐθὺς
1178 1934 1228 2012 τό,

215 2028 356 2107 Ἐκεῖνος
375 2028 392 2095 ὁ
409 2032 482 2098 τότε
505 2035 559 2099 καὶ
574 2031 644 2118 μετ’
666 2035 792 2110 ἐκείνας
813 2032 981 2115 τοιγάρτοι
996 2032 1050 2098 καὶ
1067 2029 1169 2110 αὐτὸς
1190 2023 1229 2096 εὖ

216 2135 324 2194 ποιων
339 2127 401 2194 οὐκ
416 2132 595 2215 ἐπιβαίνεις
609 2131 645 2196 τὸ
663 2131 822 2222 παράπαν
837 2125 911 2195 οὐδ’
928 2129 1152 2214 ἐπιχωριάζεις
1164 2126 1227 2194 αὖ·
1303 2189 1304 2198 ,

216 2240 299 2307 τοῖς,
314 2224 398 2294 ἄλλά
415 2230 551 2314 φεύγεις
566 2227 653 2296 ἑκών
669 2233 810 2310 πατρίδα
827 2226 904 2294 οὔτε
920 2241 1013 2312 χεῖμα
1029 2223 1138 2313 κακήν
1151 2225 1228 2292 οὔτε

216 2328 308 2408 θέρει
319 2324 496 2413 ἀργαλέαν,
506 2327 589 2396 άλλά
600 2337 778 2411 καλλίστην
788 2328 841 2392 καλ
852 2333 1009 2411 μεγίστην
1019 2333 1086 2392 τῶν
1098 2329 1134 2394 ἐν
1146 2332 1229 2393 Φοι-

217 2433 293 2513 νίκη
307 2422 461 2492 άπασωνν
486 2426 522 2493 τδ
539 2426 603 2512 γάρ
621 2430 810 2512 ἐλέγχεσθαι
827 2429 960 2504 καὶτοῖς
978 2427 1081 2492 είδόσι
1098 2427 1152 2493 καλ
1169 2451 1228 2509 με·

216 2529 395 2610 μνημένοις
404 2535 471 2593 τῶν
481 2527 584 2594 πάλαι
596 2530 734 2595 ἐκείνων
747 2538 896 2591 συνεῖναι
907 2524 1027 2609 βρόχος
1038 2521 1082 2601 ὡς
1092 2521 1229 2608 άληθῶς

217 2631 284 2690 ἔστι
298 2643 360 2690 σοι.
391 2631 497 2692 καίτοι
511 2632 544 2692 τί
557 2634 661 2693 ταῦτα
679 2632 787 2712 ληρως
809 2630 883 2691 τίνα
898 2623 963 2708 γὰρ
979 2620 1022 2690 άν
1038 2627 1229 2706 αἰδεσθείης

216 2724 275 2799 σάς
295 2730 330 2792 τί
340 2721 372 2791 δ’
384 2720 428 2791 άν
440 2727 576 2812 αίσχρὸν
586 2723 730 2812 ἡγήσαιο
741 2732 809 2790 των
822 2721 991 2801 ὑστάτων;
1009 2721 1229 2805 πυνθάνομαι

214 2823 319 2891 δὲκαὶ
335 2824 481 2910 κτήματα
497 2822 585 2891 εἷναί
597 2845 651 2891 σοι
664 2821 792 2909 μεγάλα
807 2819 887 2905 παρ’
905 2821 1031 2903 αὐτοῖς,
1049 2818 1085 2886 τὸ
1104 2821 1228 2904 δυ’στη-

149 2940 197 2996 178
216 2948 277 2988 νον
297 2925 404 2989 ἐκείνο
426 2931 584 3008 πυργίον,
609 2921 653 3002 ὡς
675 2919 736 2990 τδν
757 2928 817 2987 τοῦ
837 2923 1017 2998 Σινωπέως
1041 2927 1147 2987 πίθον
1168 2917 1227 3004 τήν

214 3019 298 3100 Διδς
313 3018 420 3108 αὐλήν
438 3020 521 3090 εἶναι
542 3021 627 3106 πρὸς
648 3020 743 3089 αὐτό.
778 3018 855 3099 τούς
870 3022 931 3106 μὲν
954 3016 994 3105 δή
1012 3026 1147 3097 πολίτας
1169 3015 1227 3084 οὗ·

215 3125 302 3207 δαμῇ
323 3117 479 3206 οὐδαμῶς
499 3129 731 3206 μεταπείσειας
752 3115 795 3187 άν
819 3119 862 3206 μή
885 3118 958 3207 οὐχὶ
980 3126 1046 3186 τῶν
1067 3117 1227 3185 ἁπάντων

215 3218 469 3305 βδελυρώτατόν
480 3240 517 3286 σε
531 3218 703 3306 ήγείσθαι,
721 3217 850 3297 ὄνειδος
862 3215 978 3287 κοινδν
988 3215 1102 3303 άπάση
1113 3225 1154 3304 τῇ
1166 3215 1228 3285 πό-

215 3329 271 3387 λει.
296 3325 346 3387 20.
362 3320 443 3404 τάχα
460 3316 492 3385 δ’
511 3314 554 3386 άν
570 3317 649 3397 τοὺς
664 3316 790 3394 ἄλλους
806 3321 884 3412 τοὺς
898 3321 935 3386 ἐν
951 3323 1062 3406 Συρίᾳ
1080 3317 1227 3399 προσλά-

214 3428 286 3506 βοις
301 3416 517 3504 ὁμοψήφους.
534 3425 564 3488 εί
576 3423 682 3505 λέγεις
697 3417 806 3504 μηδὲν
820 3415 971 3502 πονηρὸν
981 3415 1064 3502 μηδὲ
1079 3419 1227 3484 ἐπαίτιον

215 3524 402 3600 βεβιῶσθαί
414 3539 476 3584 σοι.
500 3514 689 3598 Ἡράκλεις,
706 3514 725 3600 ή
743 3518 805 3600 μὲν
819 3515 995 3600 Ἀντιόχεια
1013 3517 1066 3582 καὶ
1081 3508 1226 3600 τοῦργον
