2625 4092
297 289 384 346 ΔΙΣ
402 287 896 346 ΚΑΤΗΓΟΡΟΤΜΕΝΟΣ
1062 285 1105 349 23

90 446 177 518 ἀλλά
193 448 276 516 κατὰ
299 445 422 535 μικρὸν
443 446 555 530 ῶσπερ
573 457 688 516 είωθα.
717 445 808 532 ὅμως
824 445 903 514 δὲ’
881 474 926 526 ως
943 448 1104 533 νόμοςν
1066 451 1104 516 έν

89 563 159 626 τοῖς
173 545 464 633 δικαστηρίοις,
429 543 519 613 ούτω
530 547 710 633 ποιήσομαι
722 543 784 632 τὴν
797 553 1000 632 κατηγορίαν
1010 546 1104 614 ίδιῶ-

88 671 150 731 της
169 644 360 712 παντάπασι
375 648 430 712 καὶ
451 643 587 730 ἄτεχνος
607 654 676 712 τῶν
691 644 856 712 τοιούτων
876 641 941 712 ῶν·
974 653 1032 712 καί
1045 669 1103 729 μοι

88 750 190 810 τοῦτο
206 749 290 812 ἔστω
305 740 390 825 πρὸς
409 741 496 828 ὑμᾶς
510 738 548 811 τδ
565 751 753 830 προοίμιον.
784 770 805 810 α
792 740 858 813 “δλ
870 741 1028 830 ἠδίκημαι
1049 745 1104 809 καὶ

89 841 332 929 περιύβρισμαι
345 840 429 928 πρὸς
443 842 584 930 τούτου,
599 843 705 911 ταῦτά
722 841 873 928 έστιν,”
854 869 905 910 οτι
922 868 963 928 με
978 839 1104 928 σεμνδν

88 942 173 1018 τέως
188 939 268 1007 ὄντα
284 942 338 1008 καὶ
352 947 445 1008 θεῶν
456 966 491 1008 τε
502 943 577 1024 πέρι
589 945 644 1010 καὶ
655 942 790 1028 φύσεως
800 943 854 1011 καὶ
864 949 922 1027 τῆς
932 948 1001 1008 τῶν
1013 940 1104 1008 ὅλων

89 1040 253 1123 περιόδου
273 1041 524 1126 σκοπούμενον,
554 1038 690 1128 ὑψηλὸν
710 1039 783 1109 ἀνω
808 1067 875 1108 που
896 1049 965 1109 τῶν
985 1048 1102 1126 νεφῶν
1120 1058 1175 1114 832

89 1138 359 1226 ἀεροβατοῦντα,
386 1144 470 1206 ἔνθα
492 1136 510 1206 6
530 1141 632 1226 μέγας
652 1144 690 1208 ἐν
712 1139 848 1232 οὐρανῷ
867 1138 952 1218 Ζεὺς
973 1137 1102 1226 πτηνδν

89 1238 181 1325 ἅρμα
196 1238 350 1306 ἐλαύνων
360 1241 507 1324 φέρεται,
524 1240 738 1318 κατασπάσας
749 1236 850 1317 αύτός
863 1237 929 1325 ἤδη
944 1236 1028 1306 κατά
1039 1235 1102 1324 την

89 1335 194 1416 ἁφῑδα
212 1337 408 1423 ποτῶμενον
428 1339 484 1406 καὶ
509 1336 737 1426 ἀναβαίνοντα
764 1337 849 1424 ὑπὲρ
869 1335 910 1404 τὰ
931 1345 1022 1404 νῶτα
1042 1343 1102 1404 τοῦ

89 1435 241 1520 ούρανοῦ
251 1438 306 1504 καί
321 1433 361 1503 τά
377 1434 481 1520 πτερά
496 1446 681 1519 συντρίψας
695 1441 878 1505 ἰσοδίαιτον
888 1450 957 1514 τοῖς
967 1442 1102 1513 πολλοῖς

88 1539 239 1622 έποίησε,
268 1536 323 1602 καὶ
343 1532 380 1602 τό
406 1537 469 1621 μὲν
490 1533 651 1622 τραγικὸν
674 1537 781 1602 ἐκεῖνο
804 1537 859 1602 καὶ
884 1530 1102 1620 σωφρονικὸν

88 1647 302 1718 προσωπείου
316 1631 436 1720 ἀφεῖλέ
443 1660 527 1720 μου,
543 1631 695 1719 κομικδν
711 1635 747 1701 δὲ
758 1636 812 1701 καὶ
827 1633 1009 1719 σατυρικόν
1020 1632 1101 1701 ἀλλο

88 1737 236 1820 ἐπέθηκέ
247 1762 303 1821 μοι
317 1738 372 1804 καὶ
383 1743 508 1822 μικροῦ
518 1740 589 1803 δεῖν
599 1743 748 1820 γελοῖον·
772 1731 842 1802 είτύ
855 1760 913 1820 μοι
924 1736 958 1812 ἐς
970 1731 1006 1801 τδ
1019 1728 1100 1799 αὐτὸ

88 1838 206 1919 φέρων
222 1839 443 1920 συγκαθεῖρξε
462 1831 500 1901 τὸ
519 1841 661 1919 σκῶμμα
680 1831 812 1901 καὶτὸν
829 1840 952 1920 ίαμβον
967 1835 1021 1900 καὶ
1038 1857 1102 1899 κν-

87 1932 213 2020 νισμόν
226 1937 281 2001 καὶ
298 1930 359 2001 τόν
373 1931 526 2003 Εὔπολιν
540 1933 595 2001 καὶ
609 1929 670 1999 τὸν
682 1929 944 2018 Ἀριστοφάνην,
969 1926 1103 2009 δεινούς

86 2031 214 2114 ἄνδρας
231 2036 485 2120 ἐπικερτομῆσαι
505 2031 545 2099 τά
561 2029 666 2117 σεμνά
688 2034 742 2098 καλ
757 2030 917 2116 χλευάσαι
931 2026 972 2096 τὰ
989 2027 1102 2113 ὀρθῶς

87 2136 223 2218 ἔχοντα,
240 2141 432 2200 τελευταίου
449 2131 486 2200 δὲ
501 2133 556 2200 καί
571 2129 757 2198 Μένιππόν
772 2154 848 2196 τινα
864 2135 933 2195 τῶν
949 2132 1102 2194 παλαιῶν

87 2237 205 2298 κυνῶν
216 2233 305 2316 μύλα
318 2228 499 2300 ὑλακτικὸν
513 2228 557 2308 ῶς
574 2231 734 2296 δοκεῖκαὶ
750 2226 921 2314 κάρχαρον
935 2223 1103 2308 ἀνορύξας

86 2332 143 2398 καὶ
154 2337 275 2398 τοῦτον
287 2333 487 2419 έπεισηγαγέ
494 2355 551 2416 μοι
564 2328 714 2416 φοβερόν
723 2353 799 2394 τινα
812 2324 856 2403 ῶς
867 2325 1004 2412 ἀληθῶς
1014 2325 1102 2392 κύνα

85 2432 143 2498 καὶ
163 2427 200 2496 τὸ
227 2433 336 2517 δῆγμα
361 2433 552 2518 λαθρίδιον,
581 2427 649 2519 ὅσφ
671 2432 726 2495 καί
747 2434 857 2514 γελῶν
879 2425 948 2512 ἅμα
970 2431 1099 2492 ἔδακνε.
1118 2436 1173 2497 838

85 2537 159 2607 πῶς
173 2521 238 2596 οὖν
255 2528 297 2597 οὐ
312 2527 405 2596 δεινοὶ
422 2528 583 2618 ὕβρισμαι
600 2527 716 2615 μηκέτ’
732 2529 784 2596 ἐπὶ
798 2535 860 2594 τοῦ
881 2532 1006 2593 οἰκείου
1020 2524 1101 2611 σχή-

85 2655 191 2716 ματος
212 2630 396 2714 διαμένων,
418 2626 503 2698 ἀλλά
524 2633 697 2719 κωμφδῶν
715 2628 770 2694 καὶ
791 2632 1025 2711 γελωτοποιῶν
1046 2626 1100 2691 καὶ

86 2727 269 2806 ὑποθέσεις
278 2726 480 2808 ἀλλοκότους
489 2727 756 2813 ὑποκρινόμενος
766 2724 874 2816 αύτῶς
889 2723 926 2793 τδ
935 2722 1001 2811 γὰρ
1013 2724 1102 2791 πάν-

86 2852 158 2894 τῶν
177 2823 410 2911 ἀτοπώτατον,
431 2834 552 2912 κρᾶσίν
567 2853 642 2896 τινα
658 2825 852 2912 παράδοξον
866 2825 1029 2910 κέκραμαι
1045 2827 1100 2892 καὶ

86 2923 166 2994 οὔτε
181 2925 277 3005 πεζός
292 2931 358 3010 είμι
373 2925 445 2993 οὔτ’
458 2929 510 2994 ἐπὶ
521 2935 589 2995 τῶν
603 2928 734 3013 μέτρων
744 2927 888 3013 βέβηκα,
904 2921 988 2994 ἀλλὰ
1000 2929 1100 2994 ίππο-

86 3025 278 3108 κενταύρου
290 3029 388 3111 δίκην
399 3026 568 3095 σύνθετόν
581 3055 611 3095 τι
622 3029 676 3094 καὶ
687 3028 784 3107 ξένον
792 3027 910 3113 φάσμα
919 3040 987 3107 τοῖς
995 3024 1101 3095 ἀκού-

85 3146 164 3192 ουσι
179 3126 276 3191 δοκῶ.

171 3229 223 3292 34.
242 3230 347 3292 ΕΡΜ.
373 3231 415 3293 Τί
427 3219 491 3292 οὖν
505 3225 589 3312 πρὸς
603 3234 707 3294 ταῦτα
726 3230 826 3313 ἕρεις,
845 3218 873 3294 ῶ
889 3225 1000 3312 Σύρες

172 3332 267 3393 m.
284 3323 562 3411 Ἀπροσδόκητον,
574 3319 601 3392 ῶ
609 3325 730 3408 ἀνδρες
741 3329 903 3413 δικασταί,
913 3324 974 3394 τὸν
984 3324 1099 3414 ἀγῶνα

86 3431 208 3494 τοῦτον
229 3422 431 3510 ἀγωνίζομαι
447 3424 528 3508 παρ’
548 3423 643 3512 ὑμῖν
674 3428 782 3493 πάντα
804 3433 890 3511 γοῦν
910 3432 1039 3512 μᾶλλον
1055 3424 1099 3494 ἀν

85 3521 209 3612 ἤλπισα
224 3520 246 3612 ἢ
259 3522 320 3592 τὸν
333 3525 508 3614 Διάλογον
521 3535 656 3596 τοιαῦτα
672 3531 760 3614 έρείν
775 3526 850 3612 περὶ
863 3528 963 3612 ἐμοῦ,
980 3522 1022 3593 δν
1034 3549 1099 3591 πα-
