2625 4092
375 281 579 341 ΠΛΟΙΟΝ
596 285 623 337 H
643 280 809 338 E-YXAI.
1033 277 1094 340 233

87 471 139 522 τις
156 445 274 529 ἐχθρός
291 455 356 529 είη,
378 442 575 527 ἀμύνασθαι
595 442 649 507 καί
672 447 791 507 τοῦτον
815 441 849 507 ἐκ
866 445 927 507 τού
943 436 1096 524 ἀφανοῦς

85 543 212 625 πέτρον
227 542 411 628 ἐμβαλόντα
430 549 469 627 τη
486 548 631 627 κεφαλῇ,
653 535 697 616 ὡς
714 542 943 623 ἐπιτετρῖφθαι
960 535 997 606 τό
1012 563 1094 618 κρα-

86 651 180 726 νίον,
195 643 274 720 τούς
288 668 324 710 τε
334 633 379 708 αύ
393 648 513 726 φίλους
523 632 563 706 εὑ
574 653 682 707 ποιεῖν
693 641 865 723 ἐπιχέαντα
878 639 1094 723 κοιμωμένοις

85 739 202 820 αὑτοῖς
221 740 257 807 τό
275 746 427 826 χρυσίον·
458 741 512 805 καί
527 736 593 824 μὴν
614 748 647 805 εί
663 764 712 815 τις
728 735 917 822 ὑπερόπτης
933 744 982 821 εῖη
999 731 1094 821 ἦτύ-

87 865 214 921 ραννος
234 837 393 914 πλούσιος
420 834 594 922 ὑβριστής,
622 833 788 921 ἀράμενος
815 830 918 902 αύτόν
938 832 1020 901 ὅσον
1043 837 1094 900 ἐπὶ

87 940 244 1014 σταδίους
264 946 391 1004 είκοσιν
411 932 524 1018 ἀφῆκα
545 935 709 1016 φέρεσθαι
732 931 814 1001 κατὰ
837 941 905 1000 των
925 940 1092 1019 κρημνῶν.

86 1048 158 1111 τοῖς
179 1039 343 1110 παιδικοῖς
370 1031 406 1100 δέ
427 1031 604 1108 ἀκωλύτως
629 1027 757 1116 ὁμιλεῖν
783 1029 826 1098 ἀν
852 1035 927 1118 ἐξῆν
950 1032 1094 1099 εἰσιόντα

88 1130 237 1198 ἀθέατον
252 1137 446 1215 κοιμίσαντα
463 1127 611 1205 ἅπαντας
628 1126 711 1194 ἀνευ
726 1131 863 1196 ἐκείνων
875 1128 998 1214 μόνων.
1022 1122 1094 1195 οἷον

89 1228 126 1295 δὲ
141 1226 275 1295 κάκεῖνο
289 1220 349 1311 ἦν,
365 1224 443 1303 τούς
457 1233 685 1310 πολεμοῦντας
696 1229 887 1295 ἐπισκοπεῖν
902 1233 963 1307 ἔξω
977 1230 1095 1313 βέλους

89 1324 426 1410 ὑπεραιωρούμενον;
437 1325 491 1391 καὶ
503 1329 533 1391 εί
541 1324 650 1403 δόξειέ
655 1351 722 1410 μοι,
734 1330 962 1412 προσθέμενος
974 1323 1017 1392 ἀν
1028 1339 1094 1401 τοῖς

87 1421 282 1509 ἡττημένοις
290 1429 441 1509 κοιμίσας
451 1420 529 1500 τοὺς
539 1430 744 1504 κρατοῦντας
753 1433 852 1492 νικᾶν
860 1441 1018 1510 παρεῖχον
1027 1435 1095 1499 τοῖς

87 1522 275 1606 φεύγουσιν
292 1521 538 1604 ἀναστρέψασιν
559 1519 624 1588 ἀπό
646 1531 705 1607 της
718 1530 850 1608 τροπῆς.
880 1519 985 1591 καὶτὸ
1002 1519 1093 1604 ὅλον,

88 1618 227 1687 παιδιὰν
238 1622 422 1706 ἐποιούμην
431 1616 621 1687 ἀντδντων
630 1619 825 1704 ἀνθρώπων
835 1628 911 1707 βίον
922 1623 976 1688 καὶ
986 1621 1094 1687 πάντα

88 1717 151 1804 ἐμά
170 1712 213 1804 ἦν
230 1720 283 1786 καὶ
297 1716 379 1798 θεὸς
393 1719 536 1786 ἐδόκουν
547 1733 615 1796 τοῖς
632 1717 754 1797 ἀλλοις.
783 1727 881 1786 τοῦτο
897 1716 918 1804 ἡ
936 1717 1023 1800 ἀκρα
1038 1716 1096 1785 εὑ·

88 1821 243 1901 δαιμονία
259 1819 325 1884 ἐστὶ
340 1818 421 1903 μήτε
437 1815 621 1884 ἀπολέσθαι
637 1817 717 1902 μήτε
733 1818 1016 1904 ἐπιβουλευθῆναι
1032 1820 1092 1882 δυ-
1112 1823 1164 1879 278

89 1921 232 2000 ναμένη,
262 1917 316 1982 καὶ
337 1917 478 2000 μάλιστα
501 1911 581 2000 μεθ’
604 1913 729 1998 ὑγιείας
752 1919 788 1982 ἐν
812 1921 927 2001 μακρῷ
953 1922 997 2004 τῷ
1021 1922 1091 2003 βίῳ.

88 2018 140 2080 45.
160 2020 193 2080 τί
206 2007 249 2078 ἀν
265 2013 448 2099 αἰτιάσαιο,
467 2005 648 2097 ἀΑυκῖνε,
668 2019 724 2097 τῆς
739 2010 851 2098 εύγηςς
1189 2009 1194 2016 ’

173 2119 272 2180 ΛΤΚ.
292 2110 420 2195 Οὐδέν,
442 2104 468 2178 ύ
484 2111 643 2197 Τιμόλαε·
666 2108 820 2197 οὐδὲγὰρ
836 2109 981 2196 ἀσφαλὲς
994 2114 1093 2179 Ιἐναυ-

88 2216 245 2278 τιοῦσθαι
256 2207 352 2290 ἀνδρὶ
365 2215 478 2297 πτηνῷ
493 2210 547 2275 καὶ
560 2205 644 2287 ὑπὲρ
654 2217 795 2291 μυρίους
805 2206 868 2293 τὴν
878 2210 991 2293 ἰσχύν,
1008 2207 1095 2294 πλὴν

88 2307 173 2378 ἀλλὰ
187 2312 294 2376 ἐκεῖνο
310 2310 472 2393 ἐρήσομαί
486 2329 539 2386 σε,
562 2315 595 2372 εί
606 2333 680 2373 τινα
696 2306 799 2374 ἀλλον
820 2303 903 2385 εἶδες
919 2309 955 2373 έν
974 2308 1095 2373 τοσού-

88 2436 156 2487 τοις
169 2415 322 2491 ἔθνεσιν,
345 2407 408 2475 ὄσα
425 2403 623 2490 ὑπερέπτης,
646 2409 786 2490 γέροντα
802 2402 865 2492 ἤδη
884 2404 991 2489 ἀνδρα
1006 2406 1095 2473 οὕτω

89 2507 377 2593 παρακεκινηκότα
387 2504 448 2593 τὴν
456 2506 606 2591 γνωμην,
618 2508 670 2572 ἐπὶ
680 2509 860 2572 δακτυλίου
869 2512 992 2590 μικροῦ
1001 2502 1094 2590 όχού·

89 2634 203 2692 μενον,
216 2605 278 2692 ὅρη
291 2605 351 2674 ὅλα
363 2621 470 2675 κινεῖν
481 2604 575 2693 ἀκρφ
586 2611 631 2691 τῷ
644 2604 796 2694 δακτύλῳ
806 2603 1007 2688 δυνάμενον,
1024 2606 1094 2670 ε’πέ-

91 2727 214 2790 ραστον
229 2713 326 2791 πᾶσι,
343 2711 398 2775 καί
413 2713 516 2774 ταῦτα
531 2701 706 2788 φαλακρόν
722 2703 802 2769 ὅντα
819 2705 872 2770 καὶ
885 2700 945 2787 τὴν
955 2704 1031 2788 ῥῖνα
1048 2724 1095 2768 σι-

90 2805 175 2892 μόν;
197 2803 280 2889 ἀτάρ
294 2809 366 2874 είπέ
373 2832 430 2892 μοι
441 2808 494 2871 καί
506 2802 591 2886 τόδε,
608 2808 641 2868 τί
649 2801 691 2886 δή
702 2827 781 2868 ποτε
793 2799 852 2885 οὐχ
865 2798 909 2877 εἷς
922 2800 1096 2878 δακτύλιος

90 2901 219 2970 ἅπαντα
237 2912 339 2969 ταῦτα
351 2904 493 2970 δύναταί
503 2923 566 2984 σοι,
582 2897 666 2967 ἀλλά
682 2899 863 2977 τοσούτους
875 2902 1096 2986 περιημμένος

90 3005 190 3088 βαδιῇ
205 2998 266 3086 τὴν
278 2998 456 3082 ἀριστερόν
471 3003 734 3085 πεφορτισμένος
748 2997 829 3065 κατὰ
843 3000 1007 3066 δάκτυλον
1019 3001 1095 3080 ἕνας

90 3107 217 3182 μᾶλλον
231 3099 267 3166 δὲ
277 3096 451 3181 ὑπερπαίει
464 3095 480 3164 ὁ
493 3096 646 3182 ἀριθμός,
662 3102 716 3166 καὶ
728 3099 837 3184 δεήσει
849 3100 903 3166 καὶ
913 3095 974 3183 τὴν
986 3099 1096 3177 δεξιὰν

90 3204 334 3283 συνεπιλαβεῖν.
365 3206 471 3264 καίτοι
494 3194 568 3274 ἑνός
584 3203 645 3262 τοῦ
667 3193 930 3280 ἀναγκαιοτάτου
948 3201 1096 3278 προσδεῖ,

1 3333 11 3364 ς,
90 3293 127 3374 ὃς
141 3296 365 3378 περιθέμενόν
382 3316 419 3363 σε
434 3295 554 3363 παύσει
568 3303 778 3381 μωραίνοντα
792 3293 853 3381 την
869 3294 997 3380 πολλὴν
1012 3299 1094 3362 ταύ-

8 3469 11 3475 ,
88 3421 151 3479 την
161 3396 307 3476 κόρυζαν
318 3391 495 3474 ἀποξύσας.
518 3390 648 3478 ἢτούτο
661 3396 722 3479 μὲν
734 3397 787 3461 καὶ
803 3392 819 3461 ό
837 3397 1009 3480 ἐλλέβορος
1021 3397 1096 3461 λκα-

8 3544 10 3549 -
89 3491 148 3572 νδς
161 3501 297 3577 ποιῆσαι
315 3494 494 3577 ζωρότερος
508 3500 640 3570 ποθείς;
