2625 4092
273 286 405 345 ΠΡΟΣ
426 289 523 346 TON
543 289 890 351 ΑΠΑΙΔΕΥΤΟΝ.
1026 290 1088 355 139

75 448 134 513 καὶ
150 444 215 514 σὺν
228 445 361 536 μεγάλῳ
376 450 500 536 ἐπαίνῳ
514 450 674 532 μέμνηται
689 456 746 534 τῆς
760 457 874 536 μυίας,
898 449 942 530 ὡς
957 457 993 520 ἐν
1008 453 1088 522 τού-

75 574 163 632 τοις,

164 646 276 714 δεινόν
293 671 331 730 γε
346 642 409 728 τὴν
426 644 487 730 μὲν
501 660 604 730 μυῖαν
618 643 745 738 ἀλκίμῳ
764 650 878 716 σθένει

163 749 273 830 πηδᾶν
289 742 340 811 ἐπ’
357 742 493 824 ἀνδρῶν
508 743 659 829 στόμαθ’,
676 743 720 823 ὡς
735 754 871 835 πλησθῇ
885 746 1005 830 φόνου,

163 847 288 928 ἄνδρας
306 842 337 912 δ’
355 843 489 922 ὁπλίτας
504 847 665 930 πολέμιον
681 853 815 932 ταρβεῖν
831 849 925 929 δόρυ.

75 943 184 1014 πολλὰ
200 941 243 1010 δν
259 943 347 1029 εἰχον
361 949 466 1010 εἰπεῖν
480 944 535 1012 καὶ
549 947 624 1027 περὶ
639 951 754 1023 Μυίας
767 952 824 1031 τῆς
834 952 1085 1031 Πυθαγορικῆς,

75 1051 108 1114 εί
122 1040 166 1130 μὴ
182 1044 349 1129 γνώριμος
364 1035 407 1128 ἦν
424 1041 550 1108 ἅπασιν
565 1039 585 1128 ἡ
603 1041 677 1110 κατ’
690 1041 796 1129 αὐτὴν
810 1048 947 1128 ἱστορία.
971 1050 1019 1112 12.
1034 1052 1085 1129 γί-

77 1170 194 1210 νονται
214 1145 250 1209 δέ
265 1143 320 1208 καὶ
341 1144 494 1227 μέγισταί
506 1167 594 1219 τινες
608 1155 720 1227 μυῖαι,
744 1139 783 1220 δίς
798 1142 1033 1224 στρατιώτιδας
1054 1146 1088 1208 οί

73 1244 195 1312 πολλοὶ
211 1247 388 1324 καλοῦσιν,
413 1243 447 1306 oc
459 1239 495 1307 δέ
515 1239 634 1323 κύνας,
661 1240 858 1325 τραχύταται
880 1238 940 1305 τόν
955 1239 1085 1325 βόμβον

73 1345 131 1410 καί
146 1339 208 1425 τὴν
226 1348 346 1423 πτῆσιν
363 1335 543 1422 ὠκύταται,
563 1341 649 1424 αἵγε
667 1340 721 1405 καὶ
739 1339 1009 1424 μακροβιώταταί
1023 1345 1085 1406 εἰσι

72 1442 129 1506 καί
150 1446 211 1505 τοῦ
229 1444 390 1524 χειμῶνος
407 1435 491 1502 όλου
510 1435 618 1502 ι’ίσιτοι
638 1442 915 1519 διακαρτεροῦσιν
936 1433 1085 1521 ὑπεπτη-

71 1553 165 1623 χυῖαι
182 1550 249 1614 τοῖς
265 1533 404 1620 ὀρόφοις
423 1535 581 1621 μάλιστα,
605 1531 659 1618 ἐφ’
680 1527 728 1600 όν
744 1531 879 1601 κᾶκείνο
897 1535 1084 1618 θαυμάζειν
1098 1548 1135 1604 99

71 1639 187 1722 ἄξιον,
209 1634 259 1702 ὅτι
279 1633 469 1720 ἀμφότερα,
493 1631 604 1701 καὶτὰ
624 1640 773 1719 θηλειῶν
791 1635 846 1700 καί
863 1631 903 1699 τὰ
918 1631 1082 1717 ἀρρένων,

71 1742 180 1821 δρῶσι
195 1741 368 1822 βαίνοντες
379 1735 416 1801 ἐν
429 1739 477 1822 τῷ
491 1735 582 1818 μέρει
593 1730 676 1799 κατὰ
688 1729 748 1798 τδν
757 1729 879 1816 Ἑρμοῦ
895 1734 948 1798 καὶ
960 1729 1082 1814 Ἀφρο-

70 1841 167 1920 δίτης
181 1836 283 1900 παῖδα
297 1830 358 1898 τόν
371 1828 490 1916 μικτόν
505 1829 566 1917 τὴν
581 1832 687 1916 φύσιν
702 1833 756 1898 καὶ
772 1827 883 1898 διττόν
897 1828 933 1897 τό
949 1831 1080 1906 καλλος.

70 1929 182 1999 πολλοὶ
199 1929 229 1996 δ’
248 1937 295 1998 ἔτι
313 1937 398 2016 έχων
414 1936 518 1997 εἰπεῖν
535 1928 737 1996 καταπαύσω
751 1928 811 1996 τὸν
826 1928 945 2014 λόγον,
989 1924 1009 2015 ἦ
1029 1929 1083 1994 καὶ

70 2033 162 2110 δόξω
176 2028 260 2097 κατὰ
277 2028 339 2115 τὴν
354 2035 537 2114 παροιμίαν
551 2032 713 2113 ἐλέφαντα
728 2031 763 2096 ἐκ
780 2035 878 2115 μυίας
893 2040 1010 2094 ποιεῖν.

479 2282 674 2292 ι--μ-

72 2507 233 2574 ΠΡΟΣ
260 2505 375 2572 ΤΟΝ
397 2503 772 2571 ΑΠΑΙΔΕΥΤΟΝ
789 2504 883 2570 ΚΑΙ
902 2499 1082 2568 ΠΟΛΛΑ

287 2637 474 2703 ΒΙΒΛΙΑ
502 2632 879 2746 ΩΝΟΥΜΕΝΟΝ.

159 2823 188 2881 Ῑ.
205 2815 268 2881 Καὶ
285 2811 353 2898 μὴν
370 2817 522 2879 ἐναντίον
538 2812 626 2878 ἐστὶν
640 2800 683 2874 ού
699 2810 825 2884 ἐθέλεις
841 2803 860 2872 δ
877 2814 942 2872 νῦν
959 2817 1079 2881 ποιεῖς·

67 2923 136 2982 οίει
150 2914 212 2996 μὲν
223 2910 287 2996 γὰρ
300 2916 336 2979 ἐν
348 2917 480 2999 παιδείᾳ
490 2911 544 2977 καὶ
556 2905 657 2984 αὐτὸς
673 2906 759 2973 εἷναί
769 2933 817 2982 τις
830 2906 939 2984 δόξειν
951 2901 1081 2990 σπουδῇ

67 3009 332 3094 συνωνούμενος
346 3008 386 3075 τοὶ
400 3009 558 3076 κάλλιστα
573 3013 640 3072 των
655 3012 811 3091 βιβλίων·
833 3000 869 3070 τὸ
888 3006 926 3068 δέ
939 3021 992 3068 σοι
1006 3002 1081 3082 περὶ

67 3107 111 3178 τό
130 3109 221 3175 κοίτω
234 3123 336 3192 χωρεῖ
346 3110 398 3175 καὶ
421 3113 552 3192 ἔλεγχος
567 3111 693 3190 γίνεται
707 3111 766 3188 τῆς
782 3100 996 3177 ἀπαιδευσίας
1012 3124 1082 3175 πως

67 3215 187 3275 τοῦτο·
204 3207 345 3289 μάλιστα
357 3208 392 3273 δὲ
405 3205 484 3272 ούδὲ·
496 3203 535 3271 τό
548 3205 707 3271 κάλλιστα
720 3199 805 3290 ὠνῇ,
822 3198 905 3267 ἀλλὰ
917 3198 1082 3274 πιστεύεις

66 3323 141 3385 τοῖς
156 3301 198 3381 ὡς
211 3310 325 3389 ἔτυχεν
337 3308 511 3372 ἐπαινοῦσι
526 3306 580 3370 καὶ
591 3305 731 3386 ἕρμαιον
744 3297 773 3368 εί
782 3307 849 3366 τῶν
863 3306 999 3366 τοιαῦτα
1010 3299 1081 3364 ἐπι-

66 3411 291 3493 ψευδομένων
304 3421 373 3482 τοῖς
389 3414 530 3494 βιβλίοις
543 3407 596 3473 καί
608 3398 782 3489 θησαυρός
798 3403 926 3486 ἕτοιμος
941 3413 1009 3476 τοῖς
1021 3424 1082 3465 κα-

66 3510 188 3595 πήλοις
200 3504 319 3573 αὐτῶν,
344 3501 364 3592 ἦ
377 3507 486 3572 πόθεν
497 3505 561 3590 γάρ
573 3525 626 3570 σοι
639 3507 822 3587 διαγνῶναι
834 3499 990 3579 δυνατόν,
1007 3502 1081 3564 τίνα
