2625 4092
423 308 582 367 ΦΙΛΟΠ
586 308 616 367 Α
626 310 743 367 Tm.
1023 308 1087 369 ⁴15

160 476 303 539 mm.
327 470 412 537 Είπέ
430 493 503 553 μοι,
529 460 555 535 τό
577 474 713 551 Κριτία,
736 475 770 536 τί
790 466 827 536 τό
847 471 1013 557 χρήσιμον
1029 478 1088 555 τῆς

72 569 243 654 Γοργόνος
258 569 313 635 καὶ
329 573 363 635 τί
377 574 422 657 τῷ
440 567 558 651 στήθει
572 562 708 652 τοῦτοὴ
723 565 789 633 θεὰ
804 570 1012 653 ἐπιφόρεταις

158 669 238 736 ΚΡΙ
238 672 273 733 Τ.
291 663 349 742 Ὡς
365 665 515 751 φοβερόν
527 690 559 733 τι
573 666 684 749 θέαμα
699 664 753 731 καὶ
765 660 1087 749 όποτρεπτικόντῶν

70 767 203 830 δεινῶν.
235 760 390 832 ἀλλὰκαὶ
410 762 635 848 καταπλήσσει
655 759 735 840 τοὺς
750 768 930 849 πολεμίους
942 765 999 830 καὶ
1016 764 1086 831 ἑτε-

70 866 197 945 ραλκέα
211 859 274 948 τήν
289 867 388 947 νίκην
404 874 507 942 ποιεῖ,
524 858 613 929 ὅπου
628 887 667 946 γε
680 861 847 947 βούλεται.
979 911 981 914 -

162 968 302 1030 ΤΡῙΕΦ.
327 969 416 1029 Μολυ
436 962 491 1027 καὶ
511 958 566 1027 διὰ
587 967 687 1028 τοῦτο
704 957 725 1045 ἡ
740 964 940 1038 Γλαυκῶπις
960 956 1085 1027 ἀκατα-

69 1062 232 1146 νᾰιιτοει

158 1164 273 1227 ΚΡΙΤ.
300 1160 363 1225 Καὶ
378 1158 477 1243 μάλα.

160 1262 301 1323 ΤΡΙΕΦ.
321 1260 386 1324 Καὶ
398 1253 453 1323 διὰ
465 1263 498 1324 τί
511 1252 553 1329 οὐ
567 1270 634 1334 τοῖς
645 1257 763 1337 σώζειν
775 1259 986 1343 δυναμένοις,
1001 1255 1085 1324 ἀλλὰ

70 1367 141 1431 τοῖς
163 1356 361 1440 σωζομένοις
376 1362 479 1440 μηρία
503 1361 641 1440 καίομεν
662 1355 799 1438 ταύρων
815 1353 869 1442 ἠδ’
891 1360 1014 1442 αίγων,
1041 1353 1085 1434 ὡς
1110 1395 1119 1411 1

70 1450 156 1538 ἡμᾶς
169 1450 442 1541 όκαταμαηήτους
455 1454 662 1541 ἐργάσωνται
677 1452 790 1537 ὅσπερ
803 1452 866 1540 τήν
876 1450 1041 1541 Ἀθηναῖος

157 1556 237 1619 ΚΡΙ
237 1557 271 1617 Τ.
291 1548 378 1619 Ἀλλ’
390 1549 433 1618 οὔ
447 1556 482 1620 os
494 1552 636 1636 δύναμίς
647 1577 685 1638 γε
697 1552 878 1635 πόρρωθεν
888 1555 1085 1639 ἐπιβοηθεῖν

72 1648 185 1734 ὥσπερ
199 1664 267 1729 τοῖς
283 1660 392 1735 θεοῖς,
408 1648 480 1719 ἀλλ’
500 1659 533 1719 εί
543 1676 593 1729 τις
607 1647 715 1736 αὐτὴν
728 1653 929 1737 ἐπιφέρεται.

158 1754 187 1815 9.
208 1755 350 1819 Tmo.
375 1750 439 1817 Καὶ
453 1754 487 1815 τί
499 1746 568 1816 τόδ’
588 1754 693 1828 ἐστιν;
716 1751 823 1817 ἐθέλω
838 1746 903 1833 γὰρ
919 1748 1009 1832 παρὰ
1021 1756 1085 1816 σοῦ

71 1851 196 1915 είόέναι
211 1843 257 1926 ὡς
273 1850 495 1934 ἐξευρημένον
508 1845 549 1915 τὰ
569 1854 706 1916 τοιαῦτα
722 1850 777 1917 καί
792 1851 824 1926 ἐς
841 1849 982 1933 μάλιστα
1004 1873 1085 1913 κατ-

71 1945 283 2031 ωρθωκότος.
315 1944 428 2032 όγνοιό
449 1947 514 2031 γὰρ
531 1945 639 2013 πάντα
655 1942 696 2011 τό
717 1941 792 2012 κατ’
814 1942 920 2031 αὐτήν
939 1945 1029 2031 πλήν
1045 1969 1083 2031 γε

69 2052 133 2113 τοῦ
149 2042 322 2130 ὀνόματος.
1102 2061 1153 2115 594

156 2152 272 2215 KPIT.
290 2144 386 2233 Αὕτη
396 2146 481 2231 κόρη
493 2146 622 2231 ἐγένετο
640 2142 807 2230 εὐπρεπής
818 2146 874 2213 καί
888 2146 1082 2227 ἐπέραστος·

68 2246 224 2326 Περσέως
239 2245 276 2312 δέ
292 2244 419 2330 ταύτην
442 2243 531 2333 δόλῳ
551 2240 936 2328 ἆποόειροτομήσαντος,
959 2239 1085 2324 ἀνδρὸς

70 2350 231 2429 γενναίου
245 2345 299 2412 καὶ
311 2346 343 2422 ἐς
354 2340 499 2429 μαγικήν
510 2339 788 2428 εὐφημοομένου,
805 2344 987 2418 ἐπαοιόίαις
1001 2340 1084 2408 ταό-

72 2468 133 2528 την
147 2443 431 2532 περιμόήσαντος,
452 2442 559 2523 όιλκαρ
575 2446 610 2510 οἱ
620 2444 697 2509 θεοὶ
712 2442 839 2526 ταύτην
853 2441 1018 2526 ἐσχήκασι.

159 2549 300 2612 ΤΡΙΕΦ.
326 2549 432 2611 Τουτί
442 2540 477 2628 μ’
493 2541 665 2611 ἐλόνθανέ
675 2564 755 2609 ποτε
769 2536 805 2607 τό
822 2539 944 2623 καλόν,
963 2536 1008 2616 ὡς
1021 2536 1084 2605 όν-

70 2642 222 2725 θριόπων
245 2644 320 2710 θεοὶ
348 2646 470 2721 ἐνδεεῖς
493 2648 565 2710 είσι.
600 2637 704 2724 ζώσης
725 2638 763 2706 δέ
786 2645 821 2705 τί
842 2634 879 2704 τό
904 2636 1083 2723 χρήσιμου;

70 2746 338 2826 προσηταιρίζετο
360 2743 392 2819 ἐς
414 2735 651 2826 πανόσχεῖονή
672 2745 823 2824 κρυφίως
839 2746 1083 2825 συνεφθείρετο

70 2842 125 2906 καὶ
142 2839 248 2925 κόρην
263 2836 371 2926 αὑτήν
387 2839 596 2925 ἐπωνόμαζες

155 2945 272 3010 ΚΡΙΤ.
299 2938 354 3026 Νή
383 2938 444 3008 τὸν
458 2939 651 3025 ’Ἀγνωστον
673 2941 710 3007 ἐν
730 2936 888 3024 Ἀθήναις
913 2942 1085 3021 παρθένος

70 3042 213 3123 διέμεινε
230 3042 323 3125 μέχρι
338 3049 395 3125 τῆς
413 3038 589 3126 ἀποτομῆς.

157 3144 300 3208 ΤΡΙΕΦ.
320 3142 388 3207 Καὶ
403 3150 436 3209 εί
444 3166 494 3218 τις
508 3141 686 3225 παρθένον
700 3139 957 3225 καρατομήσειε,
981 3134 1083 3206 ταύτό

68 3240 201 3323 γένοιτο
216 3237 389 3325 φόβητρόν
404 3252 472 3315 τοῖς
488 3247 637 3317 τολλοτςς
660 3236 734 3306 οἶδα
747 3236 812 3325 γὰρ
829 3245 950 3324 μυρίας
966 3241 1082 3325 όιαμε-
1101 3250 1152 3305 595

71 3336 170 3405 letor}
187 3344 366 3422 τμηθείσας
382 3338 496 3427 ,νήσῳ
512 3340 549 3405 έν
565 3336 754 3427 όμφιρότη,
772 3338 908 3425 Κρήτην
923 3337 961 3405 δέ
974 3340 1012 3405 τέ
1025 3361 1083 3423 μιν

69 3438 235 3503 καλέουσι.
259 3437 314 3503 καὶ
328 3442 358 3505 εί
368 3444 466 3504 τοῦτο
478 3440 680 3523 ἐγίνωσκον,
697 3429 813 3506 όιιαλέ
825 3443 961 3521 Κριτία,
978 3438 1083 3515 πόσας

66 3531 242 3618 Γοργόνας
264 3555 317 3601 σοι
335 3531 379 3601 ἄν
392 3534 523 3622 ἤγαγον
540 3538 577 3604 ἐκ
596 3536 747 3623 Κρήτηςς
769 3542 827 3606 καί
842 3558 878 3605 σε
901 3540 1079 3622 στρατηγέ-
