2625 4092
228 279 270 339 6⁶2
581 280 887 338 AOYKIANOY

225 440 442 560 γεγενημένα
452 442 487 505 οί
502 434 729 523 Ἀρεοπαγῖται
749 441 912 525 βλέποιεν.
945 439 1028 509 ὥστε
1050 444 1105 511 καὶ
1125 442 1179 527 σε’,
1207 434 1233 508 ά

225 533 415 621 Ἀνάχαρσι,
434 532 670 622 Ἀρεοπαγίτην
683 538 720 603 ἐν
734 544 780 626 τῷ
795 538 937 620 παρόντι
954 547 1114 627 ποιοῦμαι
1130 546 1234 625 ἔγωγε
1289 559 1290 562 ’

229 636 284 701 καὶ
299 658 381 700 κατα
404 629 464 699 τόν
481 640 537 718 τῆς
554 641 679 721 βουλῆς
700 659 766 721 μου
782 635 889 755 νόμον
904 634 1008 704 άκουε
1028 640 1082 705 καὶ
1104 646 1234 706 σιωπᾶν

229 726 404 815 κέλευε,”
383 757 427 815 ην
446 739 550 849 ριίσθη
566 735 949 820 καταρρητορευόμενος·
973 734 1047 820 άχρι
1068 730 1145 801 δ”
1121 761 1167 801 αν
1185 741 1234 802 οἰ-

229 842 300 898 κεῑα
321 836 366 917 τῷ
391 830 558 915 πράγματι
579 832 728 917 λέγηται,
750 830 902 911 ἐξέτειν’
883 832 1121 918 απομηκύνειν.
1156 830 1291 899 οῦδὲ

228 924 293 1012 γάρ
309 924 358 1010 ὑφ
361 922 471 1016 ’ἡλίῳ
486 932 533 994 ἔτι
548 927 759 1013 ποιησόμεθα
772 926 835 1015 τὴν
850 927 1095 1015 συνουσίαν,“
1074 957 1118 1008 ως
1132 929 1236 1015 α”χθε-
1291 989 1292 1010 ,

230 1034 311 1091 σθαι
326 1028 356 1090 εί
371 1020 611 1092 άποτείνοιτο’
592 1051 612 1109 η
629 1028 739 1111 ῥῆσις,
762 1022 889 1093 άλλά“
866 1054 888 1112 η
908 1054 943 1095 τε
962 1026 1038 1095 σκιά
1053 1053 1164 1113 πυκνη
1181 1026 1235 1093 καλ
1290 1013 1293 1226 Ι

230 1124 323 1210 ἡμεῖς
336 1121 495 1207 σχολὴν”
474 1150 606 1211 αγομεν

159 1236 211 1291 900
315 1229 450 1290 ANAX.
464 1219 676 1308 Εῦγνύμονά
687 1216 1292 1326 σουταῦτα,ύΣόλων,καλέγωγε
1291 1243 1292 1250 “

230 1318 293 1406 ἡῦη
307 1320 406 1405 χάριν
426 1316 471 1386 ού
484 1345 608 1404 μικραν
623 1319 696 1388 οίόά
712 1340 764 1389 σοι
780 1323 834 1390 καὶ
849 1325 901 1391 ἐπὶ
916 1324 1061 1407 τούτοις,
1083 1319 1134 1390 ότι
1147 1326 1235 1402 πάρ-

231 1443 330 1503 εργον
344 1442 406 1484 του
391 1417 524 1503 λόγου
545 1417 655 1486 καὶ
619 1446 659 1486 τα
677 1422 714 1486 ἐν
728 1416 840 1510 Ἀρείρι
857 1420 953 1511 πάγω
968 1420 1152 1506 γιγνόμενα
1167 1420 1236 1485 ἐδι-

231 1517 319 1594 ῦάξω
333 1540 374 1600 με
395 1516 569 1601 θαυμάσια
592 1514 635 1593 ὡς
652 1514 789 1602 άληθός
809 1519 865 1585 καὶ
884 1516 1026 1603 άγαθῦν
1040 1522 1236 1602 βουλευτῶν

230 1620 310 1698 ἔργα
334 1611 416 1698 πρὸς
435 1610 598 1699 ἀληθειαν
619 1615 783 1682 οἰσόντων
801 1612 863 1700 τὴν
877 1623 1002 1700 ψῆφον.
1030 1615 1083 1683 ἐπὶ
1103 1614 1236 1689 τούτοις

230 1704 295 1779 οῦν
307 1709 373 1798 ἤδη
385 1715 475 1797 λέγε,
492 1713 547 1780 καὶ
560 1709 577 1779 ὁ
591 1710 822 1801 Ἀρεοπαγίτης
833 1712 898 1799 έγῦ
910 1754 948 1765 -
961 1721 1060 1781 τοῦτο
1072 1707 1136 1798 γάρ
1150 1716 1237 1780 ἔθου

204 1890 211 1909 x
230 1836 270 1896 με
283 1853 326 1878 ,-
342 1810 424 1877 κατὰ
438 1818 544 1896 σχῆμα
559 1817 615 1896 τῆς
629 1818 753 1897 βουλῆς
769 1806 960 1899 άκούσομαί
971 1832 1043 1877 σου.

314 1912 365 1973 20.
381 1913 483 1973 ΣΟΛ.
509 1905 646 1976 Οὐκοῦν
663 1906 718 1977 διὰ
733 1912 883 1996 βραχέων
896 1914 1103 1993 προακοῦσαι
1119 1905 1183 1992 χρή
1201 1927 1238 1971 σε

231 2003 253 2073 ά
269 2006 344 2090 περὶ
358 2004 486 2083 πόλεως
496 2006 551 2075 καλ
566 2014 712 2074 πολιτῶν
728 2005 808 2093 ἡμῖν
825 2012 930 2076 δοκεῖ·
951 2006 1052 2075 πόλιν
1066 2001 1132 2090 γάρ
1143 2000 1238 2089 ἡμεῖς

230 2100 272 2171 ού
286 2099 326 2169 τά
343 2104 588 2190 οἰκοδομήματα
602 2102 777 2191 ἡγούμεθα
792 2104 892 2189 εἶναι,
909 2100 982 2173 οἷον
996 2110 1083 2188 τείχη
1094 2100 1151 2168 καὶ
1161 2097 1237 2183 ίερά

230 2203 284 2267 καὶ
298 2206 515 2286 νεωσοίκους,
530 2200 615 2272 ἀλλὰ
629 2211 732 2270 ταῦτα
743 2203 804 2289 μέν
819 2202 929 2285 ὥσπερ
947 2203 1041 2287 σῶμά
1052 2226 1084 2267 τι
1102 2199 1238 2282 ἑδραῖον

231 2302 285 2367 καὶ
300 2296 458 2383 άκίυητον
477 2295 639 2386 ὑπάρχειν
656 2302 689 2379 ές
703 2299 873 2388 ὑποδοχὴν
887 2302 942 2369 καὶ
964 2298 1152 2384 ἀσφάλειαν
1169 2304 1238 2363 τῶν

230 2401 514 2482 πολιτευομένων,
536 2395 573 2466 τό
596 2398 631 2467 δὲ
647 2406 715 2466 πᾶν
731 2407 833 2482 κῦρος
847 2402 883 2467 ἐν
896 2413 965 2478 τοῖς
979 2406 1128 2475 πολίταις
1143 2398 1239 2463 τιθέ-

230 2507 335 2583 μεθα·
363 2496 502 2574 τούτους
515 2494 580 2582 γάρ
597 2494 683 2564 εἶναι
697 2495 776 2578 τοῦς
795 2496 1071 2586 ἀναπληροῦντας
1089 2498 1146 2563 καὶ
1163 2499 1240 2562 δια-

230 2597 406 2673 τάττοντας
433 2598 486 2662 καὶ
513 2597 744 2673 ἐπιτελοῦντας
771 2598 892 2663 ἕκαστα
916 2597 971 2664 καὶ
994 2594 1238 2680 φυλάττοντας,

232 2690 349 2764 οἷόντε
367 2697 403 2761 έν
420 2691 499 2780 ἡμῖν
514 2695 639 2784 ἑκάστῳ
659 2697 747 2762 ἐστὶν
765 2692 784 2781 ἡ
806 2695 905 2779 ψυχή.
936 2701 1034 2762 τοῦτο
1056 2690 1096 2778 δὴ
1118 2698 1241 2760 τοίνυν

232 2795 494 2879 κατανοήσαντες
506 2793 754 2880 ἐπιμελούμεθα
768 2796 845 2879 μέν,
862 2791 907 2871 ὡς
917 2790 1016 2881 ὁρᾷς,
1030 2792 1083 2859 καλ
1095 2798 1158 2857 τοῦ
1170 2790 1241 2856 στό-

230 2919 331 2978 ματος
352 2900 409 2977 τῆς
428 2894 555 2971 πόλεως
568 2901 855 2979 κατακοσμοῦντες
870 2889 969 2975 αύτό,
994 2889 1038 2969 ὡς
1058 2891 1240 2957 κάλλιστον

231 2990 311 3079 ἡμῖν
326 3003 392 3077 είη,
410 2996 550 3060 ἔνδοθέν
562 3020 597 3060 τε
611 2993 850 3078 οἰκοδομήμασι
863 2991 1173 3073 κατεσκευασμένον
1184 2989 1241 3055 καί

231 3106 301 3169 ταῖς
326 3097 486 3158 ἔκτοσθεν
504 3091 639 3169 ταύταις
661 3100 850 3178 περιβολαῖς
875 3094 907 3168 ἐς
927 3087 964 3157 τό
987 3087 1241 3174 ἀσφαλέστατον

162 3209 209 3264 901
231 3191 477 3276 πεφραγμένον.
494 3191 634 3276 μάλιστα
646 3193 683 3257 δὲ
694 3193 748 3259 καὶ
760 3194 793 3271 ἐξ
803 3189 949 3267 ἅπαντος
958 3193 1057 3255 τοῦτο
1068 3193 1241 3271 προνοοῦ-

232 3315 309 3375 μεν,
327 3286 416 3367 ὅπως
431 3292 466 3355 οί
478 3297 607 3357 πολῖται
623 3285 747 3373 ἀγαθοὶ
760 3291 822 3374 μὲν
835 3286 894 3367 τάς
908 3286 1032 3372 ψυχάς,
1055 3287 1186 3372 ἰσχυροὶ
1203 3284 1240 3352 δὲ

232 3385 271 3454 τά
287 3388 422 3473 ούματα
434 3395 619 3475 γίγνοιντο·
647 3386 726 3465 τοῦς
746 3384 810 3473 γάρ
826 3387 997 3463 τοιούτους
1011 3390 1106 3469 σφίσι
1120 3408 1156 3450 τε
1174 3380 1240 3449 αύ-

232 3502 301 3567 τοῑς
314 3494 423 3566 καλῶς
435 3488 619 3574 χρήσεσθαι
635 3490 672 3554 έν
688 3486 804 3574 εἰρήνη
818 3485 1166 3570 συμπολιτευομένους
1184 3483 1240 3550 καί
