2625 4092
253 265 258 273 ’
363 289 795 348 ΨΕυΔοΛοΓιετειΣ
967 239 1081 350 '177

70 453 220 534 λαβιῖειυ
241 450 440 515 διδάσκοντα
456 455 571 535 μακρῷ
587 446 697 537 χρόνῳ
718 453 873 532 ἔβοσκον·
896 447 959 534 ήδη
976 447 1080 516 δὲκαὶ

69 543 153 622 τούς
174 543 369 628 ἀλλοτρίους
391 545 531 623 τούτους
552 546 674 630 λόγους
693 541 960 632 ὑποκρινόμενον
980 565 1081 627 σοφι-

69 640 157 728 στήν
174 641 257 710 εἶναι
280 648 390 710 δοκεῖν
411 645 548 727 ἐποίησα
563 644 617 708 καὶ
637 641 700 726 τήν
720 643 823 727 μηδὲν
844 641 1080 727 προσήκουσαν

70 741 177 820 δόξαν
189 747 341 826 περιῆψα.
362 748 395 806 τί
404 746 521 806 τοί-νυν
536 746 734 824 τηλικούτου
750 745 834 824 ἔχων
849 742 999 825 ἐγκαλεῖν
1009 765 1080 804 τοι-

69 838 159 904 αύτά
171 864 210 924 με
225 844 376 924 διατίθης
385 841 439 906 καὶ
455 839 633 916 ἐπιτάττεις
648 840 850 924 ἐπιτάγματα
862 847 1010 923 αἴσχιστα
1023 837 1078 904 καὶ
1099 848 1148 904 182

68 934 259 1020 ὑπουργίας
273 937 538 1017 καταπτύστους;
562 936 622 1023 ούχ
635 939 734 1006 ίκανά
746 963 801 1023 μοι
814 934 853 1004 τά
866 939 917 1004 ἐπὶ
930 945 987 1021 της
998 933 1079 1021 ἡμέ-

70 1061 135 1116 ρας
155 1040 250 1120 ἐργα,
268 1038 457 1114 ψεύδεσθαι
475 1037 530 1102 καὶ
544 1038 711 1119 ἐπιορκεῖν
727 1034 877 1111 καὶτοὺς
897 1035 1078 1110 τοσούτους

72 1131 204 1208 ὕθλους
220 1137 273 1200 καὶ
292 1135 414 1218 λήρους
434 1137 616 1217 διαντλεῖν,
639 1135 818 1218 μᾶλλονδὲ
834 1129 894 1198 τόν
909 1131 1078 1217 βόρβορον

68 1237 140 1296 τῶν
155 1230 267 1316 λόγων
283 1235 421 1298 ἐκείνων
437 1234 543 1316 ἐμεῖν;
565 1228 639 1298 ἀλλ’
659 1228 737 1297 οὐδὲ
758 1229 881 1309 νυκτός
899 1228 960 1316 τήν
976 1253 1077 1295 κακο-

69 1332 214 1412 δαίμονα
234 1327 357 1415 σχολήν
377 1329 473 1416 ἀγειν
488 1333 559 1418 ἐᾷς,
582 1325 666 1396 ἀλλά
681 1327 767 1413 μόνη
787 1348 840 1394 σοι
860 1329 968 1394 πάντα
991 1331 1077 1392 ποιῶ

68 1428 126 1493 καὶ
148 1433 313 1511 πατοῦμαι
334 1429 388 1493 καὶ
405 1433 591 1511 μιαίνομαι,
619 1427 675 1494 καὶ
692 1422 765 1494 ἀντὶ
786 1426 931 1510 γλεύττης
947 1423 1008 1491 όσα
1023 1426 1078 1492 καὶ

67 1525 152 1608 χειρὶ
172 1530 318 1609 χρῆσθαι
340 1526 520 1607 διέγνωκας
536 1526 592 1591 καὶ
613 1522 724 1606 ὥσπερ
742 1521 918 1605 ἀλλοτρίαν
935 1519 1077 1607 ὑβρίζεις
1119 1565 1122 1572 ·

68 1622 126 1690 καὶ
142 1623 326 1704 ἐπικλύζεις
345 1625 516 1701 τοσούτοις
536 1637 658 1701 κακοῖς.
691 1631 803 1691 λαλεῖν
823 1648 879 1706 μοι
895 1627 994 1706 ἔργον
1010 1625 1077 1690 ἐστὶ

69 1719 196 1803 μόνον,
220 1717 260 1786 τά
276 1721 312 1787 δὲ
326 1727 462 1787 τοιαῦτα
478 1735 586 1788 ποιεῖν
606 1722 661 1789 καὶ
681 1722 819 1805 πάσχειν
836 1718 947 1796 ἀλλοις
963 1722 1077 1803 μέρεσι

68 1818 317 1897 προστέτακται.
348 1815 392 1894 ύς
410 1815 517 1901 ύφελε
531 1815 616 1903 κάμέ
626 1843 676 1894 τις
698 1816 808 1901 ω’σπερ
823 1814 885 1904 τήν
899 1824 955 1903 τῆς
973 1824 1076 1885 Φιλο-

68 1915 176 2000 μήλας
188 1917 345 2001 ἐκτεμεῖν.
368 1913 611 1999 μακαριώτεραι
625 1921 710 2000 γοῦν
725 1940 791 1999 μου
806 1919 842 1982 αλ
852 1921 992 1998 γλῶτται
1008 1920 1076 1980 τῶν

67 2011 108 2079 τά
124 2015 223 2080 τέκνα
238 2013 517 2099 κατεδηδοκότων.

154 2115 204 2177 26.
221 2107 312 2194 Πρός
326 2119 435 2195 θεων,
449 2106 494 2197 ήν
504 2112 582 2198 λε’γη
595 2119 698 2178 ταῦτα
710 2113 730 2197 ή
744 2118 872 2196 γλῶττα
887 2115 975 2178 ίδίαν
990 2107 1074 2196 αύτή

69 2205 190 2293 φωνήν
202 2215 351 2294 λαβοῦσα
368 2212 421 2276 καὶ
438 2207 498 2276 τόν
511 2209 658 2294 πάγωνα
673 2209 862 2295 συνήγορον
879 2211 1074 2278 ἐπικαλεσα-

69 2310 170 2392 μέυη,
194 2314 228 2374 τί
242 2302 286 2372 ἀν
305 2305 501 2392 ἀποκρίναιο
515 2303 615 2396 αύτής
637 2310 746 2374 ἐκεῖνα
766 2312 869 2391 δῆλον
890 2305 957 2390 ότι,
977 2304 1000 2374 ἀ
1020 2307 1075 2376 καὶ

68 2402 153 2489 πρός
168 2401 229 2470 τόν
240 2411 396 2471 Γλαῦκον
416 2410 552 2492 ἐναγχος
568 2413 697 2491 εἴρηταί
708 2427 761 2474 σοι
782 2408 835 2474 ἐπὶ
852 2409 1072 2494 πεπραγμένῳ

67 2501 133 2590 ήδη
149 2509 195 2591 τῷ
210 2506 295 2590 ἔργω
310 2505 524 2589 αἰτιώμενον,
540 2503 584 2582 ὡς
598 2506 651 2572 ἐπὶ
665 2504 772 2592 τούτῳ
790 2510 921 2584 ἔνδοξος
936 2509 973 2572 ἐν
988 2513 1073 2591 βρα-

66 2616 120 2687 χεῖ
131 2603 185 2668 καὶ
201 2601 369 2687 γνώριμος
379 2601 481 2669 ἀπασι
492 2607 685 2688 γεγένησαι,
703 2602 812 2669 πόθεν
824 2597 867 2670 ἀν
879 2602 966 2670 οὕτω
977 2628 1072 2684 περι-

67 2700 190 2788 βόητος
206 2702 258 2766 ἐπὶ
268 2715 335 2778 τοῖς
345 2700 455 2785 λόγοις
469 2701 664 2786 γενόμενος;
686 2698 857 2786 ἀγαπητόν
868 2701 904 2768 δέ
914 2700 1073 2768 ὁπωσοῦν

67 2795 203 2866 κλεινόν
225 2801 280 2865 καὶ
300 2796 488 2884 ὀνομαστόν
504 2798 597 2867 εἶναι.
628 2796 697 2865 εἶτα
713 2799 970 2886 καταριθμήσεις
986 2797 1072 2886 αὐτῇ
1091 2813 1141 2867 183

67 2895 125 2973 τάς
139 2896 265 2975 πολλάς
277 2918 339 2963 σου
353 2907 591 2985 προσηγορίας,
608 2897 732 2977 ὁπόσας
743 2896 825 2966 κατά
840 2903 925 2984 ἔθνη
938 2905 1072 2982 προσεί-

67 3004 185 3081 ληφας.
215 2994 303 3063 όκαὶ
323 3000 500 3084 θαυμάζω,
523 2996 573 3064 ότι
588 2994 650 3081 τήν
665 2995 726 3081 μὲν
743 2994 922 3080 ἀποφράδα
939 3000 1074 3082 ἐδυσχέ-

68 3121 173 3176 ρανας
188 3092 349 3180 ἀκούσας,
371 3093 423 3162 ἐπ’
440 3099 576 3173 ἐκείνοις
591 3097 627 3161 δὲ
647 3110 715 3173 τοῖς
733 3093 895 3180 ὀνόμασιν
914 3094 976 3162 ούκ
990 3094 1073 3180 ήγα-

67 3193 216 3277 υάκτεις,
232 3199 281 3262 27.
295 3198 331 3260 ἐν
343 3200 453 3282 Συρίᾳ
466 3195 528 3278 μὲν
541 3195 735 3280 βοδοδάφνη
747 3200 898 3279 κληθείς,
915 3191 969 3278 ἐφ’
986 3186 1013 3259 ό
1025 3195 1071 3278 δέ,

68 3291 109 3378 νή
125 3291 188 3378 τήν
200 3290 364 3376 Ἀθηνᾶν,
380 3291 577 3377 αἰσχύνομαι
592 3298 793 3378 διηγεῖσθαι·
816 3291 899 3360 ὥστε
916 3291 954 3360 τό
970 3291 1003 3379 γ’
1017 3290 1069 3360 ἐπ’

67 3393 137 3476 ἐμοὶ
151 3388 276 3474 ἀσαφὲς
289 3394 335 3456 ἐτι
350 3395 449 3456 ἔστω·
478 3393 514 3457 ἐν
528 3396 733 3476 Παλαιστίνη
748 3388 784 3456 δὲ
798 3386 950 3475 φραγμός
965 3394 997 3466 ἐς
1013 3388 1072 3470 τάς

64 3487 220 3566 ἀκάνθας
230 3494 290 3554 τού
301 3489 472 3574 πάγωνος,
484 3487 589 3574 οἶμαι,
602 3489 652 3556 ότι
665 3494 777 3556 ἐυυττε
790 3487 929 3638 μεταξτιόῖ·
949 3491 995 3554 ἐτι
1006 3485 1070 3573 γάρ

151 3599 255 3637 wem«.
278 3583 323 3637 111.
911 3594 920 3608 ·
