2625 4092
218 217 279 280 236
582 217 873 278 AOYKIANOT

149 395 196 450 361
221 387 272 446 ἐπὶ
287 387 331 470 τῷ
347 378 482 464 πώγωνι
497 383 551 446 καὶ
569 385 607 465 τη
622 385 721 467 λοιπή
737 384 929 464 σεμνότητι,
951 378 992 446 τά
1006 404 1042 445 τε
1053 377 1138 446 άλλα
1154 383 1219 464 διη-

217 480 370 568 γουμένῳ
385 479 465 567 περὶ
488 483 549 543 τοῦ
564 479 728 558 Πρωτέως
751 480 805 543 καὶ
827 475 870 554 ως
892 473 973 561 μετά
992 475 1029 542 τό
1056 482 1218 560 καυθῆναι

218 576 376 642 θεάσαιτο
393 571 496 641 αύτόν
517 577 553 640 ἐν
568 583 671 663 λευκή
687 577 802 660 έσθήτι
820 573 943 660 μικρόν
958 581 1153 661 ἔμπροσθεν
1172 579 1219 641 καὶ

220 681 282 740 νῦν
302 672 458 741 ἀπολίποι
483 679 728 755 περιπατοῦντα
750 669 897 758 φαιδρὸν
918 675 954 740 ἐν
976 681 1014 761 τή
1041 672 1219 759 ἑπταφώνῳ

218 779 298 860 στοᾷ
311 778 430 862 κοτίνῳ
445 797 479 836 τε
491 771 709 855 ἐστεμμένον·
730 767 787 837 εἶτ’
805 773 858 838 ἐπὶ
870 779 949 836 πᾶσι
964 773 1157 854 προσέθηκε
1166 766 1219 835 τόν

217 879 323 956 γῦπα,
346 868 567 954 διομνύμενος
588 861 692 954 ήμην
709 865 810 945 αὐτός
831 870 1011 950 ἑωρακέναι
1034 866 1219 952 άναπτάμε-

219 995 279 1036 νον
295 971 331 1036 ἐκ
345 975 402 1054 τῆς
417 975 541 1052 πυρᾶς,
559 965 599 1032 όν
615 965 678 1051 ἐγω
693 965 1022 1065 μικρόνθέμπροσθευ
1037 964 1152 1051 άφήκα
1167 966 1218 1031 πέ-

217 1076 334 1134 τεσθαι
346 1073 576 1151 καταγελῶντα
588 1073 656 1131 τῶν
668 1063 821 1152 ἀνοήτων
833 1068 886 1132 καὶ
896 1072 1066 1150 βλακικῶν
1075 1061 1136 1130 τόν
1147 1063 1218 1146 τρό-

217 1190 292 1232 πον.
315 1170 365 1233 41.
382 1164 492 1232 ἐννόει
504 1162 539 1228 τό
552 1163 672 1231 λοιπόν
683 1160 736 1232 οἷα
748 1163 835 1243 εἰκός
846 1162 897 1232 ἐπ’
912 1163 1001 1254 αὐτῷ
1011 1163 1215 1249 γενήσεσθαι,

217 1272 313 1341 ποίας
324 1261 385 1347 μέν
397 1259 437 1328 ού
452 1270 601 1346 μελίττας
613 1263 848 1349 ἐπιστήσεσθαι
858 1266 910 1332 ἐπὶ
923 1262 983 1330 τόν
994 1263 1116 1344 τόπον,
1133 1267 1215 1335 τίνας

217 1362 253 1428 δέ
263 1363 408 1445 τέττιγας
419 1358 481 1426 οὐκ
491 1363 686 1447 ἐπᾴσεσθαι,
701 1369 793 1441 τίνας
804 1362 840 1427 δὲ
851 1360 1003 1447 κορύνας
1013 1360 1076 1427 ούκ
1087 1356 1214 1441 ἐπιπτή-

217 1471 337 1528 σεσθαι
348 1459 502 1545 καθάπερ
514 1463 565 1528 ἐπὶ
577 1459 636 1527 τόν
649 1459 806 1530 Ἡσιόδου
816 1463 944 1547 τάφον,
959 1458 1064 1529 καὶτὰ
1076 1467 1209 1528 τοιαῦτα
1293 1510 1294 1555 χ

148 1578 198 1632 362
220 1559 350 1635 εἰκόνας
366 1558 427 1642 μέν
438 1557 502 1643 γάρ
515 1559 604 1642 παρά
619 1585 652 1626 τε
668 1557 803 1628 Ἠλείων
815 1559 927 1628 αὐτῶν
938 1561 1029 1642 παρά
1040 1585 1074 1626 τε
1086 1565 1151 1624 τόν
1161 1555 1214 1622 άλ-
1293 1558 1294 1573 ¹

218 1667 287 1724 λων
297 1653 474 1741 Ἑλλήνων,
492 1651 540 1734 οἷς
555 1658 608 1724 καὶ
619 1661 851 1726 ἐπεσταλκέναι
865 1664 991 1743 ἔλεγον,
1006 1657 1123 1725 αὐτίκα
1134 1655 1213 1742 μάλα
1293 1650 1294 1671 ¹

218 1755 290 1824 οἶδα
306 1754 430 1832 πολλάς
441 1753 719 1842 ἀναστησομένας.
743 1759 825 1842 φασὶ
840 1760 876 1824 δὲ
890 1756 1011 1836 πάσαις
1025 1755 1143 1842 σχεδόν
1153 1768 1216 1830 ταῖς
1293 1760 1294 1795 ἴ

218 1855 364 1932 ἐνδόξοις
380 1855 519 1921 πόλεσιν
539 1851 710 1931 ἐπιστολάς
732 1857 913 1940 διαπέμψαι
933 1852 1037 1922 αὐτόν
1061 1853 1216 1936 διαθήκας

218 1951 310 2029 τινάς
330 1956 383 2018 καὶ
402 1954 611 2034 παραινέσεις
629 1955 680 2019 καὶ
698 1953 838 2037 νόμους·
866 1961 924 2019 καί
940 1979 1032 2030 τινας
1049 1953 1101 2019 ἐπὶ
1116 1951 1217 2036 τούτῳ

217 2046 421 2135 πρεσβευτάς
435 2059 503 2116 των
519 2052 658 2133 ἐπαίρων
675 2053 900 2137 ἐχειροτόνησε
917 2052 1157 2136 νεκραγγέλους
1168 2048 1220 2114 καὶ

217 2148 500 2232 νερτεροδρόμους
514 2151 793 2232 προσαγορεύσας.

300 2252 352 2314 42.
368 2253 474 2312 Τοῦτο
486 2251 577 2323 τέλος
588 2256 647 2312 τοό
659 2253 900 2332 κακοδαίμονος
910 2250 1071 2329 Πρωτέως
1082 2251 1221 2333 ἐγένετο,

217 2345 355 2429 ανδρός,
374 2342 417 2422 ὡς
431 2353 548 2430 βραχεῖ
560 2345 647 2434 λόγῳ
665 2351 872 2431 περιλαβεῖν,
888 2343 971 2426 πρός
985 2341 1148 2430 άλήθειαν
1159 2345 1221 2430 μὲν
1293 2344 1294 2375 ¹

216 2443 426 2512 ούδεπιόποτε
440 2440 706 2529 άποβλέψαντος,
724 2447 775 2510 ἐπὶ
788 2446 867 2532 δόξη
879 2444 915 2512 δὲ
927 2445 982 2512 καὶ
996 2452 1041 2534 τῷ
1053 2443 1142 2526 παρὰ
1154 2451 1223 2510 τῶν
1293 2448 1294 2453 ’

216 2551 349 2613 πολλῶν
363 2543 486 2632 ἐπαίνῳ
504 2541 633 2609 ἅπαντα
651 2544 801 2620 εἰπόντος
819 2540 868 2609 άεί
886 2545 938 2609 καὶ
954 2543 1157 2627 πράξαντος,
1180 2542 1224 2622 ὡς
1293 2542 1294 2605 ζ

217 2645 269 2710 καί
283 2649 327 2720 εἰς
344 2651 410 2722 πῦρ
425 2639 602 2718 ἅλλεσθαι,
627 2639 682 2707 ὅτε
699 2639 776 2726 μηδ’
793 2639 977 2708 ἀπολαύειν
992 2649 1060 2708 τῶν
1075 2645 1224 2709 ἐπαίνων
1293 2712 1294 2715 ,

217 2747 351 2824 ἔμελλεν
377 2738 577 2825 ἀναίσθητος
602 2737 714 2804 αὐτων
735 2739 922 2823 γενόμενος.
959 2744 1009 2806 43.
1037 2743 1074 2806 ἓν
1100 2746 1146 2805 ἐτι
1169 2761 1224 2807 σοι

215 2836 545 2922 προσδιηγησάμενος
561 2835 745 2921 παύσομαι,
770 2833 813 2910 ὡς
829 2841 902 2923 έχης
917 2838 976 2906 ἐπὶ,
991 2835 1077 2903 πολύ
1100 2843 1222 2921 γελᾶν·

216 2938 324 3002 ἐκεῖνα
337 2933 473 3018 μὲνγὰρ
487 2934 586 3000 πάλαι
603 2931 702 2999 οἶσθα
717 2928 822 3010 εὐθύς
831 2931 978 3011 οἰκούσας
991 2960 1056 3018 μου
1068 2935 1123 3000 ὅτε
1139 2927 1225 3019 ήιιον

147 3049 197 3104 363
217 3030 282 3099 άπό
294 3040 422 3115 Συρίας
433 3033 656 3118 διηγουμένου
669 3029 713 3110 ὡς
724 3029 788 3098 άπό
805 3031 961 3118 Τρωάδος
977 3032 1224 3118 συμπλεύσαιμι

217 3129 305 3219 αὐτῷ
322 3130 374 3196 καὶ
389 3131 451 3215 τήν
462 3156 496 3196 τε
508 3129 612 3215 άλλην
628 3127 689 3215 τήν
701 3132 735 3194 ἐν
746 3138 791 3214 τῷ
805 3136 876 3218 πλῷ
891 3127 1023 3214 τρυφήν
1034 3131 1089 3195 καὶ
1100 3127 1137 3196 τό
1150 3155 1223 3214 μει-
1293 3132 1294 3217 ¹

218 3229 336 3308 ράκιον
351 3225 386 3292 τό
407 3224 546 3308 ὡραῖον,
569 3225 588 3293 ό
604 3234 711 3294 ε”πεισε
728 3233 889 3311 κυνίζειν,
909 3224 953 3305 ὦς
969 3231 1035 3312 ἔχοι
1051 3228 1105 3293 καὶ
1121 3225 1225 3304 αὐτός

217 3349 289 3389 τινα
303 3321 528 3408 Ἀλκιβιάδην,
546 3327 599 3391 καὶ
612 3321 654 3402 ως
665 3325 892 3409 ἐπιταραχθεὶς
906 3325 967 3408 μὲν
982 3331 1038 3408 τῆς
1052 3323 1176 3403 νυκτός
1189 3329 1224 3392 έν
1293 3382 1294 3385 ,

134 3501 137 3508 Δ
218 3422 306 3508 μέσῳ
318 3427 362 3509 τῷ
377 3427 503 3510 Αἰγαίῳ
518 3424 650 3507 γνόφου
663 3423 866 3507 καταβάντος
881 3425 936 3490 καὶ
950 3430 1039 3508 κῦμα
1054 3427 1227 3509 παμμέγε-
1293 3438 1294 3441 ’
