2625 4092
221 290 285 354 κιο
568 292 897 372 [Αοαειιιιοη

222 479 285 539 την
298 450 553 541 ἀκαταμάχητον
563 450 826 537 ἀποκατέστησα,
839 456 972 538 ποιηταί
987 454 1089 522 δὲκαὶ
1101 455 1237 538 όήτορες

224 550 306 621 κατὰ
322 556 411 622 πολύ
426 579 466 639 με
480 557 636 635 Περσέως
651 554 822 634 διέκριναν
838 547 883 629 ῶς
899 558 1055 631 πλείονας
1066 554 1236 638 Γοργόνας

224 654 443 739 ἐφευρηκότα.
475 658 524 720 10.
543 647 618 718 ἀλλ’
639 655 687 724 ἔτι
707 648 931 735 ἀνεμνήσθην
944 648 984 719 τά
1000 659 1069 718 τῶν
1083 657 1238 736 Κρητῶν,

224 754 259 817 οἳ
269 750 379 835 τάφον
395 748 631 817 έπεδείκννντό
645 774 702 833 μοι
718 754 781 813 τοῦ
795 748 880 825 Διός
895 768 961 814 σου
973 750 1029 817 καί
1043 745 1084 815 τὰ
1098 746 1165 833 τήν
1178 776 1238 834 μη-

223 851 301 933 τέρα
323 853 498 933 θρέψαντα
519 849 656 933 ίόχμια,
686 844 731 924 ῶς
751 842 922 924 ἀειθαλεῖς
943 850 981 926 μί
999 845 1121 931 λόγμαι
1144 839 1238 915 αὗται

225 948 429 1033 διαμένουσι.

309 1052 388 1116 ΚΡΙ
390 1053 424 1113 Τ.
439 1043 526 1114 Ἀλλ’
539 1043 602 1113 οὐκ
611 1050 788 1132 ἐγίνωσκες
797 1044 860 1131 τήν
871 1043 1005 1135 ἐπῳδήν
1014 1047 1069 1113 καὶ
1079 1044 1122 1112 τά
1133 1045 1239 1133 ὄργια.

155 1158 205 1216 ⁶96
313 1150 454 1213 ΤΡΙΕΦ.
478 1152 521 1213 Ec
540 1154 661 1230 ταῦτα,
686 1138 713 1212 ῶ
734 1152 871 1229 Κριτία,
897 1148 931 1228 ἐξ
950 1149 1079 1234 ἐπῳδῆς
1100 1149 1241 1232 ἐγίνετο,
1288 1153 1289 1218 ξ

223 1239 294 1329 τάχ’
312 1238 356 1311 ἀν
371 1245 424 1312 καὶ
442 1246 478 1311 έκ
499 1245 653 1311 νεκάδῶν
676 1244 853 1330 ἐξήνεγκεν
870 1239 914 1310 ἀν
933 1248 987 1312 καὶ
1008 1247 1042 1323 ἐς
1057 1244 1095 1312 τὸ
1111 1249 1241 1329 γλυκύ-

223 1368 324 1409 τατον
339 1344 426 1427 φάος
441 1340 620 1429 ἀνήγαγεν.
642 1340 727 1410 ἀλλά
741 1350 843 1429 λῆρος
856 1344 997 1429 παίγνιά
1010 1347 1120 1412 τεκαὶ
1134 1352 1241 1430 μῦθοι

224 1437 314 1520 παρὰ
341 1447 409 1507 τῶν
432 1447 581 1526 ποιητῶν
600 1442 918 1527 τερατολογοόμενα.
951 1441 1036 1510 ῶστε
1059 1450 1167 1511 ἔασον
1192 1445 1241 1511 καί

225 1540 359 1623 ταύτην.

312 1640 361 1704 ll.
376 1644 454 1707 KP]
458 1645 492 1707 Τ.
509 1636 617 1723 Ἣρμν
632 1640 668 1707 δὲ
683 1636 745 1725 τήν
756 1636 838 1716 Διός
849 1637 997 1726 γαμετήν
1007 1643 1062 1709 καί
1077 1648 1243 1727 κασίγνη·
1288 1717 1289 1728 ,

226 1762 285 1802 τον
301 1733 342 1803 οὐ
356 1738 543 1825 παραδέχης

315 1841 456 1904 ΤΡΙΕΦ.
485 1843 573 1921 Σίγα
589 1842 646 1922 τῆς
667 1833 907 1922 ἀσελγεστάτης
925 1838 1024 1903 ἕνεκα
1045 1842 1171 1920 μιξεῶς
1193 1840 1242 1903 καὶ

225 1930 288 2018 τήν
304 1935 339 2000 ἐκ
357 1939 476 2002 ποδοῖν
493 1938 547 2002 καὶ
563 1948 675 2020 χεροῖν
691 1938 911 2021 ἐντεταμένην
926 1937 1140 2019 παρόδραμε.

313 2036 362 2097 12.
384 2037 464 2099 KPI
466 2039 500 2099 T.
521 2038 587 2099 Καὶ
602 2039 677 2099 τίνα
694 2033 911 2119 ἐπομόσαμαί
923 2056 980 2118 γες

314 2140 456 2201 ΤΡΙΕΦ.
473 2132 690 2219 ’Τνιμέδοντα
706 2133 808 2215 θεόν,
830 2138 952 2220 μέγαν,
969 2130 1167 2218 ἄμβροτον,
1187 2131 1242 2199 ου

807 2240 967 2315 ρανίωνα,

288 2329 365 2400 νίὸν
382 2332 522 2417 πατρός,
540 2340 673 2418 πνεῦμα
687 2336 723 2409 ἐκ
739 2331 864 2415 πατρὸς
878 2331 1168 2415 ἐκπορευόμενον,

289 2435 326 2499 ἓν
340 2434 377 2498 ἐκ
393 2439 495 2513 τριῶν
511 2436 566 2500 καὶ
581 2435 613 2512 ἐξ
628 2431 704 2511 ἑνὸς
719 2438 804 2514 τρία,

157 2550 205 2605 597
287 2538 390 2597 ταῦτα
405 2532 516 2615 νόμιζε
532 2538 640 2616 Ζῆνα,
660 2528 753 2599 τόνδ’
768 2529 856 2616 ἡγοῦ
869 2529 964 2598 θεόν.

310 2637 426 2699 ΚΡΙΤ.
456 2629 644 2717 Ἀριθμέειν
660 2658 700 2718 με
723 2631 906 2715 διδάσκεις,
931 2657 986 2698 και
1006 2628 1112 2711 ὅρκος
1130 2629 1153 2717 ἡ
1169 2630 1239 2715 ἀρι-

227 2729 387 2816 θμητική
410 2729 541 2818 καὶγὰρ
555 2729 728 2815 ἀριθμέεις
741 2728 784 2809 ῶς
795 2731 989 2815 Νικόμαχος
1002 2726 1020 2797 ὁ
1032 2734 1238 2817 Γερασηνός.

226 2828 288 2897 οὐκ
298 2830 371 2899 οἶδα
381 2828 447 2917 γὰρ
457 2840 491 2898 τί
498 2836 614 2917 λέγεις,
626 2836 664 2899 ἓν
676 2837 761 2915 τρία,
773 2837 847 2913 τρία
860 2830 906 2896 ἓν.
926 2826 971 2915 μή
982 2826 1045 2913 τήν
1054 2829 1233 2913 τετρακτάτ

227 2928 292 3014 φής
307 2929 369 3015 τήν
376 2931 588 3015 Πυθαγόρου
604 2926 627 3017 ἧ
641 2927 704 3015 τήν
717 2928 865 3014 ὀγδοάδα
878 2930 935 2995 καί
947 2927 1137 3010 τριακάδας

314 3036 455 3096 ΤΡῙΕΦ.
478 3037 564 3115 Σίγα
577 3026 616 3096 τά
629 3032 732 3109 νέρθε
747 3031 802 3096 καὶ
817 3027 857 3095 τά
869 3034 963 3112 σιγῆς
977 3026 1062 3106 ἀξια.

225 3124 288 3193 οάκ
303 3119 459 3195 ἔσθ’·ῶδε
475 3142 607 3213 μετρεῖν
627 3124 668 3195 τά
686 3135 825 3204 ψυλλῶν
841 3138 924 3212 ίχνη.
959 3127 1026 3211 ε’γῶ
1041 3126 1113 3212 γάρ
1133 3147 1176 3194 σε
1195 3133 1239 3194 δι·

227 3226 315 3305 δόξω
327 3232 361 3292 τί
368 3224 405 3292 τό
417 3234 485 3293 πᾶν
496 3228 551 3293 καὶ
563 3233 611 3303 τίς
621 3223 640 3291 ὁ
651 3225 770 3315 πρῴην
781 3227 918 3292 πάντων
927 3225 982 3292 καὶ
994 3232 1027 3291 τί
1034 3222 1072 3290 τό
1087 3227 1238 3311 σύστημα

226 3332 287 3393 τοῦ
301 3325 441 3402 παντός·
473 3328 528 3401 καὶ
545 3323 609 3411 γὰρ
628 3327 746 3414 πρῴην
760 3322 853 3411 κάγῶ
869 3331 974 3392 ταῦτα
991 3330 1144 3409 ἔπασχον
1159 3325 1239 3403 ὅπερ

227 3427 286 3505 σύ,
321 3420 417 3508 ἡνίκα
439 3428 478 3491 δέ
500 3450 557 3509 μοι
577 3432 753 3503 Γαλιλαῖος
777 3435 945 3510 ἐνέτυχεν,
974 3423 1240 3507 ἀναφαλαντίας.

229 3525 413 3603 ίπίρρινος,
439 3526 472 3600 ές
486 3531 598 3603 τρίτον
618 3523 768 3606 οὐρανὸν
783 3520 1011 3607 ἀεροβατήσας
1025 3526 1083 3591 καὶ
1101 3524 1146 3591 τὰ
1165 3529 1240 3593 καί·
