2625 4092
222 272 284 337 378
577 275 882 337 AOYKIANOY

221 432 319 521 ἡμῑνς
339 438 377 503 αί
387 434 448 521 μὲν
464 436 610 521 τριήρεις
622 437 676 503 καὶ
690 431 708 502 ὁ
720 431 898 517 Πειραιεύς
912 436 968 527 καί
982 434 1022 501 τά
1036 432 1161 517 νεάρια
1172 440 1221 519 λή-

223 558 279 613 ρος
295 537 407 618 ἐμοιγε
422 534 477 601 καλ
499 532 687 620 φλήναφος.
719 537 753 601 τί
766 527 799 598 δ’
817 527 861 599 ἄν
877 530 1221 615 άνθροιποτπράξαιεν

223 629 507 717 διονυσιάζοντες,
528 633 564 699 ἐν
584 636 798 718 κρεανομίαις
813 636 1015 712 κατάξαντες
1035 633 1091 700 καλ
1105 642 1222 717 χορολςς

152 744 204 800 517
224 737 254 799 εί
265 732 301 799 δὲ
314 727 359 817 μή
374 734 600 818 Δημοσθένης
616 728 662 823 εἷς
675 734 712 801 ἐν
724 730 913 817 Ἀθηναίοις
927 733 1076 816 ἐγένετο,
1088 734 1174 819 ῥᾷον
1187 725 1223 795 όν

223 839 354 915 είχομεν
365 826 427 915 τήν
442 829 543 921 πόλιν
556 825 578 915 ή
591 836 759 916 Θηβαίους
768 831 823 897 καί
833 827 1020 907 Θετταλούς
1029 826 1223 910 ἀπατῶντες,

222 925 429 1013 βιαζόμενοι,
447 928 655 1012 φθάνοντες,
675 924 878 1014 ὠνούμενοι·
906 934 973 993 νῦν
988 928 1025 995 δὲ
1045 921 1093 1005 εἷς
1107 929 1224 1001 ἐκεῖνος

222 1023 384 1111 ἐγρήγορε
397 1024 452 1095 καί
467 1032 549 1095 πᾶσι
565 1039 633 1104 τοῖς
647 1037 775 1107 καιροῖς
791 1027 951 1110 ἐφέστηκε
963 1026 1019 1094 καί
1032 1039 1104 1102 ταῖς
1115 1020 1221 1110 ἡμετέ·

223 1148 296 1206 ραις
311 1119 429 1208 ὁρμαίς
451 1126 677 1192 ἐπακολουθεῖ
694 1126 749 1193 καί
771 1137 839 1202 τοῖς
853 1123 1123 1209 στρατηγήμασιν
1140 1119 1224 1187 ἀντι-

222 1218 470 1302 παρατάττεται.
486 1220 706 1307 λανθάνομεν
716 1221 753 1289 δὲ
764 1217 1157 1307 αύτδνούτεχνάζοντες,
1170 1214 1224 1285 ούι
1284 1295 1286 1320 Ι

221 1325 480 1407 ἐπιχειροῦντες,
494 1319 535 1389 ού
545 1320 805 1409 βουλευόμενοι,
817 1322 974 1402 καθάπαξ
984 1322 1128 1407 κύλυμά
1138 1348 1170 1390 τι
1179 1320 1225 1392 καί
1284 1335 1286 1338 ’

221 1417 387 1505 πρόβολος
406 1414 487 1505 ἡμίν
511 1416 695 1501 ἅνθρωπός
712 1422 797 1504 ἐστι,
818 1416 863 1505 μή
884 1414 984 1487 πάντ’
1003 1426 1092 1505 ἐχειν
1107 1422 1142 1498 ἐξ
1162 1422 1225 1485 ἐκι-

222 1521 356 1601 δρομής.
386 1515 424 1584 τό
440 1520 482 1602 γε’
497 1542 549 1584 τοι
568 1512 643 1584 κατ’
664 1514 769 1585 αύτόν
787 1512 851 1585 ούκ
867 1515 1066 1605 Ἀμφίπολιν
1087 1520 1225 1601 εἵλομεν,

221 1612 283 1681 οὐκ
292 1611 480 1698 Ὄλυνθον,
497 1612 539 1681 ού
554 1616 760 1693 Φωκέαςκαὶ
774 1614 891 1693 Πύλας
907 1622 1062 1702 ἔσχομεν,
1085 1610 1133 1681 ού
1147 1622 1226 1697 Χερ-

222 1710 369 1799 ρονήσου
382 1714 437 1781 καλ
456 1719 525 1779 τῶν
541 1716 617 1795 περὶ
632 1710 693 1780 τόν
708 1709 954 1799 Ἑλλήσποντον
967 1713 1224 1799 κεκρατήκαμεν.

221 1816 271 1879 36.
298 1807 372 1878 ἄλλ’
397 1806 551 1897 άνίστησι
577 1812 639 1897 μὲν
664 1810 806 1890 ἄκοντας
832 1807 905 1880 οἷον
933 1816 968 1879 ἐκ
992 1812 1227 1898 μανδραγόρου

221 1906 453 1986 καθεύδοντας
469 1906 548 1988 τούς
563 1906 669 1977 αὑτοῦ
691 1916 843 1995 πολίτας,
865 1909 977 1993 ὥσπερ
994 1918 1079 1998 τομῇ
1094 1936 1164 1977 τινι
1180 1908 1227 1975 καλ

221 2004 337 2073 καύσει
352 2012 409 2091 τῆς
423 2008 592 2095 ῥᾳθυμίας
604 2014 644 2095 τῇ
659 2016 826 2095 παρρησίᾳ
840 2011 1024 2094 χριόμενος,
1040 2006 1161 2095 ὀλίγον
1174 2011 1228 2075 τού

221 2099 306 2185 πρός
327 2099 456 2189 ἡδονήν
472 2112 662 2189 φροντίσας.
695 2114 889 2193 μετατίθησι
911 2109 948 2175 δὲ
968 2113 1037 2175 τῶν
1051 2106 1228 2193 χρημάτων

220 2199 299 2279 τούς
311 2202 438 2287 πόρους
452 2203 516 2273 άπό
534 2213 601 2273 τῶν
614 2208 773 2289 θεάτρων
787 2208 839 2275 ἐπί
852 2204 893 2274 τά
908 2205 1137 2293 στρατόπεδα,
1151 2226 1229 2273 συν-

220 2308 334 2388 τίθησι
347 2304 383 2370 δέ
396 2300 434 2371 τό
446 2302 607 2373 ναυτικόν
619 2305 736 2390 νόμοις
748 2319 992 2391 τριηραρχικοίς
1002 2302 1069 2371 ὑπό
1080 2312 1143 2391 τῆς
1153 2302 1229 2370 ἆτα-

220 2405 289 2481 ξίας
303 2401 409 2486 μόνον
425 2399 466 2469 ού
477 2406 594 2480 τελέως
607 2407 875 2488 διεφθαρμένον,
890 2406 1010 2490 ἐγείρει
1024 2398 1058 2471 δ’
1074 2403 1230 2489 ἐρριμμέ·

150 2519 204 2573 518
223 2524 286 2567 νον
299 2497 363 2587 ήδη
378 2498 504 2586 χρόνον
523 2498 606 2583 πρός
622 2499 685 2587 τήν
699 2501 852 2589 δραχμήν
868 2506 923 2571 καί
937 2503 975 2571 τό
992 2503 1183 2589 τριάβολον
1196 2498 1229 2567 τό

220 2604 278 2685 τής
291 2598 418 2676 πόλεως
435 2596 577 2686 ἀξίωμα,
594 2601 698 2668 πάλαι
714 2602 856 2680 τούτους
869 2602 1176 2686 κατακεκλιμένους
1190 2604 1230 2675 είς

220 2697 300 2775 τούς
310 2699 505 2785 προγόνους
519 2700 698 2786 ἐπανάγων
708 2702 765 2768 καί
774 2699 836 2768 τόν
847 2705 946 2787 ζῆλον
957 2708 1026 2768 τῶν
1037 2707 1229 2783 Μαραθῶνι

221 2800 275 2865 καί
290 2805 457 2883 Σαλαμῖνι
472 2801 781 2883 κατειργασμένων,
798 2808 971 2886 συνίστησι
982 2795 1016 2867 δ’
1030 2799 1083 2867 ἐπί
1097 2819 1229 2885 συμμα·

219 2904 291 2982 χίας
305 2898 360 2963 κοιλ
374 2895 546 2976 συντάξεις
563 2894 765 2984 Ἑλληνικάς.
794 2906 915 2967 τούτου
929 2896 972 2966 ού
991 2906 1113 2967 λαθεῖν
1132 2901 1228 2971 ἐστιν,

220 2992 263 3063 ού
278 3002 471 3080 φενακίσαι,
488 2992 527 3061 ού
543 3002 708 3078 πρίασθαι
723 2995 765 3064 ού
779 3004 909 3084 μᾶλλον
922 2992 944 3085 ή
955 2994 1017 3065 τόν
1027 2995 1229 3082 Ἀριστείδην

221 3096 349 3161 ἐκείνου
367 3091 385 3159 ὁ
400 3100 543 3177 Περσῶν
559 3092 716 3180 βασιλεύς
732 3098 876 3176 ἐπρίατο.
899 3098 951 3164 37.
970 3102 1091 3161 τοῦτον
1106 3084 1229 3169 οὖν,ό

216 3190 423 3278 Ἀντίπατρε,
445 3190 505 3277 χρὴ
532 3193 678 3275 δεδιέναι
693 3200 822 3279 μᾶλλον
841 3187 863 3279 ἢ
880 3192 992 3272 πάσας
1011 3192 1161 3277 τριήρεις
1178 3192 1227 3258 καὶ

221 3289 348 3370 πάντας
362 3289 585 3375 ἀποστόλους·
609 3288 629 3356 δ
644 3289 708 3376 γάρ
723 3292 913 3379 Ἀθηναίοις
926 3304 994 3370 τοῖς
1008 3292 1112 3359 πάλαι
1129 3298 1228 3375 Θεμι-

222 3396 361 3474 στοκλῆς
377 3391 431 3456 καὶ
445 3396 609 3474 Περικλῆς
626 3392 772 3475 ἐγένετο,
792 3397 891 3458 τοῦτο
908 3403 977 3469 τοίς
993 3387 1093 3457 νύνό
1110 3399 1228 3475 Δημο-

222 3490 362 3571 σθένης,
378 3487 558 3571 ἐφάμιλλος
573 3494 790 3573 Θεμιστοκλεῖ
803 3487 865 3574 μδν
877 3486 941 3573 τήν
954 3489 1110 3573 σύνεσιν,
1126 3496 1227 3567 Περι-
