2625 4092
267 264 516 330 ΔΙΑΛΕΞΙΣ
534 267 667 325 ΠΡΟΣ
687 268 926 329 ΗΣΙΟΔΟΝ.
1039 268 1101 331 209

87 430 206 497 εἰκόνα
227 428 381 514 θηριώδη
402 419 509 494 οὖσαν
525 468 567 478 —
584 425 703 514 ὅμοιόν
727 455 757 494 τι
782 430 836 495 καὶ
856 427 956 506 αὐτὸς
978 439 1100 497 παθεῖν

88 526 178 609 πρὸς
201 526 302 613 ὑμᾶς,
336 523 409 595 οἷον
434 529 554 593 ἐκεῖνοι
581 525 744 611 πάσχουσι
776 524 859 612 πρὸς
880 525 916 593 τὸ
943 523 1046 592 ποτὸν
1069 530 1103 594 οἱ

90 627 271 710 δηχθέντες
283 623 349 692 ὑπὸ
362 633 419 710 τῆς
430 624 585 704 διψάδος·
604 623 673 715 ὅσῳ
686 621 750 710 γάρ
762 620 806 690 άν
818 626 869 691 έπί
881 629 982 691 πλέον
992 631 1100 706 παρίω

89 726 125 802 ἐς
142 721 245 809 ὑμᾶς,
267 726 416 812 τοσούτῳ
434 730 563 808 μᾶλλον
579 719 736 806 ὀρέγομαι
757 728 817 788 τοῦ
838 721 1029 806 πράγματος
1046 724 1099 786 καὶ

89 819 128 888 τδ
146 827 243 901 δίψος
262 822 401 907 άσχετον
416 819 630 888 ὑπεκκαίεταί
640 846 698 905 μοι
712 821 768 886 καὶ
777 824 868 886 ἔοικα
885 815 961 885 οὐδ’
974 821 1100 904 ἐμπλη·

89 920 286 1005 σθήσεσθαί
297 946 376 986 ποτε
390 927 452 986 τοῦ
462 919 618 985 τοιούτοιν
628 925 742 983 ποτοῦ.
766 917 852 1002 μάλα
866 918 1008 994 εἰκότως.
1032 923 1099 983 ποῦ

88 1015 156 1102 γάρ
178 1015 221 1084 άν
242 1017 330 1086 οὕτω
351 1021 469 1084 διειδεῖ
489 1042 524 1082 τε
548 1018 602 1083 καὶ
625 1021 766 1104 καθαρῷ
791 1013 888 1080 ύδατι
915 1015 1096 1100 ἐντύχοιμι;
1117 1033 1170 1086 240

90 1115 178 1184 ὥστε
193 1116 381 1202 σύγγνωτε,
401 1122 430 1184 εί
444 1118 578 1201 δηχθεὶς
593 1117 647 1181 καὶ
663 1112 763 1192 αύτος
777 1112 838 1199 τὴν
853 1111 963 1198 γυχην
978 1111 1099 1205 ἡδίστῳ

89 1213 199 1303 τούτῳ
215 1215 270 1280 καὶ
290 1210 505 1302 ὑγιεινοτάτῳ
525 1221 571 1301 τῷ
587 1213 727 1297 δήγματι
743 1215 952 1297 ἐμφοροῦμαι
973 1207 1099 1298 χανδόν

89 1310 233 1390 ὑποθεὶς
249 1320 294 1397 τῷ
314 1318 448 1400 κρουνῷ
468 1307 530 1396 τὴν
544 1310 713 1396 κεφαλήν·
744 1319 792 1393 εἴη
810 1309 917 1395 μόνον
932 1307 976 1394 μη
993 1312 1099 1376 ἐπιλι-

88 1425 167 1478 πεῖν
180 1408 220 1476 τά
236 1407 314 1493 παρ’
332 1409 425 1495 ὑμῶν
440 1412 635 1493 ἐπιρρέοντα
646 1410 729 1495 μηδὲ
745 1418 908 1493 χυθεῖσαν
919 1405 980 1493 την
991 1429 1099 1475 σπου-

87 1507 155 1595 δην
166 1515 222 1594 τῆς
233 1505 422 1592 άκροάσεως
434 1508 594 1594 κεχηνότα
606 1513 652 1574 ἔτι
667 1510 721 1574 καί
733 1511 880 1585 διψῶντα
891 1514 1098 1573 καταλιπών

89 1602 134 1684 ὡς
150 1611 269 1685 δίψους
284 1631 322 1691 γε
339 1607 435 1673 ἕνεκα
450 1603 578 1689 τούμοῦ
593 1603 678 1688 πρός
699 1601 784 1690 ὑμᾶς
801 1602 901 1671 οῦδὲν
915 1599 958 1670 άν
974 1604 1098 1670 ἐκώλυε

89 1713 203 1773 πίνειν
216 1701 282 1771 άεί·
310 1701 392 1771 κατά
408 1702 472 1790 γάρ
488 1702 549 1770 τὸν
566 1701 677 1790 σοφόν
691 1702 858 1769 Πλάτωνα
874 1701 973 1784 κόρος
989 1699 1099 1780 οὐδεὶς

87 1810 159 1869 τῶν
176 1809 296 1870 καλῶν.

492 1971 696 1980 ——-——-

214 2125 483 2208 ΔΙΑΛΕΞΙΣ
517 2132 676 2200 ΠΡΟΣ
709 2131 977 2201 ΗΣΙΟΔΟΝ.

175 2299 203 2360 l.
227 2300 441 2361 ΛΤΚΙΝΟΣ.
462 2289 558 2359 Ἀλλδι
571 2289 713 2377 ποιητὴν
726 2291 788 2377 μὲν
799 2291 936 2376 άριστου
952 2290 1038 2359 εἷναί
1049 2311 1096 2374 σε,

89 2385 281 2477 οἷἩσίοδε,
312 2392 367 2459 καὶ
393 2397 492 2457 τοῦτο
515 2387 605 2472 παρὰ
627 2398 781 2458 Μουσῶν
802 2388 1015 2478 λαβεῖνμετὰ
1040 2397 1097 2474 της

88 2489 221 2574 δάφνης
234 2488 334 2567 αύτός
348 2515 381 2555 τε
393 2488 556 2567 δεικνύεις
571 2493 607 2555 έν
621 2484 669 2566 οἷς
684 2503 787 2566 ποιεῖς
798 2533 841 2544 -
851 2496 952 2556 ἔνθεα
966 2488 1031 2574 γὰρ
1043 2489 1097 2554 καὶ

89 2589 194 2676 σεμνά
207 2592 315 2656 πάντα
328 2630 365 2640 -
378 2592 432 2656 καὶ
446 2586 539 2674 ἡμεῖς
549 2589 750 2673 πιστεύομεν
761 2586 866 2666 οὕτως
876 2594 975 2673 ἔχειν·
991 2591 1097 2656 ἐκεῖνο

89 2692 126 2758 δὲ
150 2686 315 2772 ἀπορῆσαι
334 2685 443 2769 ἄξιον,
469 2692 502 2752 τί
522 2685 642 2771 δήποτε
666 2685 834 2768 προειπών
850 2685 933 2767 ὑπὲρ
957 2695 1096 2770 σαυτοῦ,

90 2784 136 2864 ὡς
151 2788 203 2853 διά
220 2793 319 2853 τοῦτο
337 2785 450 2871 λάβοις
465 2783 527 2868 τὴν
547 2789 728 2852 θεσπέσιον
748 2787 879 2869 ἐκείνην
899 2781 989 2874 μ’δην
1008 2781 1097 2868 παρά

90 2890 158 2950 τοῖν
179 2891 286 2966 θεῶν,
305 2881 395 2960 ὅπως
417 2889 537 2958 κλείοις
553 2883 607 2949 καὶ
627 2879 765 2968 ὑμνοίης
780 2879 820 2948 τά
841 2882 1098 2968 παρεληλυθότα

90 2982 147 3048 καὶ
162 2987 328 3060 θεσπιζοις
342 2977 381 3046 τά
403 2978 562 3065 ἐσόμενα,
583 2982 731 3063 θάτερον
750 2979 810 3065 μέν
827 2976 882 3048 καί
902 2981 993 3046 πάνυ
1009 2983 1098 3049 ἐντε-

89 3087 155 3157 λοῦς
175 3079 366 3164 ἐξενήνοχας
384 3085 478 3145 θεων
497 3104 532 3144 τε
552 3081 698 3163 γενέσεις
712 3080 930 3166 διηγούμενος
949 3079 1022 3166 άχρι
1043 3081 1097 3147 καὶ
1115 3094 1163 3147 241

89 3185 158 3244 τῶν
168 3176 309 3256 πρώτων
321 3177 468 3258 ἐκείνων,
479 3176 580 3259 χάους
590 3177 645 3243 καὶ
656 3184 717 3262 γῆς
727 3178 780 3244 καὶ
791 3175 940 3260 ούρανοῦ
948 3180 1001 3243 καὶ
1014 3183 1097 3260 ἐρω-

89 3301 160 3360 τος,
177 3280 224 3340 ἐτι
243 3275 277 3340 δέ
292 3280 463 3358 γυναικῶν
476 3270 593 3357 ἀρετάς
606 3277 662 3341 καὶ
680 3279 888 3358 παραινέσεις
903 3274 1096 3361 γεωργικάς,

88 3376 144 3442 καὶ
158 3373 222 3439 ὅσα
241 3375 315 3456 περὶ
326 3371 504 3438 Πλειάδων
519 3375 573 3438 καὶ
591 3371 653 3439 ὅσα
672 3374 746 3456 περὶ
759 3380 886 3457 καιρων
902 3371 1026 3457 άρότου
1042 3373 1097 3442 καὶ

87 3473 219 3560 άμήτου
234 3475 288 3540 καί
305 3478 391 3539 πλοῦ
410 3473 462 3538 καὶ
481 3467 566 3549 ὅλως
579 3480 648 3539 τοῖν
665 3472 776 3540 ἄλλων
792 3469 965 3620 άπάντωιχ·
993 3471 1099 3539 θάτε-

175 3583 280 3622 mcum.
304 3569 349 3623 ΙΙΙ.
919 3561 935 3621 l
