2625 4092
225 302 288 366 318
584 308 888 366 AOYKIANOP

715 541 744 602 3.

307 669 358 731 31.
383 667 546 748 Κρόνος
566 679 653 742 τοῖς
674 672 893 745 πλουσίοις
914 673 1087 752 χαίρειν.
1119 672 1230 736 Οίπέ-

222 789 318 848 νήτες
332 771 469 850 ἔναγχος
480 763 701 832 ε’πεστόλκασί
708 791 765 850 μοι
776 765 968 850 αἰτιώμενοι
980 762 1065 850 ὑμᾶς
1077 766 1122 852 μὴ
1136 791 1229 850 μετα-

223 861 354 928 διδόναι
365 871 482 946 σφίσιν
494 854 542 929 οἷν
554 869 656 947 ἔχετε,
675 865 777 930 καὶτὸ
790 865 851 949 μὲν
861 861 942 930 ὅλον
953 861 1070 948 ήξίουν
1082 891 1125 949 με
1138 859 1229 930 κοινὰ

221 968 302 1027 πᾶσι
319 975 428 1028 ποιεῖν
442 960 573 1046 ια’γαθὰ
590 965 645 1029 καὶ
665 961 703 1027 τό
720 963 819 1047 μέρος
838 963 979 1028 ἕκαστον
994 959 1107 1029 αὐτῶν
1130 968 1227 1046 ἔχειν·

223 1063 352 1125 δίκαιον
368 1057 432 1144 γαρ
449 1057 532 1127 εἶναι
547 1067 712 1146 ἰσοτιμίαν
727 1063 970 1144 καθεστηκέναι
984 1058 1098 1147 καὶμὴ
1113 1069 1164 1149 τῷ
1175 1061 1229 1146 μὲν

221 1159 338 1241 πλέον,
356 1166 403 1245 τῷ
414 1157 448 1224 δὲ
461 1156 540 1243 μηδ’
553 1157 639 1238 όλως
650 1173 796 1244 μετεῖναι
808 1167 875 1225 τῶν
889 1157 1006 1246 ἡδέων.
1032 1159 1097 1247 ε’γώ
1113 1161 1152 1228 δὲ
1162 1162 1229 1240 περὶ

221 1257 282 1340 μὲν
304 1256 434 1322 τούτων
454 1257 578 1342 έφήν”
556 1283 696 1342 αμεινον
716 1256 954 1337 σκέψασθαι
921 1285 982 1325 τον
995 1266 1079 1342 Δία,
1101 1261 1180 1341 περὶ
1199 1262 1230 1324 δὲ

220 1360 287 1419 τῶν
305 1354 481 1438 παρόντων
497 1357 551 1422 καὶ
574 1347 621 1421 ὧν
643 1353 878 1423 ἀδικεῖσθαι”
850 1382 957 1444 ῳοντο
977 1384 1061 1424 κατα
1075 1355 1140 1476 τήν
1161 1359 1229 1469 ἑορ-
1281 1368 1282 1417 λ

220 1449 281 1538 τήν
297 1451 442 1536 ἑώρων’
426 1477 466 1519 επ
472 1451 548 1538 ’ἐμὲ
564 1453 784 1538 καθήκουσαν
797 1451 860 1539 τήν
874 1462 1000 1539 κρίσιν,
1017 1453 1105 1523 καὶ
1088 1455 1229 1540 υπεσχό-

220 1576 287 1634 μην
303 1551 446 1635 γράψειν
462 1549 545 1633 πρὸς
559 1548 653 1636 ὑμᾶς
679 1556 746 1617 ἔστι
763 1549 832 1619 ὃὲ”
810 1577 894 1637 απερ
910 1550 1041 1632 ἀξιοῦσι
1056 1560 1167 1620 ταῦτα
1177 1554 1229 1636 μέ-

220 1673 312 1731 τρια,
330 1645 374 1724 ὡς
385 1651 455 1734 ἐμοὶ
471 1653 571 1729 ἔδοξε.
595 1657 663 1726 πῶς
678 1651 758 1734 γάρ.
779 1659 876 1734 φασί,
895 1653 1067 1736 ῥιγοῦντες
1081 1652 1229 1739 τοσούτῳ

193 1751 197 1758 “
221 1746 316 1827 κρύει
331 1749 385 1813 καὶ
400 1755 483 1838 λιμῷ
501 1748 649 1834 ἐχόμενοι
665 1753 799 1830 προσέτι
812 1751 1024 1834 ἑορτόζοιμεν
1038 1749 1098 1829 ἅν;
1122 1756 1156 1817 εί
1166 1755 1230 1816 τοί-

220 1870 286 1909 νυν
298 1846 447 1928 ἐθέλοιμι
458 1843 632 1924 κόικείνους
646 1850 793 1933 μετέχειν
803 1857 861 1934 τής
872 1851 1001 1934 ἑορτῆς,
1017 1851 1180 1918 ἐκέλευόν
1194 1875 1229 1934 με

220 1939 409 2026 ἀναγκάσαι
432 1940 518 2028 ὑμᾶς
537 1943 689 2030 ἐσθήτων
709 1971 745 2011 τε
768 1937 816 2011 ὦν
838 1952 924 2030 ἔχετε
942 1951 1150 2032 μεταδοῦναι
1172 1944 1229 2013 αὐ-

219 2053 304 2121 τοῖς,
328 2049 361 2108 εί
376 2065 463 2117 τινες
477 2047 624 2124 περιτταὶ
640 2046 695 2109 καὶ
716 2043 897 2128 παχύτεραι
913 2039 935 2130 ή
952 2041 1033 2111 καθ’
1050 2041 1157 2130 ὑμᾶς,
1181 2047 1230 2111 καὶ
1280 2048 1281 2067 ³

219 2145 281 2204 τοῦ
290 2146 430 2220 χρυσίου
441 2135 555 2224 ὀλίγον
567 2143 735 2219 έπιστόξαι
748 2138 876 2219 αὐτοῖς·
895 2149 925 2209 εί
935 2142 999 2227 γὰρ
1008 2150 1124 2226 ταῦτα,
1139 2149 1227 2228 φασί.

220 2235 388 2320 ποιήσετε,
413 2237 495 2322 μηδὲ
510 2235 737 2323 Ιἀμφισβητεῖν
757 2236 838 2323 ὑμῖν
860 2245 906 2305 ἔτι
927 2248 994 2305 τῶν
1015 2239 1161 2324 ἀγαθῶν
1183 2242 1228 2306 ἐπὶ

218 2344 280 2401 τοῦ
294 2337 393 2421 Διός,
418 2344 448 2406 εί
460 2341 495 2406 δὲ
513 2341 575 2424 μή,
598 2338 773 2405 ιἰπειλοῦσι
793 2343 1086 2419 προσκαλέσασθαι
1102 2343 1158 2407 ἐπὶ
1173 2337 1229 2405 τόν

219 2432 430 2523 ἀναδασμόν,
460 2439 595 2506 ἐπειδὰν
618 2437 654 2506 τό
678 2445 811 2520 πρῶτον
838 2443 931 2515 δίκας
956 2437 974 2506 6
995 2435 1080 2516 Ζευς
1106 2447 1229 2526 προθή.
1280 2458 1281 2473 ’

217 2537 320 2602 ταῦτα’
336 2539 425 2604 ἐστιν
440 2536 481 2605 06
492 2539 584 2606 ποὶνυ
594 2537 719 2623 χαλεπὰ
736 2537 815 2622 ὑμῖν
827 2536 892 2605 ἆπό
904 2538 1075 2605 τοσούτων
1088 2535 1111 2604 οἳ
1123 2548 1228 2615 καλῶς

149 2647 200 2701 412
219 2641 394 2714 ποιοῦντες
411 2642 505 2722 ἔχετε.
535 2643 586 2706 32.
609 2635 649 2723 νή
665 2645 732 2708 Δία
751 2639 806 2704 καὶ
823 2645 892 2704 τῶν
909 2641 1055 2705 δείπνων
1069 2641 1165 2723 πέρι,
1190 2635 1229 2714 ὡς
1279 2646 1280 2661 ’

218 2740 450 2803 συνδειπνοῑεν
466 2734 562 2823 ὑμῖν,
578 2739 632 2804 καὶ
643 2745 741 2804 τοῦτο
756 2747 955 2817 προσθεῖναι
969 2734 1087 2822 ήξίουν
1101 2743 1145 2823 τῇ
1159 2740 1227 2802 ἑπι-

218 2843 334 2922 στολή,
352 2833 396 2914 ως
410 2843 476 2903 νῦν
491 2863 528 2920 γε
542 2835 669 2921 μόνους
685 2833 772 2920 ὑμᾶς
786 2847 921 2920 τρυφᾶν
935 2839 1228 2921 έπικλεισαμένους

216 2929 274 3010 τὰς
290 2933 413 3014 θύρας·
439 2940 469 3001 εί
482 2937 521 3001 δέ
529 2960 608 3000 ποτε
623 2933 789 3001 κάκείνων
803 2933 896 3013 τινας
907 2936 1018 3003 ἑστιᾶν
1029 2933 1085 3001 διὰ
1097 2940 1227 3020 μακροῦ

217 3032 408 3117 ἐθελήσετε,
432 3037 533 3100 πλέον
548 3043 609 3099 τοῦ
627 3032 869 3117 εὐφραίνοντος
884 3037 1008 3102 ἐνεῖναι
1030 3033 1068 3100 τό
1085 3033 1227 3116 ιένιαρόν

216 3137 261 3216 τῷ
274 3134 407 3218 δείπνῳ,
425 3135 480 3198 καὶ
491 3130 531 3197 τόι
542 3129 648 3200 πολλὰ
662 3130 716 3217 ἐφ’
733 3131 829 3218 ὕβρει
844 3132 956 3200 αὐτῶν
971 3141 1140 3218 γίνεσθαι,
1156 3129 1226 3201 οἷον

216 3233 322 3296 έκεῖνο
337 3227 373 3298 τὸ
390 3229 433 3315 μή
449 3238 510 3297 τοῦ
529 3229 634 3298 αὐτοῦ
651 3241 748 3298 οίνον
765 3240 961 3318 συμπίνειν,
973 3230 1166 3316 Ἡράκλεις,
1185 3230 1226 3308 ὦς

216 3327 458 3410 ἀνελεύθερον·
486 3332 541 3396 καὶ
558 3331 820 3416 καταγινώσκειν
836 3332 949 3398 αὐτῶν
966 3334 1105 3398 ἐκείνων
1122 3331 1224 3411 ἄξιον,

217 3422 267 3490 ὅτι
289 3425 332 3508 μή
355 3424 475 3508 μεταξὺ
497 3425 699 3508 ἀναστάντες
716 3440 862 3517 οίχονται
881 3428 962 3497 ὅλον
983 3427 1064 3515 ὑμῖν
1085 3429 1122 3496 τό
1141 3453 1226 3516 συμ-

217 3522 335 3589 πόσιον
349 3524 591 3602 καταλιπόντες.
616 3525 689 3594 ἀλλ’
708 3525 786 3595 οὐδὲ
802 3533 833 3606 ές
850 3528 953 3612 κόρον
968 3527 1059 3614 ὅμως
1074 3534 1154 3615 φασὶ
1172 3538 1223 3597 πί-
