2625 4092
355 266 492 327 ΘΕόὶΝ
514 268 785 328 ΕΚΚΑΗΣΙΑ.
1009 268 1070 331 391

66 460 115 511 τες
130 443 305 500 κοινωνεῖν
323 426 401 515 ἠμῖν
423 436 481 514 τής
495 435 675 510 πολιτείας,
697 434 987 519 παρεγγραφέντες
1010 432 1071 501 ούκ

62 530 137 599 οἶδα
152 527 241 606 ὅπως
254 528 308 595 καὶ
321 529 394 593 θεοὶ
409 527 562 606 δόξαντες
578 526 803 614 ἐμπεπλήκασι
818 532 878 614 μέν
892 528 953 597 τόν
969 528 1072 615 ούρα-

62 628 141 713 νόν,
164 654 209 705 ως
226 625 348 713 μεστόν
368 624 453 692 εἶναι
473 621 509 691 τό
526 624 714 711 συμπόσιον
731 624 832 711 ὄχλον
848 630 1070 715 ταραχώδους,

63 726 308 813 πολυγλώττων
324 732 426 792 τινών
446 727 500 791 καὶ
515 723 714 808 ξυγκλύδων
730 722 940 811 ἀνθρώπων,
963 729 1070 794 ἐπιλέ-

63 835 157 893 λοιπε
173 825 208 891 δὲ
228 821 248 909 ἠ
266 822 431 911 ἀμβροσία
447 824 501 890 καὶ
518 819 555 889 τό
572 824 708 905 νέκταρ,
731 820 815 891 ώστε
832 831 918 909 μνᾶς
932 823 995 911 ἠδη
1010 822 1072 909 τῆν

63 925 210 1009 κοτύλην
227 920 310 989 εἶναι
332 920 386 989 διὰ
401 918 437 988 τό
460 928 590 1007 πλῆθος
610 927 679 987 τών
694 921 878 1008 πινόντων,
902 928 937 990 οί
949 925 985 990 δὲ
1004 921 1069 991 ὑπὸ

62 1021 246 1098 αὐθαδείας
267 1020 501 1105 παρωσάμενοι
522 1016 601 1097 τούς
620 1020 783 1096 παλαιούς
805 1046 841 1087 τε
857 1024 911 1089 καὶ
933 1019 1070 1108 ἀληθεῖς

61 1119 166 1200 θεούς
188 1125 366 1202 προεδρίας
384 1116 562 1204 ἠξιώκασιν
578 1115 702 1195 αὑτούς
720 1115 814 1201 παρά
825 1120 934 1187 πάντα
948 1118 987 1186 τά
1005 1121 1070 1186 πά-

61 1246 136 1302 τρια
152 1222 207 1286 καὶ
222 1224 259 1286 έν
274 1226 313 1306 τῆ
325 1224 368 1304 γῆ
379 1223 605 1301 προτιμᾶσθαι
620 1218 777 1283 θέλουσι·
799 1222 850 1284 15.
867 1217 1017 1302 δεδόχθω
1031 1225 1071 1305 τῆ

61 1326 169 1407 βονλῆ
189 1320 243 1386 καὶ
264 1324 310 1405 τῷ
335 1315 427 1405 δήμφ
450 1321 647 1399 ξυλλεγῆναι
674 1315 735 1399 μέν
758 1318 934 1401 ἐκκλησίαν
962 1318 999 1383 έν
1024 1323 1069 1402 τῷ

58 1418 213 1506 Ὀλύμπῳ
230 1418 304 1498 περὶ
321 1413 446 1499 τροπάς
461 1416 665 1501 χειμερινάς,
683 1418 818 1483 ἑλέσθαι
833 1416 868 1484 δὲ
883 1418 1070 1503 ἐπιγνώμο-

61 1543 122 1593 νας
138 1524 281 1594 τελείους
297 1511 401 1593 θεούς
415 1512 495 1581 ἑπτά
501 1565 511 1597 ,
528 1528 615 1596 τρεῖς
629 1516 692 1598 μὲν
707 1516 744 1581 ἐκ
758 1521 815 1600 τῆς
829 1524 971 1593 παλαιάς
985 1522 1069 1601 βου·
1088 1521 1138 1577 537

60 1621 120 1698 λῆς
136 1622 192 1695 τῆς
208 1616 256 1677 ἐττῖ
272 1613 425 1697 Κρόνον,
444 1613 600 1694 τέτταρας
617 1612 652 1678 δὲ
670 1613 705 1678 ἐκ
720 1619 789 1678 τών
804 1614 949 1698 δώδεκα,
964 1615 1018 1679 καὶ
1032 1615 1070 1681 έν

62 1711 174 1789 αὐτοῖς
196 1712 255 1777 τόν
270 1718 353 1781 Διά·
380 1712 520 1788 τούτους
544 1710 580 1776 δὲ
600 1708 680 1788 τούς
699 1710 928 1797 ἐπιγνώμονας
948 1710 1071 1790 αύτούς

61 1814 124 1895 μὲν
135 1814 334 1889 καθέζεσθαι
344 1807 528 1895 ὀμόσαντας
538 1806 598 1874 τόν
607 1809 751 1894 νόμιμον
760 1806 864 1891 ὅρκον
873 1807 934 1895 τήν
944 1809 1069 1894 Στύγα,

63 1909 120 1974 τόν
132 1905 252 1994 Ἑρμῆν
264 1908 300 1975 δὲ
315 1908 504 1992 κηρύξαντα
516 1911 716 1992 ξυναγαγεῖν
730 1904 894 1991 ἅπαντας,
909 1907 983 1973 ὅσοι
998 1905 1069 1987 ἀξι-

61 2016 135 2071 ονσι
154 2016 325 2074 συντελεῖν
337 2010 369 2085 ές
382 2004 418 2074 τό
435 2008 629 2090 συνέδριον,
645 2002 724 2084 τούς
737 2006 773 2073 δὲ
789 2003 884 2091 ἠκειν
899 2007 1070 2092 μάρτυρας

61 2134 98 2170 ι
105 2107 289 2190 ἀγομένους
300 2104 487 2190 ἐνωμότους
497 2106 550 2171 καὶ
561 2101 744 2182 ἀποδείξεις
752 2113 814 2171 τοῦ
824 2105 952 2188 γένους.
969 2101 1070 2171 τούν-

60 2211 184 2269 τεύθεν
196 2205 231 2269 δὲ
244 2207 278 2271 οί
290 2204 351 2286 μέν
362 2209 554 2285 παρίτωσαν
565 2199 645 2270 καθ’
659 2205 736 2288 ἕνα,
752 2207 786 2271 οί
797 2205 832 2270 δὲ
844 2203 1070 2289 ἐπιγνώμονες

59 2302 264 2382 ἐξετάζοντες
279 2297 299 2386 ἠ
312 2299 415 2379 θεούς
431 2300 514 2370 εἶναι
529 2302 783 2387 ἀποφανοῦνται
797 2296 820 2388 ἠ
833 2305 1069 2389 καταπέμψου-

60 2422 118 2467 σιν
134 2401 186 2468 έπὶ
203 2398 243 2466 τά
260 2402 402 2485 σφέτερα
418 2398 494 2487 ἠρία
511 2405 564 2469 καὶ
585 2400 644 2479 τὰς
658 2402 767 2487 θῆκας
781 2401 839 2479 τάς
856 2402 1067 2486 προγονικάς.

61 2496 105 2585 ἠν
121 2500 159 2565 δέ
173 2526 220 2576 τις
234 2494 304 2587 ἀλῷ
318 2506 386 2566 τών
405 2498 574 2585 ἀδοκίμων
589 2503 643 2568 καὶ
659 2498 745 2579 ἀπαξ
761 2498 826 2566 ὑπὸ
845 2508 913 2568 τών
927 2504 1070 2588 ἐπιγνω-

59 2600 179 2685 μόνων
190 2602 416 2683 ἐκκριθέντων
428 2602 608 2686 ἐπιβαίνων
619 2607 680 2666 τού
691 2599 852 2686 ούρανοῦ,
863 2604 896 2680 ές
905 2599 966 2668 τόν
980 2602 1070 2685 Τάρ-

59 2725 166 2780 ταρον
180 2694 334 2784 ἐμπεσεῖν
345 2707 475 2765 τούτου.
500 2706 549 2767 16.
566 2700 764 2783 ἐργάζεσθαι
775 2702 811 2766 δὲ
822 2696 862 2765 τά
874 2696 980 2765 αὑτοῦ
991 2699 1069 2766 ἕκα-

59 2820 158 2883 στον,
175 2799 230 2867 καλ
244 2798 324 2884 μήτε
335 2798 396 2882 τῆν
408 2795 556 2885 Ἀθηνᾶν
570 2803 688 2865 ἰᾶσθαι
705 2798 785 2883 μήτε
797 2796 857 2865 τόν
869 2794 1068 2883 Ἀσκληπιὸν

57 2902 270 2986 χρησμῳδεῖν
292 2896 373 2984 μήτε
396 2895 456 2963 τὸν
477 2894 626 2963 Ἀπόλλω
649 2905 794 2963 τοσαῦτα
818 2896 926 2982 μόνον
948 2910 1067 2980 ποιεῖν,

57 2994 144 3064 ἀλλά
160 2999 198 3065 έν
209 3024 240 3063 τι
255 2995 489 3081 ἐπιλεξάμενον
502 2992 525 3083 ἠ
538 2990 694 3081 μάντινή
708 2992 903 3084 κιθαρφδόν
916 2990 938 3081 ἠ
952 2992 1068 3076 ἰατρὸν

58 3094 155 3163 εἶναι.
179 3100 228 3165 17.
244 3109 311 3174 τοῖς
326 3094 362 3162 δὲ
375 3096 573 3180 φιλοσόφοις
587 3109 775 3180 προειπεῖν,
790 3092 835 3182 μῆ
847 3091 1069 3164 ἀναπλάττειν

56 3192 141 3261 κενά
157 3191 304 3278 ὀνόματα
320 3195 403 3279 μηδὲ
417 3202 531 3280 ληρεῖν
545 3197 619 3277 περὶ
636 3186 686 3261 ών
699 3191 761 3262 ούκ
778 3205 896 3263 ῖσασιν.
920 3201 968 3263 18.
987 3192 1069 3261 ὁπό-

57 3316 113 3361 σοι
143 3293 179 3361 δέ
200 3292 264 3379 ἠδη
290 3300 383 3360 ναῶν
403 3289 424 3380 ἠ
451 3302 584 3361 θυσιῶν
606 3291 818 3380 ἠξιώθησαν,
847 3297 984 3362 ἐκείνων
1006 3292 1067 3378 μέν

56 3400 309 3478 καθαιρεθῆναι
320 3390 360 3459 τά
372 3390 556 3478 ἀγάλματα,
574 3394 751 3479 ἐντεθῆναι
763 3396 799 3461 δὲ
811 3389 832 3480 ἠ
843 3391 925 3471 Διὸς
936 3389 957 3478 ἠ
964 3390 1068 3475 Ἥρας

58 3486 80 3577 ῆ
93 3488 301 3570 ’Λπόλλωνος
314 3488 335 3579 ἠ
349 3500 417 3559 τών
430 3490 541 3561 ἀλλων
555 3493 662 3577 τινός,
680 3494 817 3569 ἐκείνοις
832 3492 867 3561 δὲ
880 3492 990 3576 τάφον
1001 3498 1066 3576 χώ-
1084 3502 1137 3559 538
