2625 4092
223 265 283 327 ΜΒ
574 269 879 326 ΛΟΤΚλΑΝΟΤ

220 425 281 512 οὐχ
300 425 404 504 οὕτως
422 425 572 512 ἀσφαλής
589 425 667 492 οὐδὲ
689 425 820 511 ἀφανής
835 424 999 514 βδελυρός
1017 424 1059 492 εἶ·
1083 423 1162 492 οὐδὲ
1180 430 1222 490 δεῖ

220 551 310 602 τινος
327 532 387 590 τού
402 522 629 601 ἀποδύσοντος
644 524 705 608 τήν
721 531 876 608 λεοντῆν,
897 523 939 600 ύς
955 521 1102 608 φανερός
1115 526 1222 607 γένοιο

222 624 405 707 κανθήλιος
418 621 481 705 (όν,
499 629 529 689 εί
538 624 582 707 μή
594 650 642 698 τις
654 623 718 704 ἀρα
731 625 762 701 ἐξ
773 621 1001 707 Ὑπερβορέων
1013 622 1088 705 ἀρτι
1100 627 1133 700 ἐς
1144 619 1225 706 ἡμᾶς

220 719 296 805 ήκοι
312 717 333 803 ἢ
352 724 384 797 ἐς
405 728 566 786 τοσοῦτον
578 728 727 804 Κυμαῖος
742 731 808 805 είη,
834 719 878 797 ὡς
895 718 938 805 μή
960 717 1042 786 ι’διὸν
1058 715 1165 795 εὐθύς
1182 725 1224 783 εί-

222 822 313 886 δέναι
330 817 419 885 όνων
435 817 593 888 ἁπάντων
610 819 850 906 ὑβριστότατόν
869 841 906 885 σε
924 817 1003 885 ὄντα
1019 817 1063 904 μή
1079 822 1224 902 περιμεί-

221 912 1224 1001 wmmmwmwmmmwmmm

221 1018 302 1098 ἐμοῦ
322 1017 375 1081 καὶ
391 1014 481 1097 παρὰ
497 1024 578 1082 πᾶσι
599 1020 650 1083 καί
668 1019 826 1093 πολλάκις
842 1016 1039 1100 κεκήρυκται
1058 1015 1096 1080 τά
1117 1012 1160 1079 σά
1175 1013 1225 1079 καὶ
1292 1077 1293 1080 ,

220 1115 321 1191 δόξαν
341 1111 382 1178 ού
399 1113 522 1198 μικράν
540 1120 621 1198 ἔχεις
639 1113 691 1180 ἐπ’
710 1115 820 1192 αὐτοῖς
838 1113 921 1194 ὑπὲρ
937 1111 997 1179 τόν
1010 1111 1225 1197 Ἀριφράδην,

155 1226 201 1280 165
222 1209 305 1293 ὑπὲρ
321 1209 380 1275 τὸν
394 1219 589 1297 Συβαρίτην
597 1201 805 1296 Ἡμιθέωνα.
821 1211 907 1294 ὑπὲρ
924 1210 983 1276 τόν
999 1220 1083 1279 Χίον
1099 1215 1227 1278 ἐκεῖνον

219 1309 353 1375 Βάσταν
373 1307 433 1375 τόν
451 1313 502 1378 ἐπὶ
518 1327 585 1388 τοῖς
599 1309 725 1395 ὁμοίοις
740 1310 856 1394 σοφόν.
885 1312 1003 1394 ῥητέον
1018 1310 1053 1376 δὲ
1069 1307 1176 1393 ὅμως,
1202 1315 1228 1372 εί

219 1409 272 1474 καὶ
290 1409 375 1474 ἕωλα
390 1409 476 1486 δόξω
491 1413 617 1494 λέγειν,
638 1408 682 1488 ως
698 1407 742 1495 μή
765 1416 874 1476 αἰτίαν
895 1415 999 1494 ἔχοιμι
1020 1410 1124 1490 μόνος
1143 1403 1226 1473 αύτά

219 1502 362 1588 ἀγνοεῖν.
387 1509 416 1571 4.
429 1508 605 1590 μᾶλλονδὲ
618 1511 842 1592 παρακλητέος
852 1506 931 1592 ἡμῖν
942 1516 1009 1573 των
1019 1508 1227 1588 Μενάνδρου

219 1603 396 1687 προλόγων
415 1599 459 1680 εἷς
475 1603 672 1691 ὁἝλεγχος,
692 1613 787 1689 φίλος
802 1604 955 1693 Ἀληθείᾳ
974 1609 1026 1672 καὶ
1041 1611 1227 1689 Παρρησίᾳ,

219 1697 300 1777 θεὸς
318 1698 378 1785 οὐχ
394 1698 411 1767 ὁ
427 1700 634 1787 ἀσημότατος
647 1710 715 1770 τῶν
732 1705 783 1770 ἐπὶ
799 1701 860 1789 τήν
878 1701 1006 1788 σκηνὴν
1022 1702 1228 1788 ἀναβαινόν-

218 1825 302 1878 των,
327 1800 443 1884 μόνοις
459 1799 538 1885 ὑμῖν
555 1801 675 1887 ἐχθρὸς
693 1817 760 1878 τοῖς
775 1803 900 1867 δεδιόσι
917 1799 978 1885 τήν
999 1808 1150 1886 γλῶτταν
1168 1799 1229 1866 αό-

217 1904 294 1980 τοῦ,
311 1898 420 1964 πάντα
432 1901 485 1964 καὶ
502 1901 626 1978 είδότος
637 1903 691 1968 καὶ
708 1909 822 1985 σαφῶς
835 1901 1011 1980 διεξιόντος
1027 1899 1134 1966 ὁπόσα
1149 1898 1228 1984 ὑμῖν

218 1995 363 2061 σύνοιδε.
398 1999 513 2079 χάριεν
535 2006 619 2083 γοῦν
640 2005 739 2064 τοῦτο
757 1995 879 2082 γένοιτ’
897 1997 956 2081 ἀν,
985 2003 1015 2064 εί
1035 1998 1228 2082 ἐθελήσειεν

218 2089 299 2176 ύμῖν
314 2094 545 2175 προεισελθών
557 2088 654 2172 οὗτος
669 2098 893 2180 διηγήσασθαι
908 2111 976 2172 τοῖς
991 2105 1126 2171 θεαταῖς
1141 2096 1228 2178 σύμ·
1297 2115 1298 2128 ’

219 2215 327 2256 παυτα
344 2201 406 2258 τού
422 2195 588 2278 δράματος
608 2191 667 2259 τόν
682 2194 794 2277 λόγον.
826 2193 885 2278 ἀγε
903 2201 1034 2274 τοίνυν,
1058 2183 1227 2273 ἀκρολό-

218 2316 289 2374 γωυ
305 2291 359 2356 καὶ
371 2293 541 2375 δαιμόνων
553 2291 821 2378 ἀριστεἝλεγχε,
838 2291 899 2374 όρα
916 2290 1004 2369 ὅπως
1015 2297 1130 2374 σαφῶς
1143 2316 1228 2372 προ-

220 2389 353 2476 διδάξῃς
368 2389 446 2468 τούς
464 2390 665 2474 ἀκούοντας,
683 2389 727 2468 ὡς
742 2390 782 2458 ού
798 2395 904 2478 μάτην
920 2391 998 2458 οὐδὲ
1016 2399 1228 2476 φιλαπεχθη-

218 2490 329 2574 μόνως
343 2488 418 2556 ούδ’
433 2489 582 2568 ἀνίπτοις
598 2497 674 2558 ποσί
690 2489 771 2558 κατά
793 2489 853 2576 τήν
868 2501 1048 2576 παροιμίαν
1063 2493 1115 2556 ἐπὶ
1129 2490 1227 2556 τόνδε

218 2585 395 2676 τὸνλόγον
416 2587 669 2676 ἀπηντήκαμεν,
691 2587 774 2657 ἀλλά
793 2593 846 2656 καὶ
867 2591 953 2656 ίδιόν
973 2618 1003 2656 τι
1019 2588 1227 2675 ἀμυνόμενοι

219 2685 1226 2776 ωὼὴωηωωωὼῶὼωωωῴωὼω.

219 2794 322 2853 ταῦτα
348 2787 435 2870 μόνα
458 2786 561 2854 είπάιν
582 2789 635 2853 καὶ
656 2797 771 2870 οαφως
796 2791 1104 2875 προδιηγησάμενος
1130 2791 1228 2864 ἵλεως

153 2901 201 2955 166
221 2883 318 2950 ἀπιθι
334 2887 502 2967 έκποδιόν,
517 2885 557 2952 τά
573 2888 607 2952 δὲ
623 2884 707 2952 ἀλλα
723 2885 800 2971 ἡμῖν
816 2886 989 2954 κατάλιπε·
1010 2889 1228 2972 μιμησόμεθα

219 2983 282 3066 γάρ
301 3002 338 3047 σε
353 2987 406 3049 καί
423 2988 632 3069 διελέγξομεν
646 2984 685 3051 τά
708 2987 814 3051 πολλά
824 3037 832 3064 ,
856 2984 899 3064 ὡς
920 2993 1104 3071 παρρησίας
1118 3011 1157 3070 γε
1173 2989 1227 3052 καὶ

219 3079 378 3164 ἀληθείας
392 3085 488 3147 ἕνεκα
504 3084 608 3167 μηδὲν
623 3086 840 3151 αἰτιάσασθαί
851 3107 896 3151 σε.
921 3087 1002 3171 μήτε
1019 3089 1053 3152 δὲ
1071 3085 1126 3169 ἐμὲ
1142 3084 1228 3165 πρὸς

219 3176 341 3254 αὐτούς
363 3183 553 3269 ἐπαινέσης,
575 3173 603 3247 ω’
625 3190 759 3267 φίλτατε
776 3183 925 3270 Ἔλεγχε,
952 3185 1031 3270 μήτε
1048 3182 1088 3250 τά
1110 3187 1228 3272 ἐκείνω

219 3279 387 3360 προσόντα
418 3284 595 3368 προεκχέῃς
620 3280 747 3358 αὕτως·
786 3282 827 3349 ού
850 3282 914 3368 γάρ
938 3283 1030 3363 ἀξιον
1056 3289 1126 3372 θεῷ
1153 3281 1226 3347 ὄντι

218 3379 268 3443 ἐπὶ
286 3377 389 3462 στόμα
404 3399 455 3445 σοι
477 3382 589 3447 ἐλθεῖν
603 3379 683 3458 τούς
703 3383 776 3460 περλ
792 3389 860 3447 τῶν
877 3381 965 3448 οὕτω
987 3383 1219 3448 καταπτύστων

220 3477 348 3553 λόγους.
