2625 4092
220 266 261 329 66
572 267 883 325 AOYKIANOY

220 431 327 514 κρύος
341 426 581 514 ἀπαγορεύειν
604 432 714 494 ἔπειτα
731 430 767 493 δὲ
782 433 917 512 χρίομεν
939 430 1037 495 ἐλαίω
1059 428 1115 495 καὶ
1131 453 1235 494 κατα·
1295 489 1296 502 ,

221 528 446 651 μαλάττομεν,
471 523 515 604 ῶς
538 523 746 607 εὐτονώτερα
766 532 928 643 γίγνοιτο·
958 524 1084 593 ἀτοπον
1100 527 1186 613 γάρ,
1209 529 1296 591 εί
1295 557 1296 628 χ

220 625 260 696 τά
287 624 348 712 μὲν
377 626 482 710 σκύτη
506 621 730 710 νομίζομεν’
713 621 779 691 υπὸ
805 632 851 690 τῶ
876 627 974 715 ἐλαίῳ
1002 622 1237 709 μαλαττόμενα
1295 631 1296 692 λ

218 726 467 809 δυσραγέστερα
485 724 540 790 καὶ
560 730 672 811 πολλῶ
696 693 912 805 διαρκέστερα
932 730 1110 808 γίγνεσθαι
1130 723 1238 805 νεκρά

219 850 258 912 γε
273 821 337 909 ήδη
352 820 452 904 όντα,
479 818 514 889 τό
538 818 570 888 δ’
589 825 635 888 ἐτι
652 828 734 905 ζωῆς
746 821 887 905 ’μετέχον
902 828 997 905 σῶμα
1017 820 1062 907 μή
1078 816 1124 887 ἀν
1139 821 1238 907 ἀμει·
1295 897 1296 916 ρ

221 949 284 990 νον
299 918 465 1007 ἡγοίμεθα
483 916 549 987 ὑπό
565 926 625 986 τοῦ
643 923 756 986 ἐλαίου
772 920 1043 1005 διατεθήσεσθαι.
1073 919 1237 987 τούντεύν
1295 1001 1296 1016 ρ

220 1030 286 1088 θεν
302 1026 435 1086 ποικίλα
451 1015 491 1085 τά
506 1020 676 1104 γυμνάσια
692 1018 927 1103 ἐπινοήσαντες
941 1022 995 1085 καὶ
1012 1019 1237 1093 διδασκάλους

222 1116 371 1185 ἑκάστων
391 1118 627 1201 ἐπιστήσαντες
643 1116 704 1183 τόν
718 1121 780 1201 μέν
800 1144 874 1183 τινα
896 1118 1094 1200 πυκτεύειν,
1120 1114 1182 1183 τόν
1201 1115 1238 1182 δὲ

221 1214 479 1301 παγκρατιάζειν
492 1216 710 1300 διδάσκομεν,
730 1214 773 1294 ῶς
784 1217 863 1293 τούς
878 1243 912 1283 τε
924 1215 1050 1293 πόνους
1061 1229 1237 1298 καρτερεῖν

222 1318 385 1393 ἐθίζοιντο
400 1314 455 1381 καὶ
477 1312 578 1397 ὁμόσε
599 1330 719 1399 χωρεῖν
741 1330 811 1393 ταῖς
832 1323 971 1401 πληγαῖς
991 1315 1073 1400 μηδὲ
1091 1312 1236 1396 ἀποτρέᾱ

221 1437 337 1479 ποιντο
350 1414 415 1479 δέει
427 1419 494 1478 τῶν
504 1412 714 1498 τραυμάτων.
731 1420 830 1480 τοῦτο
842 1414 878 1481 δέ
890 1411 971 1499 ήμῖν
982 1414 1043 1479 δύο
1057 1409 1096 1477 τά
1110 1409 1237 1494 ῶφελι-

221 1511 354 1597 μώτατα
371 1514 573 1595 ἐξεργάζεται
591 1513 628 1577 ἐν
643 1510 755 1588 αὐτοῖς
768 1515 959 1596 θυμοειδεῖς
969 1534 1005 1576 τε
1019 1505 1238 1592 παρασκευάό

222 1615 278 1690 ζον
300 1609 333 1684 ἐς
352 1606 431 1686 τούς
452 1608 634 1686 κινδύνους
651 1612 706 1676 καὶ
729 1616 796 1675 τῶν
817 1608 982 1693 σωμάτων
1005 1608 1157 1692 ἀφειδεῖν
1180 1605 1236 1694 καὶ

222 1709 356 1791 προσέτι
376 1710 546 1790 ἐρρῶσθαι
562 1710 616 1775 καὶ
637 1706 821 1792 καρτερούς
845 1706 938 1775 εἶναι,
970 1705 1045 1775 ὅσοι
1067 1706 1103 1772 δὲ
1119 1703 1236 1771 αὐτῶν

222 1804 310 1873 κάτω
331 1805 592 1884 συννενευκότες
611 1814 806 1884 παλαίουσι,
828 1813 1045 1875 καταπίπτειν
1068 1831 1102 1870 τε
1121 1803 1232 1887 ἀσφα-

203 1950 205 1965 .
223 1909 287 1980 λῶς
302 1900 517 1986 μανθάνουσι
536 1907 590 1971 καὶ
606 1902 807 1971 ἀνίστασθαι
823 1902 976 1990 εὐμαρῶς
990 1905 1045 1971 καὶ
1060 1899 1237 1987 ὠθισμοὺς
1295 1918 1297 1954 ἰ

224 2001 277 2066 καὶ
295 2002 497 2081 περιπλοκάς
519 2003 573 2069 καὶ
595 2001 778 2087 λογισμούς
801 2006 856 2071 καὶ
876 2004 1038 2089 ἄγχεσθαι
1062 2003 1236 2068 δύνασθαι

223 2099 278 2164 καί
289 2099 321 2173 ἐς
334 2094 420 2175 ύψος
431 2096 661 2185 ἀναβαστάσαι
671 2099 731 2167 τόν
742 2100 935 2186 ἀντίπαλον,
952 2100 1014 2168 ούκ
1027 2099 1141 2186 ἀχρεῖα
1154 2096 1236 2165 οὐδὲ

153 2216 204 2271 906
224 2190 317 2267 οὗτοι
341 2201 592 2285 ἐκμελετῶντες,
619 2200 703 2268 ἀλλά
724 2205 761 2269 ἓν
778 2203 839 2287 μὲν
856 2201 893 2269 τό
911 2210 1046 2286 πρῶτον
1067 2201 1122 2267 καὶ
1139 2202 1236 2283 με’γι-
1295 2267 1296 2270 ,

221 2321 302 2363 στον
328 2295 566 2384 ἀναμφιβόλως
590 2300 772 2385 κτώμενοι·
811 2305 1065 2384 δυσπαθέστερα
1090 2297 1157 2384 γάρ
1180 2300 1235 2363 καὶ

222 2396 451 2481 καρτερώτερα
462 2394 501 2462 τά
514 2398 650 2483 σώματα
661 2406 834 2484 γίγνονται
845 2398 957 2477 αὐτοῖς
969 2399 1232 2481 διαπονούμενα.

222 2498 338 2578 ἕτερον
353 2496 387 2561 δὲ
403 2492 482 2563 ούδέ
498 2496 579 2564 αύτὸ
598 2500 737 2583 μικρόν·
759 2505 907 2585 ἔμπειροι
922 2498 987 2585 γάρ
1002 2496 1043 2585 δή
1059 2501 1095 2566 ἐκ
1109 2498 1236 2564 τούτου

222 2601 459 2678 καθίστανται,
478 2606 598 2663 εἴποτε
612 2594 786 2681 ἀφίκοιντο
803 2606 848 2677 είς
862 2607 977 2685 χρείαν
988 2605 1055 2664 τῶν
1070 2598 1233 2682 μαθημά-

222 2721 290 2761 των
304 2692 434 2760 τούτων
446 2698 483 2761 ἐν
495 2694 624 2773 ὅπλοις·
649 2702 752 2781 δῆλον
763 2695 828 2782 γάρ
843 2694 894 2764 ὅτι
905 2699 961 2764 καὶ
976 2702 1123 2815 πολεμίῳ
1134 2692 1235 2776 ἀνδρί

224 2793 240 2861 ὁ
259 2801 409 2871 τοιοῦτος
424 2799 627 2880 συμπλακεὶς
642 2804 838 2880 καταρρίψει
853 2824 887 2863 τε
908 2805 1036 2864 θᾶττον
1054 2792 1236 2861 ὑποσκελί-

223 2915 283 2971 σας
292 2896 347 2961 καὶ
357 2892 553 2960 καταπεσών
564 2895 721 2962 είσεται’
698 2922 741 2972 ως
752 2899 856 2985 ρᾷστα
866 2900 1109 2975 ἐξανίστασθαι
1123 2894 1236 2959 πάντα

222 2994 287 3079 γάρ
303 3000 423 3077 ταῦτα,
440 3019 465 3057 ω
455 2984 671 3078 Ἀνάχαρσι,
687 2992 739 3059 ἐπ’
757 2992 1083 3079 ἐκεῖνοντόυάγῶνα
1098 2993 1236 3075 ποριζό

222 3100 311 3177 μεθα
332 3089 391 3157 τόν
415 3094 451 3158 ἐν
472 3105 539 3169 τοῖς
559 3090 675 3169 ὅπλοις
696 3095 750 3159 καὶ
770 3089 947 3177 ἡγούμεθα
972 3088 1059 3158 πολύ
1080 3088 1235 3175 ἀμείνοσι

224 3191 411 3277 χρήσασθαι
423 3206 492 3269 τοῖς
502 3188 607 3268 οὕτως
620 3187 829 3276 ἀσκηθεῖσιν,
847 3190 982 3258 ἐπειδάν
993 3190 1159 3273 πρότερον
1171 3187 1235 3256 αύ-

223 3298 290 3357 τῶν
305 3287 416 3375 γυμνά
433 3288 471 3356 τά
484 3289 619 3374 σώματα
630 3293 918 3374 καταμαλάξαντες
933 3293 988 3359 καὶ
1005 3289 1234 3374 διαπονήσαν-

223 3416 275 3465 τες
297 3392 562 3474 ἐρρωμενέστερα
584 3391 639 3456 καὶ
661 3387 871 3475 ἀλκιμώτερα
899 3391 1156 3476 ἐξεργασώμεθα
1178 3394 1231 3455 καί

224 3496 337 3572 κούφα
358 3490 413 3555 καὶ
436 3488 555 3555 εὔτονα
581 3489 634 3555 καὶ
658 3488 699 3556 τά
719 3487 804 3555 αύτά
825 3490 930 3575 βαρέα
953 3504 1020 3567 τοῖς
1039 3487 1234 3574 ἀνταγωνι-
