2625 4092
116 289 118 293 ’
213 289 275 353 186
567 293 873 352 ΛΟΥΚΙΑΝΟΤ

211 451 335 535 ἐπάρας
350 452 406 519 καὶ
421 451 593 519 πάντοθεν
609 448 700 540 αύτῷ
721 452 920 538 περιστήσας
939 455 1163 522 ἐπιδείκνυται
1183 458 1221 524 τά

210 550 302 636 άνθη
322 548 363 617 τά
386 547 492 617 αὑτοῦ
515 553 570 616 καὶ
596 547 633 616 τὸ
656 555 715 632 ἐαρ
736 556 804 616 των
826 557 958 634 πτερῶν
980 549 1091 637 ὥσπερ
1116 552 1223 620 αὐτοῦ

210 655 463 732 προκαλοῦντος
476 656 537 715 τού
552 655 714 734 λειμῶνος
729 651 761 726 ἐς
774 647 836 734 τὴν
851 646 1011 734 ἅμιλλαν·
1033 653 1222 738 ἐπιστρέφει

209 754 297 832 γοῦν
319 745 438 815 ἑαυτὸν
466 749 520 815 καὶ
540 747 691 832 περιάγει
719 750 772 814 καὶ
794 751 1001 834 ἐμπομπεύει
1020 757 1065 842 τῷ
1090 753 1223 821 κάλλει·

210 845 265 914 ὅτε
282 844 323 932 δη
340 848 396 914 καὶ
407 844 683 930 θαυμασιώτερος
697 853 850 931 φαίνεται
864 845 948 930 πρὸς
961 845 1023 934 τὴν
1037 847 1149 937 αὐγὴν
1162 849 1223 918 άλ-

210 947 421 1029 λαττομένων
447 943 538 1034 αύτῷ
565 951 633 1010 τῶν
663 944 846 1030 χρωμάτων
873 948 927 1012 καὶ
951 950 1224 1034 μεταβαινόντων

207 1041 314 1129 ἠρέμα
326 1045 381 1111 καὶ
392 1039 476 1128 πρός
488 1045 603 1128 ἕτερον
615 1041 800 1129 εὐμορφίας
812 1041 898 1122 εἶδος
909 1047 1135 1132 τρεπομένων.
1157 1047 1223 1112 τιά-

209 1161 279 1226 σχει
296 1143 332 1209 δὲ
352 1137 433 1210 αύτδ
453 1139 594 1228 μάλιστα
612 1143 665 1209 ἐπὶ
686 1149 754 1208 τῶν
774 1142 928 1228 κύκλων,
951 1139 1009 1222 οὓς
1031 1141 1083 1211 ἐπ’
1107 1143 1223 1229 άκροις

210 1245 275 1322 ἕχει
288 1252 357 1316 τοῖς
370 1251 519 1324 πτεροῖς,
541 1239 649 1322 ίριδός
669 1265 759 1318 τινος
781 1241 923 1307 ἕκαστον
939 1242 1181 1328 περιθεούσης·
1206 1238 1225 1307 δ

208 1335 271 1421 γάρ
289 1339 370 1416 τέως
385 1334 506 1422 χαλκὸς
525 1330 585 1423 ἦν,
606 1343 706 1404 τοῦτο
729 1341 943 1423 ἐγκλίναντος
963 1335 1079 1426 ὀλίγον
1100 1337 1224 1426 χρυσός

142 1451 190 1507 197
211 1433 330 1522 ὤφθη,
356 1440 411 1503 καλ
432 1437 468 1504 τὸ
490 1433 556 1503 ύπό
578 1443 623 1527 τῷ
649 1433 732 1528 ἡλίφ
753 1441 957 1524 κυαναυγές,
984 1443 1014 1506 εί
1033 1445 1223 1523 σκιασθείη,

208 1535 368 1619 χλοαυγές
390 1537 498 1602 ἐστιν·
531 1532 638 1612 οὕτως
664 1548 916 1621 μετακοσμεῖται
937 1535 1021 1620 πρὸς
1043 1534 1081 1603 τδ
1105 1545 1178 1621 φως
1202 1535 1222 1621 ἡ

208 1636 378 1720 πτέρωσις.
411 1640 460 1701 12.
478 1633 529 1700 ότι
542 1635 604 1719 μὲν
617 1631 682 1719 γάρ
697 1637 752 1701 καὶ
767 1631 787 1720 ἡ
811 1634 962 1703 θάλαττα
976 1633 1075 1721 ἱκανὴ
1091 1660 1223 1720 προκα-

207 1738 371 1803 λέσασθαι
381 1735 436 1803 καλ
449 1737 496 1814 είς
505 1736 688 1818 ἐπιθυμίαν
700 1731 948 1799 ἐπισπάσασθαι
959 1735 997 1800 ἐν
1011 1733 1142 1820 γαλήνη
1155 1759 1224 1820 φα-

207 1847 316 1916 νεῖσα,
334 1843 419 1918 ἴστε,
438 1829 503 1901 κάν
514 1830 558 1920 μή
576 1840 675 1900 είπω’
698 1828 770 1916 ὅτε,
787 1837 817 1898 εί
827 1833 880 1898 καὶ
895 1833 1109 1898 παντάπασιν
1125 1829 1223 1917 η’πει-

208 1933 315 2017 ρώτης
327 1937 382 2000 καλ
397 1931 622 2017 ἀπειρόπλους
632 1959 681 2010 τις
696 1941 764 2017 είη,
779 1930 912 2008 πάντως
927 1925 971 1996 άν
986 1930 1157 2015 ἐθελήσειε
1167 1934 1223 1998 καὶ

209 2028 309 2108 αύτός
329 2033 470 2117 ἐμβῆναι
490 2035 545 2098 καὶ
567 2037 785 2116 περιπλεῦσαι
811 2032 864 2095 καὶ
890 2025 977 2096 πολύ
998 2026 1063 2096 άπδ
1083 2036 1142 2114 τῆς
1161 2039 1222 2116 γῆς

208 2127 419 2213 ἀποσπάσαι,
442 2133 497 2197 καὶ
513 2130 655 2215 μάλιστα
670 2136 701 2197 εί
714 2134 831 2215 βλέποι
846 2123 908 2213 τὴν
930 2129 991 2212 μὲν
1012 2124 1123 2212 αύραν
1139 2130 1222 2197 κού-

209 2253 281 2312 φως
295 2228 561 2310 ἐπουριάζουσαν
575 2227 636 2314 τὴν
654 2226 801 2313 ὀθόνην,
817 2224 879 2311 τὴν
895 2227 930 2292 δὲ
942 2233 1029 2293 ναῦν
1045 2234 1221 2313 προσηνῶς

207 2350 243 2391 τε
260 2327 315 2392 καὶ
330 2332 425 2403 λείως
443 2325 497 2392 ἐπ’
515 2324 630 2409 άκρων
646 2323 752 2413 ἠρέμα
768 2323 1055 2391 διολισθάνουσαν
1072 2333 1141 2393 τῶν
1158 2353 1222 2393 κυ-

207 2423 330 2508 μάτων.
365 2426 414 2491 13.
432 2425 486 2491 καὶ
506 2433 624 2492 τοίνυν
646 2425 702 2491 καὶ
722 2426 822 2490 τοῦδε
841 2427 901 2487 τοῦ
926 2431 1021 2489 οίκου
1041 2420 1078 2490 τό
1099 2425 1219 2501 κάλλος

208 2521 329 2592 ἱκανόν
343 2524 398 2591 καὶ
412 2529 625 2610 παρορμῆσαι
641 2525 674 2600 ἐς
689 2522 811 2607 λόγους
827 2521 882 2587 καὶ
898 2523 1037 2606 λέγοντα
1053 2525 1219 2608 ἐπεγεῖραι

208 2623 263 2690 καὶ
280 2621 390 2690 πάντα
406 2621 532 2706 τρόπον
548 2620 765 2708 εὐδοκιμῆσαι
786 2619 1047 2703 παρασκευάσαι.
1079 2619 1145 2705 ἐγώ
1160 2619 1222 2706 μὲν

210 2717 249 2807 δὴ
268 2719 399 2801 τούτοις
413 2728 573 2808 πείθομαι
589 2723 643 2788 καὶ
658 2720 722 2807 η”δη
741 2720 916 2803 πέπεισμαι
934 2718 988 2785 καὶ
1004 2719 1036 2794 ἐς
1050 2714 1111 2784 τόν
1127 2715 1221 2786 ολκον

210 2821 263 2889 ἐπὶ
284 2823 397 2906 λόγοις
416 2822 639 2908 παρελήλυθα
662 2819 773 2901 ὥσπερ
794 2815 858 2884 άπό
878 2827 995 2902 ίυγγος
1016 2811 1038 2902 ἢ
1055 2825 1221 2902 Σειρῆνος

209 2928 254 3010 τῷ
270 2921 384 2991 κάλλει
399 2922 587 3008 ἑλκόμενος,
600 2924 716 2991 ἐλπίδα
732 2915 772 2985 ού
786 2912 911 3004 μικράν
923 2921 1018 3001 ἔχων,
1035 2921 1064 2983 εί
1075 2918 1130 2982 καὶ
1142 2920 1222 2994 τέως

210 3018 290 3106 ἡμῖν
302 3018 450 3105 άμορφοι
469 3013 557 3106 ἦσαν
572 3025 606 3088 οί
621 3020 732 3106 λόγοι.
755 3016 879 3092 καλούς
895 3011 1018 3092 αύτούς
1038 3025 1220 3099 φανεῖσθαι

210 3117 365 3200 καθάπερ
380 3117 496 3200 ἐσθῆτι
510 3122 596 3201 καλῇ
609 3117 886 3199 κεκοσμημένους.

296 3220 344 3281 14.
359 3211 492 3296 Ἕτερος
505 3217 542 3282 δέ
549 3239 598 3290 τις
609 3209 672 3278 ούκ
687 3209 829 3298 άγεννὴς
841 3211 949 3298 λόγος,
968 3205 1050 3279 άλλά
1062 3212 1116 3280 καὶ
1128 3212 1222 3278 πάνυ

209 3321 381 3398 γενναῖος,
404 3311 449 3390 ὡς
464 3331 562 3397 φησι,
585 3313 638 3378 καὶ
653 3311 776 3395 μεταξύ
793 3337 860 3397 μου
876 3313 1032 3396 λέγοντος
1052 3307 1222 3394 ὑπέκρουε

209 3411 264 3479 καλ
287 3411 479 3478 διακόπτειν
500 3412 652 3492 ἐπειρᾶτο
674 3407 735 3495 την
755 3412 853 3496 ῥῆσιν
878 3411 933 3476 καὶ
955 3409 1067 3494 ἐπειδὴ
1090 3434 1222 3476 πεπαυ-

209 3534 289 3595 μαι,
305 3507 367 3576 ούκ
380 3508 490 3594 άληθῆ
504 3515 609 3574 ταῦτα
621 3509 731 3593 λέγειν
747 3515 831 3593 φησί
843 3533 900 3593 με,
920 3505 1002 3575 άλλά
1021 3508 1221 3593 θαυμάζειν,
