2625 4092
233 268 295 333 184
585 272 887 334 ΛΟΤΚΙΑΝΟΤ

231 457 331 498 τατον
347 428 367 518 ῆ
380 430 465 519 ἀρχή
477 473 514 483 -
528 434 583 500 καὶ
596 429 656 499 τόν
670 429 768 516 ἥλιον
782 428 1020 518 ὑπερκύψαντα
1036 431 1141 512 εὐθύς
1152 431 1237 502 ὑπο-

232 533 386 616 δέχεσθαι
397 533 451 601 καὶ
462 539 523 599 τοῦ
535 528 645 616 φωτός
655 535 880 616 ἐμπίπλασθαι
891 531 923 608 ές
933 531 1037 615 κόρον
1045 529 1237 600 ἀναπεπτα-

163 645 213 699 19⁴
231 631 343 714 μένων
356 637 424 695 τῶν
438 635 575 714 θυρῶν,
589 625 670 696 καθ’
685 625 703 694 ὃ
718 629 773 696 καὶ
786 625 827 695 τά
838 626 910 711 ίερά
925 630 1088 714 βλέποντα
1100 633 1238 698 ἐποίουν

230 732 265 795 οί
276 735 426 814 παλαιοί,
450 730 504 795 καὶ
525 724 561 794 τό
579 735 640 795 τοῦ
656 727 785 812 μήκους
806 725 890 809 πρὸς
905 725 941 795 τὰ
958 730 1081 808 πλάτος
1096 734 1153 800 καί
1174 733 1238 817 ἀμ-

229 841 310 913 φοῖν
330 823 414 911 πρός
436 823 474 893 τό
495 824 581 907 ὐφος
601 824 776 911 εὔρυθμον
799 829 853 893 καὶ
873 833 941 892 τῶν
960 834 1178 912 φωταγωγῶν
1200 827 1236 894 τό

229 925 412 1006 ἐλεύθερον
426 924 580 1011 καὶπρὸς
594 922 688 1008 ῶραν
703 924 844 1009 ἑκάστην
856 915 894 991 εύ
910 929 986 1008 ἔχον
1000 930 1069 1002 πῶς
1084 921 1145 1010 οὐχ
1156 921 1237 1010 ῆδέα

228 1031 332 1091 ταῦτα
344 1023 454 1090 πάντα
465 1024 521 1090 καί
536 1025 682 1091 ἐπαίνων
696 1020 787 1102 τάξιας
811 1025 839 1090 7.
858 1027 906 1089 ἔτι
923 1022 959 1089 δὲ
973 1021 1184 1106 θαυμάσειεν
1196 1020 1237 1088 ἀν

228 1147 278 1200 τις
291 1124 347 1190 καὶ
365 1128 422 1208 τῆς
436 1120 563 1208 ὀροφῆς
579 1123 616 1188 ἐν
635 1128 681 1210 τῳ
698 1118 856 1210 εὐμόρφῳ
874 1116 910 1187 τό
928 1118 1103 1203 ἀπέριττον
1118 1122 1173 1188 καὶ
1192 1128 1237 1209 τῳ

229 1217 383 1310 εὐκόσμῳ
394 1215 431 1286 τό
446 1217 672 1305 ἀνεπίληπτον
686 1220 739 1285 καλ
752 1216 789 1286 τὸ
802 1225 862 1286 τοῦ
876 1223 1004 1303 χρυσοῦ
1015 1220 1048 1295 ἐς
1059 1215 1097 1285 τὸ
1114 1216 1237 1300 εὐπρε-

227 1316 286 1397 πὲς
296 1317 498 1405 σύμμετρον,
512 1315 596 1385 ἀλλά
611 1313 655 1405 μῆ
668 1318 743 1399 περὶ
753 1313 812 1394 τάς
821 1324 931 1403 χρείας
942 1318 1143 1400 ἐπίφθονον,
1159 1312 1234 1383 ἀλλ’

227 1418 355 1488 ὁπόσου
369 1412 414 1486 ἀν
428 1419 482 1486 καὶ
496 1418 629 1504 γυναικί
644 1416 796 1501 σῶφρονι
810 1418 866 1484 καὶ
880 1421 963 1503 καλῆ
978 1411 1102 1498 ἀρκέση
1117 1417 1235 1501 ἐπιση-

226 1517 369 1600 μότερον
386 1517 592 1601 ἐργάσασθαι
612 1511 649 1583 τό
670 1515 791 1593 κάλλος
807 1510 828 1601 ῆ
845 1516 920 1601 περὶ
941 1522 981 1602 τῆ
1003 1517 1096 1601 δειρῆ
1116 1512 1235 1590 λεπτός

225 1641 275 1694 τις
294 1614 398 1702 ὅρμος
417 1611 439 1701 ῆ
460 1615 535 1698 περὶ
556 1621 601 1703 τῳ
620 1614 772 1704 δακτύλῳ
794 1613 964 1698 σφενδόνη
986 1612 1132 1698 εὔφορος
1153 1606 1175 1695 ῆ
1198 1613 1234 1678 έν

225 1727 297 1781 τοῖν
312 1712 411 1780 ῶτοιν
431 1713 564 1800 ἐλλόβια
584 1707 606 1800 ῆ
627 1713 740 1798 πόρπη
754 1738 802 1789 τις
817 1708 838 1798 ῆ
854 1716 962 1778 ταινία
977 1707 1014 1778 τό
1035 1708 1163 1794 ἀφετον
1176 1717 1234 1794 τῆς
1308 1783 1309 1790 χ

224 1813 329 1898 κόμης
350 1813 555 1895 συνδέουσα,
580 1817 742 1879 τοσοῦτον
763 1817 803 1898 τῆ
830 1806 995 1898 εὐμορφίᾳ
1015 1816 1232 1894 προστιθεῖσα
1308 1835 1309 1846 ’

224 1908 307 1978 ὅσον
317 1916 357 1996 τῆ
369 1911 484 1995 ἐσθῆτι
494 1906 515 1996 ῆ
526 1910 702 1995 πορφύρα·
725 1912 763 1976 αί
774 1911 812 1976 δέ
821 1933 859 1993 γε
870 1909 1011 1992 ἑταῖραι,
1026 1907 1079 1974 καὶ
1090 1905 1233 1992 μάλιστα

225 2011 261 2076 αί
274 2003 499 2091 ἀμορφότεραι
515 2004 642 2092 αὐτῶν,
663 2008 718 2074 καὶ
735 2003 797 2092 τῆν
811 2009 935 2092 ἐσθῆτα
953 2003 1036 2090 ὅλην
1050 2009 1232 2092 πορφυρᾶν

224 2106 279 2172 καὶ
293 2103 355 2189 τῆν
375 2103 490 2190 δειρὴν
503 2111 633 2191 χρυσῆν
650 2112 845 2190 πεποίηνται
866 2110 911 2194 τῳ
927 2111 1103 2171 πολυτελεῖ
1113 2100 1231 2187 θηρῶ-

223 2225 321 2288 μευαι
333 2195 369 2267 τό
383 2199 557 2287 ἐπαγωγόν
568 2204 623 2272 καί
633 2200 670 2270 τό
684 2206 799 2271 ἐνδέον
811 2211 856 2295 τῳ
872 2211 961 2293 καλῷ
974 2202 1156 2286 προσθέσει
1169 2208 1230 2267 τοῦ

224 2305 351 2380 ἔξωθεν
361 2308 507 2383 τερπνοῦ
518 2302 836 2387 παραμυθούμεναι·
853 2299 1014 2388 ῆγοῦνται
1024 2300 1089 2386 γάρ
1102 2301 1158 2367 καὶ
1167 2297 1230 2384 τῆν
1307 2361 1308 2382 ,

224 2397 352 2485 ῶλένην
366 2398 480 2477 αὐταῖς
496 2403 733 2487 στιλπνοτέραν
748 2409 929 2486 φαίνεσθαι
943 2399 1229 2485 συναπολάμπου-
1307 2385 1308 2409 ’

222 2505 343 2589 σαυτῷ
355 2507 467 2591 χρυσῷ
481 2502 608 2568 καὶτοῦ
622 2501 725 2579 ποδὸς
739 2497 775 2566 τό
794 2497 838 2585 μῆ
854 2498 1101 2584 εὐπερίγραφον
1114 2498 1229 2582 λη’σειν

220 2594 286 2666 ὑπὸ
302 2605 415 2689 χρυσῶ
435 2600 589 2692 σανδάλῳ
607 2601 663 2668 καλ
678 2597 714 2666 τὸ
734 2597 915 2682 πρόσωπον
930 2595 1010 2664 αὐτὰ
1026 2597 1228 2683 ἐρασμιῶτε-
1306 2675 1307 2678 ¹

220 2722 283 2784 ρον
293 2696 496 2785 γενησεσθαι
507 2704 553 2789 τῷ
565 2697 772 2787 φαεινοτάτῳ
783 2696 1031 2783 συνορώμενον.
1054 2693 1130 2764 ἀλλ’
1143 2699 1229 2764 έκεῖ-
1306 2685 1307 2704 ¹

221 2822 276 2865 ναι
290 2795 351 2884 μὲν
365 2794 484 2875 οὕτως·
505 2795 526 2883 ῆ
542 2800 581 2865 δέ
591 2823 630 2884 γε
644 2797 793 2884 σώφρων
807 2802 894 2863 οίκία
906 2804 1020 2885 χρυσῷ
1034 2799 1096 2880 μὲν
1110 2791 1150 2861 τά
1165 2792 1227 2880 ἀρ-

220 2899 345 2960 κοῦντα
359 2894 413 2960 καὶ
428 2893 536 2978 μόνον
549 2892 589 2961 τά
604 2893 768 2980 ἀναγκαία
782 2903 1001 2983 προσχρῆται,
1021 2891 1059 2962 τό
1077 2891 1109 2960 δ’
1125 2890 1227 2978 αὐτῆς

220 2988 341 3068 κάλλος
352 2989 413 3058 οὐκ
425 2987 469 3057 ἀν
479 2992 686 3077 αἰσχύνοιτο,
703 2993 809 3081 οἶμαι,
824 2997 879 3062 καὶ
889 2993 999 3080 γυμνῆ
1012 2993 1224 3059 δεικνύουσα.

156 3107 204 3164 195
303 3093 333 3155 8.
352 3092 416 3155 Καὶ
429 3091 581 3178 τοίνυνῆ
597 3097 697 3160 τοῦδε
712 3100 774 3160 τοῦ
789 3103 884 3161 οίκου
899 3092 1026 3179 ὀροφή,
1046 3099 1174 3177 μᾶλλον
1191 3093 1226 3158 δὲ
1305 3143 1306 3146 ¹

219 3184 346 3273 κεφαλὴ
363 3185 580 3271 εὐπρόσωπος
594 3190 656 3275 μὲν
670 3193 725 3258 καί
740 3191 821 3260 καθ’
841 3193 978 3278 ἑαυτήν,
1002 3199 1047 3279 τῳ
1061 3197 1175 3280 χρυσῷ
1190 3191 1226 3257 δέ

219 3289 252 3364 ές
272 3293 433 3353 τοσοῦτον
449 3287 666 3375 κεκόσμηται,
693 3293 726 3368 ές
741 3288 824 3357 ὅσον
839 3293 892 3358 καὶ
908 3288 1052 3371 οὐρανός
1074 3292 1111 3356 έν
1131 3290 1225 3356 νυκτί

219 3380 285 3453 ύπδ
306 3392 374 3451 τῶν
395 3383 544 3469 ἀστέρων
565 3391 600 3454 ἐκ
623 3389 841 3475 διαστήματος
863 3389 1150 3474 περιλαμπόμενος
1170 3390 1224 3454 καὶ
1304 3397 1305 3440 ³

219 3485 255 3550 ἐκ
270 3488 499 3570 διαλείμματος
511 3483 630 3554 ἀνθῶν
645 3495 690 3572 τῳ
706 3494 796 3572 πυρί.
819 3494 849 3555 εί
859 3491 897 3556 δέ
910 3514 946 3572 γε
959 3496 1025 3570 πῦρ
1037 3480 1080 3571 ῆν
1095 3485 1132 3555 τδ
1145 3494 1223 3567 πᾶν,
