2625 4092
303 262 803 323 ΤΡΑΓΩιΔΟΠΟΔΑΓΡΑ.
990 261 1052 324 445

250 426 409 511 Ζεφύρου
427 424 463 490 δὲ
479 426 600 507 δένδρα
619 437 750 503 πνοιαῖς

251 521 388 600 ἁπαλοῖς
404 529 491 610 κομᾷ
506 521 668 606 πετήλοις,

251 620 272 688 ἃ
290 623 459 707 δύσγαμος
476 619 550 689 κατ’
569 631 682 699 οἴκους

249 720 407 805 μερόπων
422 731 521 805 θροεῖ
533 719 685 804 χελιδών,

251 821 305 887 καὶ
322 822 494 902 νυκτέροις
510 817 591 886 καθ’
606 817 694 888 ύλαν

251 914 310 983 τόν
318 915 410 986 Ἴτυν
424 920 531 985 στένει
547 915 731 1000 δακρύουσ’

249 1013 357 1093 Ἀτθὶς
372 1015 464 1100 γόοις
481 1012 605 1100 άηδάν.

39 1119 297 1183 ΠΟΔΑΓΡΟΣ.
311 1110 412 1197 Ὦμοι
426 1113 543 1179 πόνων
560 1112 711 1200 άρωγόν,
729 1105 756 1179 ά
771 1118 884 1196 τρίτου
896 1108 999 1191 ποδός
1059 1128 1111 1182 648

39 1227 163 1299 μοῖραν
179 1207 336 1296 λελογχὸς
349 1212 511 1297 βάκτρον,
530 1212 671 1293 ἐξέρειδέ
684 1237 751 1294 μου
1065 1217 1105 1282 55

39 1311 143 1398 βάσιν
159 1315 347 1394 τρέμουσαν
360 1312 415 1378 καὶ
432 1317 619 1378 κατίθυνον
634 1316 761 1396 τρίβον,

40 1420 133 1495 ἴχνος
147 1412 285 1494 βέβαιον
301 1404 345 1486 οἱς
358 1408 521 1494 ἐπιστήσω
538 1411 636 1497 πέδῳ.

40 1515 164 1592 ἔγειρε,
180 1514 322 1593 τλῆμον,
341 1521 420 1592 γυῖα
436 1512 581 1592 δεμνίων
595 1505 661 1573 άπο

39 1609 95 1674 καὶ
111 1612 186 1674 λίπε
200 1604 383 1690 μελάθρων
397 1602 459 1690 τὴν
473 1603 661 1691 ὑπώροφον
675 1608 804 1692 στέγην.

39 1707 206 1771 σκέδασον
221 1701 252 1769 δ’
268 1699 327 1769 ἀπ’
345 1700 455 1768 ὅσσων
470 1702 588 1788 νύχιον
604 1701 701 1786 ἀέρος
715 1703 824 1790 βάθος

40 1799 157 1887 μολών
172 1801 298 1885 θύραζε
313 1803 368 1867 καὶ
383 1798 467 1884 πρός
484 1799 582 1886 ἡλίου
599 1799 684 1885 φάος

41 1895 221 1967 άθόλωτον
238 1897 349 1980 αύραν
364 1900 553 1984 πνεύματος
568 1905 715 1985 φαιδροῦ
730 1899 877 1966 σπάσον·

40 2001 182 2064 δέκατον
196 1993 260 2082 γάρ
277 1995 341 2083 ἤδη
357 2004 457 2063 τοῦτο
474 1997 557 2084 πρὸς
573 2001 708 2086 πέμπτῳ
727 1998 816 2082 φάει,

39 2099 73 2176 ἐξ
89 2087 133 2163 ού
148 2096 238 2186 ζόφῳ
253 2095 467 2180 σύγκλειστος
481 2092 579 2182 ἡλίου
594 2100 667 2181 δίχα

39 2192 154 2272 εύναῖς
170 2195 207 2260 έν
221 2189 420 2279 άστράτοισι
436 2200 584 2280 τείρομαι
599 2197 708 2279 δέμας.

40 2289 129 2377 ψυχὴ
147 2292 209 2375 μὲν
221 2281 284 2356 ούν
298 2316 355 2376 μοι
369 2293 423 2358 καὶ
438 2300 612 2377 προθυμία
627 2294 718 2378 πάρα

39 2391 156 2476 βάσεις
169 2387 319 2475 άμείβειν
336 2392 389 2458 ἐπὶ
402 2391 513 2475 θύρας
528 2389 723 2483 ὡρμημένῳ,

40 2491 142 2574 δέμας
156 2488 192 2556 δὲ
208 2485 348 2572 νωθράν
361 2487 424 2574 οὐχ
437 2486 596 2575 ὑπηρετεῖ
607 2491 737 2569 πόθοις.

40 2585 132 2673 ὅμως
148 2585 177 2652 δ’
191 2587 341 2672 ἐπείγου,
355 2589 448 2672 θυμέ
452 2637 462 2672 ,
480 2587 679 2672 γιγνώσκων
694 2585 745 2655 ὅτι

38 2682 168 2770 πτωχός
183 2689 383 2771 ποδαγρῶν,
399 2699 591 2769 περιπατεῖν
605 2685 668 2770 μέν
683 2680 725 2751 άν
740 2688 824 2774 θέλη

39 2788 94 2852 καὶ
109 2780 154 2869 μὴ
169 2784 326 2870 δύνηται,
341 2789 462 2851 τοῦτον
477 2786 514 2851 έν
526 2799 656 2866 νεκροῖς
672 2791 769 2852 τίθει.

249 2881 323 2951 ἀλλ’
343 2881 403 2950 εἶα.

40 2986 129 3056 τίνες
144 2977 208 3063 γάρ
224 2984 293 3047 οἵδε
308 2980 435 3066 βάκτρα
449 2988 626 3064 νωμῶντες
639 2993 762 3066 χεροῖν,

40 3077 171 3162 κάρηνα
187 3078 328 3161 φύλλοις
343 3074 462 3155 άκτέας
474 3093 705 3163 καταστεφεῖς;

38 3181 106 3241 τίνι
121 3176 292 3260 δαιμόνων
305 3175 426 3261 άγονσι
441 3174 619 3262 κωμαστὴν
634 3176 754 3262 χορόνς
1066 3182 1106 3247 75

41 3280 131 3357 μῶν,
149 3281 251 3360 Φοῖβε
264 3275 395 3359 Παιάν,
410 3270 474 3339 σδν
488 3281 703 3360 γεραίρουσιν
717 3277 831 3361 σέβας;
1060 3297 1112 3350 649

42 3368 116 3439 ἀλλ’
134 3369 175 3440 ού
193 3374 371 3457 στέφονται
384 3375 553 3455 Δελφίδος
568 3372 686 3461 φύλλῳ
703 3372 842 3460 δάφνης.

40 3463 62 3553 ἢ
77 3469 122 3557 μή
140 3495 190 3548 τις
204 3467 310 3554 ύμνος
325 3475 455 3558 Βακχίῳ
473 3470 672 3553 κωμάζεται;
