2625 4092
416 285 728 348 ΧΑΡΙΔΗΜΟΣ.
1012 285 1074 348 425

154 447 204 508 29.
221 449 301 511 KPI
302 450 337 509 Τ.
361 441 456 510 Τοῦτ’
468 446 587 528 ἐκεῖνο,
605 441 650 522 ῶς
665 441 716 513 ἀεὶ
725 441 762 513 τὸ
771 456 869 514 θεῖον
884 444 946 513 οὐκ
962 441 1077 531 ἀμελεῖ

68 543 137 604 τῶν
149 535 304 622 ἀγαθῶν,
318 537 391 607 ἀλλ’
405 539 497 620 αὔξει
507 539 592 626 ἀγου
601 543 655 608 ἐπὶ
668 540 708 609 τά
720 550 899 628 κρείττονα.
923 541 1016 629 ἡμεῖς
1026 545 1073 626 δέ,

67 625 275 719 ῶΤριεφῶν,
294 634 333 704 τά
351 636 509 704 κάλλιστα
521 635 698 722 εὑρηκότες
709 641 815 723 ίσμέν.
839 643 1074 725 ἐδυσχέραινον

66 730 134 816 γὰρ
154 735 190 799 ἐν
205 741 244 822 τῇ
265 731 445 821 ἀποβιῶσει
461 741 495 802 τί
507 749 575 814 τοῖς
587 737 714 814 τέκνοις
732 745 923 804 καταλιπεῖν
936 737 987 802 ἐπὶ
1003 749 1073 812 ταῖς

66 829 262 915 διαθήκαις·
273 828 364 910 ολδας
372 829 437 918 γάρ
446 831 507 918 τὴν
516 830 599 918 ἐμὴν
608 839 728 902 πενίαν
738 831 781 912 ῶς
790 831 853 919 ίγῶ
862 831 902 900 τά
912 834 963 900 σά.
975 840 1072 901 τοῦτο

66 925 166 1011 ἀρκεῖ
176 943 244 1007 τοῖς
258 937 388 1015 παισίν,
403 936 441 998 ac
449 929 566 1016 ἡμέραι
577 940 637 998 τοῦ
647 930 907 1015 αὐτοκράτορος·
931 938 1073 1010 πλοῦτος

66 1023 135 1110 γάρ
149 1024 233 1112 ἡμᾶς
251 1025 312 1095 ούκ
329 1031 468 1107 ἐκλείψει
484 1031 538 1096 καὶ
554 1033 655 1107 ἔθνος
668 1027 753 1115 ἡμᾶς
765 1027 806 1096 ού
824 1029 1050 1116 καταπτοήσει.

159 1131 299 1194 ΤΡΙΕΦ.
328 1123 445 1210 Κάγῶ,
467 1119 494 1193 ἀ
519 1133 650 1209 Κριτία,
678 1133 779 1192 ταῦτα
803 1132 986 1194 καταλείπω
1006 1139 1073 1204 τοῖς

66 1225 214 1306 τέκνοις,
230 1221 274 1302 ῶς
286 1229 380 1292 ἴδωσι
391 1232 577 1311 Βαβυλῶνα
592 1222 794 1310 ὀλλυμένην,
807 1234 980 1309 Αἴγυπτον
992 1228 1073 1291 δου-

67 1321 254 1406 λουμίνηυ,
270 1320 309 1389 τά
323 1330 391 1389 τῶν
401 1331 543 1406 Περσῶν
556 1329 654 1391 τέκνα
666 1322 820 1389 δούλειον
834 1315 922 1408 ἦμαρ
937 1321 1072 1408 ἀγοντα,

66 1417 127 1496 τάς
137 1418 298 1506 ἐκδρομὰς
307 1429 375 1488 τῶν
384 1429 536 1490 Σκυθῶν
548 1425 753 1505 παυομένας,
771 1417 837 1488 είθ’
850 1413 914 1487 οὖν
924 1422 976 1486 καὶ
994 1418 1071 1486 ἀνα-

65 1522 280 1602 κοπτομένοις.
291 1517 383 1605 ἡμεῖς
393 1522 428 1586 δὲ
437 1516 903 1605 τὸνίνἈθήυαις”Αγνωστον
913 1515 1071 1602 ἐφευρόν-

64 1641 120 1693 τες
140 1619 192 1684 καί
207 1618 498 1702 προσκυνήσαντες
514 1633 624 1706 χεῖρας
641 1623 688 1695 εἰς
704 1612 851 1697 οὐρανὸν
868 1617 1070 1692 ἐκτείναντες
1089 1631 1139 1688 618

67 1712 174 1803 τούτῳ
189 1713 466 1800 εάχαριστήσομεν
481 1713 525 1794 ῶς
542 1716 800 1796 καταξιωθέντες
814 1714 970 1782 τοιούτου
987 1713 1071 1795 κρά-

68 1838 149 1891 τους
159 1810 300 1900 ὑπήκοοι
309 1818 482 1899 γενέσθαι,
503 1813 582 1894 τοὺς
593 1813 629 1882 δὲ
645 1810 783 1892 λοιπούς
793 1822 907 1898 ληρεῖν
922 1811 1071 1896 ἐάσωμεν

68 1907 288 1994 ἀρκεσθέντες
298 1910 381 1993 ὑπὲρ
391 1911 502 1980 αὐτῶν
511 1920 614 1982 εἰπεῖν
624 1910 661 1979 τύ
672 1909 713 1979 ού
721 1908 1071 1996 φρουτλςἹπποκλείδη

66 2006 150 2077 κατά
169 2008 231 2096 τὴν
246 2017 434 2096 παροιμίαν.

471 2141 599 2152 -η-ν-ι-

147 2271 484 2340 ΧΑΡΙΔΗΜΟΣ
507 2280 542 2336 Η
566 2271 704 2339 ΠΕΡΙ
726 2271 985 2341 ΚΑΛΛΟΥΣ.

154 2411 180 2472 l.
198 2411 446 2474 ΕΡΜΙΠΠΟΣ.
466 2405 676 2488 Περιπάτους
692 2412 807 2492 ἔτυχον
821 2409 910 2492 χθές,
930 2397 956 2472 ύ
966 2413 1070 2488 Χαρί-

66 2509 167 2588 δημε,
182 2503 383 2590 ποιούμενος
395 2507 431 2573 ἐν
441 2511 487 2593 τῶ
498 2510 683 2594 προαστείῳ
697 2503 765 2590 ἅμα
776 2504 837 2591 μὲν
848 2506 902 2574 καὶ
914 2511 970 2590 τῆς
980 2501 1069 2588 παρά

64 2610 135 2670 τῶν
152 2601 266 2689 ἀγρῶν
286 2604 383 2688 χάριν
400 2603 587 2692 ραστάνης,
611 2601 679 2687 ἅμα
701 2603 736 2671 δὲ
761 2645 797 2654 -
820 2610 937 2688 ἔτυχον
957 2603 1021 2687 γάρ
1041 2631 1071 2668 τι

65 2709 212 2786 μελετῶν
229 2743 265 2754 -
283 2705 338 2770 καὶ
359 2702 514 2788 δεόμενος
534 2699 679 2787 ἡσυχίας.
712 2703 901 2788 ἐντυγχάνω
922 2701 961 2788 δὴ
980 2709 1070 2784 Προ-

65 2801 147 2890 ξένῳ
159 2809 204 2888 τῷ
215 2798 444 2882 Ἐπικράτους·
459 2798 650 2883 προσειπῶν
662 2800 696 2868 δὲ
708 2799 817 2884 ῶσπερ
827 2802 972 2884 είῶθειν,
982 2799 1071 2888 ἡρῶ-

65 2925 133 2965 τωυ
149 2897 234 2967 ὅθεν
248 2926 281 2966 τε
296 2895 473 2984 πορεύοιτο
488 2901 542 2966 καὶ
558 2897 635 2966 ὅποι
651 2904 785 2984 βαδίζοι.
817 2896 833 2965 ὁ
853 2899 887 2966 δὲ
902 2899 995 2984 ἥκειν
1010 2900 1070 2984 μὲν

64 3002 129 3080 ἔφη
146 2999 199 3063 καὶ
211 2992 312 3074 αὐτὸς
327 2999 397 3064 ἐκεῖ
403 3001 619 3080 παραμυθίας
632 2997 747 3081 χάριν,
762 2993 845 3082 ἥπερ
861 2997 973 3065 είῶθει
989 2997 1072 3080 πρὸς

63 3090 125 3178 τὴν
146 3091 227 3173 ὄψιν
241 3099 397 3177 γίνεσθαι
417 3100 485 3160 τῶν
500 3091 629 3178 ἀγρῶν,
657 3091 859 3160 ἀπολαύσων
879 3096 915 3161 δὲ
936 3096 990 3162 καὶ
1013 3101 1070 3180 τῆς

64 3189 204 3266 τούτους
219 3190 440 3275 ἐπιπυεούσης
457 3188 622 3272 εὐκράτου
642 3193 695 3258 καὶ
716 3190 847 3277 κούφης
861 3191 983 3276 αὔρας,
1005 3189 1068 3258 ἀπὸ

64 3291 252 3371 συμποσίου
273 3287 385 3370 μέντοι
407 3295 584 3354 καλλίστου
606 3288 783 3373 γεγονότος
807 3289 843 3354 ἐν
863 3295 1015 3372 Πειραιεῖ
1035 3292 1071 3355 ἐν

60 3378 296 3467 Ἀνδροκλέους
311 3392 373 3450 τοῦ
387 3383 580 3470 Ἐπιχάρους
594 3386 633 3452 τά
648 3388 790 3454 ἐπινίκια
806 3387 988 3464 τεθυκότος
995 3382 1071 3469 Ἑρ-

62 3490 128 3568 μη,
161 3480 213 3548 δτι
242 3483 282 3567 δὴ
313 3488 445 3568 βιβλίον
473 3480 639 3568 ἀναγνούς
668 3485 820 3569 ἐνίκησεν
846 3487 883 3550 ἐν
909 3490 1076 3559 Διασίοις,
