2625 4092
209 288 272 348 222
452 316 454 319 ·
562 295 867 353 AOYKIANOT

292 459 455 520 AAEIM.
484 447 536 520 Εὖ
561 457 683 539 λέγεις,
708 454 764 519 καὶ
788 450 1020 543 ἀνορωρύχθω
1045 455 1219 543 θησαυρός

208 547 275 616 ὑπὸ
291 547 352 616 τὸν
361 548 486 636 Ἑρμῆν
501 548 561 616 τδν
576 557 727 633 λίθινον,
749 547 785 626 ός
807 553 898 618 ἐστιν
918 551 998 639 ἡμῖν
1014 560 1050 621 ἐν
1065 562 1105 644 τῇ
1123 552 1218 642 αὐλή,

208 650 361 733 μέδιμνοι
377 655 476 733 χίλιοι
491 655 631 733 χρυσίου
648 647 821 733 ἐπισήμου.
851 647 958 729 εὐθὺς
973 646 1037 719 οὖν
1058 652 1143 720 κατά
1159 654 1219 721 τὸν

202 743 359 812 Ἡσίοδον
377 745 466 824 οἶκος
479 745 516 812 τό
539 753 690 832 πρῶτον,
711 743 756 824 ὡς
775 741 819 811 άν
839 749 1061 836 ἐπισημότατα
1077 759 1218 837 οἰκοίην,

140 860 191 913 ‘262
210 845 266 911 καὶ
290 842 330 909 τά
352 846 427 926 περὶ
449 843 486 910 τό
509 844 594 912 άστυ
618 843 726 910 πάντα
753 841 935 931 ὠνησάμην
959 847 1023 934 ήδη
1047 848 1136 936 πλήν
1157 848 1219 917 ὅσα

204 943 335 1028 Ἰσθμοῖ
346 947 401 1012 καὶ
415 953 547 1030 Πυθοῖ,
563 947 617 1013 καὶ
629 948 666 1012 ἐν
680 942 841 1012 Ἐλευσῖνι
854 944 916 1012 ὅσα
931 950 983 1017 ἐπὶ
998 950 1148 1037 θαλάττη
1164 952 1218 1018 καί

207 1046 283 1126 περὶ
298 1044 359 1110 τὸν
377 1042 512 1130 Ἰσθμόν
533 1043 628 1129 όλίγα
644 1051 713 1110 τῶν
733 1040 877 1128 άγάνων
893 1046 1007 1130 ἕνεκα,
1033 1058 1159 1117 εἴποτε
1178 1049 1219 1134 δή

206 1138 389 1228 τάἼσθμια
403 1143 652 1228 ἐπιδημήσαιμι,
671 1143 726 1207 καὶ
742 1139 778 1207 τό
794 1143 988 1212 Σικυώνιον
1007 1150 1142 1231 πεδίον,
1164 1151 1218 1214 καὶ

208 1238 294 1316 ὅλως
315 1249 348 1306 εἰ
363 1239 428 1305 ποό
444 1267 475 1305 τι
492 1242 679 1325 συνηρεφὲς
698 1234 721 1323 ή
741 1243 885 1321 ἔνυδρον
904 1235 1111 1328 ήεόκαρπον
1125 1246 1163 1311 ἐν
1179 1251 1218 1331 τῇ

203 1325 351 1420 Ἑλλάδι,
367 1336 474 1403 πάντα
491 1340 529 1404 ἐν
546 1335 646 1427 ὀλίγην
660 1334 876 1421 Ἀδειμάντου
892 1343 983 1408 ἔστω.
1007 1339 1025 1408 δ
1041 1340 1167 1429 χρυσός
1183 1343 1219 1410 δὲ

206 1442 316 1512 κοῖλος
332 1431 413 1520 ήμῖν
427 1438 604 1520 ἐμφαγεῖν,
625 1433 665 1501 τά
684 1435 719 1502 δὲ
733 1435 911 1521 ἐκπώματα
928 1437 970 1504 οὐ
986 1447 1099 1526 κοῦφα
1116 1437 1159 1518 όις
1177 1440 1216 1508 τά

202 1530 432 1617 Ἐχεκράτους,
448 1529 532 1599 άλλά
547 1533 747 1600 διτάλαντον
762 1534 903 1600 ἕκαστον
917 1532 979 1621 τήν
994 1533 1105 1622 ὁλκήν.

290 1637 341 1697 21.
359 1637 459 1702 AYK.
481 1629 563 1699 Εἶτα
580 1638 650 1710 πῶς
666 1629 683 1697 ὁ
701 1632 851 1717 οἰνοχόος
867 1630 972 1714 ὀρίξει
987 1642 1109 1721 πλῆρες
1126 1633 1217 1704 οὕτω

206 1731 294 1820 βαρὺ
312 1738 464 1818 ἐκπωμα;
486 1730 507 1819 ή
529 1732 572 1799 σδ
594 1736 669 1821 δέξη
689 1727 769 1816 παρ’
787 1729 893 1799 αὐτοῦ
908 1730 1048 1820 άμογητί
1069 1732 1111 1802 οὐ
1131 1737 1216 1804 σκό-

207 1857 291 1917 φον,
307 1827 390 1897 άλλόι
405 1829 594 1916 Σισύφειόν
607 1858 639 1897 τι
654 1831 758 1917 βάρος
773 1827 1006 1913 ιἰναδιδόντος;

291 1936 454 1997 ΑΔΕΙΜ.
468 1927 666 2013 Ἄνθρωπε,
683 1929 729 2014 μή
744 1925 780 2014 μ’
795 1927 921 1997 ἀνάλυε
934 1927 997 2016 τήν
1013 1927 1124 2017 εὐχήν.
1149 1931 1215 2018 ἐγω

207 2025 244 2094 δὲ
258 2028 313 2092 καὶ
333 2029 491 2106 τραπέζας
512 2025 591 2105 ὅλας
612 2033 737 2112 χρυσᾶς
758 2025 938 2112 ποιήσομαι
954 2030 1009 2094 καί
1025 2026 1085 2107 τάς
1100 2037 1219 2108 κλίνας

205 2133 345 2212 χρυσᾶς,
362 2131 392 2192 εἰ
405 2123 440 2191 δὲ
456 2124 500 2211 μή
516 2127 685 2212 σιωπήση,
701 2127 756 2193 καὶ
770 2122 850 2204 τούς
863 2125 1044 2205 διακόνους
1058 2125 1194 2205 αὐτούς.

289 2230 390 2291 ΛΤΚ.
411 2221 493 2307 Ὅρα
510 2224 617 2309 μόνον
632 2221 677 2309 μή
704 2221 814 2307 ὥσπερ
829 2231 875 2314 τῷ
893 2229 989 2312 Μίδᾳ
1005 2223 1093 2293 καλδ
1116 2225 1219 2311 άρτος

207 2344 259 2389 σοι
281 2322 336 2390 καί
354 2321 390 2388 τό
410 2321 514 2389 ποτόν
534 2320 657 2408 χρυσός
678 2326 814 2408 γένηται
840 2325 896 2389 καὶ
919 2332 1076 2391 πλουτῶν
1096 2323 1219 2406 άθλιος

206 2418 316 2508 άπόλη
331 2427 415 2508 λιμῷ
430 2424 629 2506 διαφθαρεὶς
644 2429 824 2489 πολυτελεῖ.

290 2527 451 2590 ΑΛΕΙΜ.
478 2518 526 2588 Τά
542 2518 585 2587 σά
601 2523 756 2606 ῥυθμιεῖς
770 2521 1014 2605 πιθανώτερον,
1034 2515 1217 2611 ιῖΛυκῖνε,

204 2616 275 2705 μετ’
292 2617 423 2706 ὀλίγον,
439 2615 575 2687 ἐπειδάν
590 2616 692 2696 αὐτὸς
702 2624 807 2708 αἰτῇς.
828 2625 878 2686 22.
898 2619 1001 2706 ἐσθής
1015 2623 1067 2690 ἐπὶ
1081 2625 1218 2702 τούτοις

206 2716 363 2802 ἁλουργὶς
378 2720 432 2786 καὶ
443 2717 461 2785 ὁ
472 2726 544 2805 βίος
555 2712 624 2797 οἷος
637 2715 836 2806 ἁβρότατος,
853 2717 960 2799 ὕπνος
974 2717 1029 2806 ἐφ’
1043 2719 1127 2788 όσον
1138 2721 1218 2809 ήδι-

135 2831 187 2884 λ63
206 2839 299 2904 στος,
324 2827 433 2904 φίλων
450 2819 612 2903 πρόσοδοι
626 2820 683 2888 καί
697 2819 826 2905 δεήσεις
839 2823 893 2888 καὶ
908 2818 944 2887 τό
963 2818 1112 2900 ἅπαντας
1128 2820 1218 2890 ὑπο-

204 2918 365 3004 πτήσσειν
385 2921 440 2985 καί
458 2933 678 3002 προσκυνεῖν,
701 2921 757 2987 καί
773 2924 808 2986 οί
824 2921 887 3004 μὲν
906 2921 1016 2987 ἔωθεν
1039 2919 1124 3002 πρός
1143 2937 1218 2999 ταῖς

203 3015 328 3097 θόραις
343 3014 413 3082 άνω
430 3020 485 3083 καὶ
500 3018 590 3083 κάτω
605 3018 907 3104 περιπατήσουσιν,
928 3022 965 3086 ἐν
982 3017 1094 3096 αὐτοῖς
1109 3021 1145 3088 δὲ
1158 3024 1219 3088 καὶ

205 3120 401 3192 Κλεαίνετος
411 3118 465 3181 καὶ
476 3117 688 3201 Δημόκριτος
703 3121 737 3184 ολ
750 3117 855 3201 πάνυ,
871 3118 926 3184 καὶ
935 3125 1168 3198 προσελθοῦσί
1176 3147 1219 3206 γε

204 3212 384 3290 αὐτοῖςκαὶ
399 3211 464 3296 πρὸ
479 3220 548 3280 των
562 3212 674 3282 άλλων
690 3219 902 3301 εἰσδεχθῆναι
917 3213 1046 3296 ἀξιοῦσι
1059 3222 1218 3303 θυρωροὶ

203 3307 283 3378 ἑπτά
300 3313 490 3396 ἐφεστῶτες,
508 3311 701 3398 εὐμεγέθεις
715 3315 891 3400 βάρβαροι,
907 3317 1219 3398 προσαραξάτωσαν

203 3412 236 3484 ἐς
250 3405 287 3473 τό
302 3411 455 3492 μέτωπον
469 3406 556 3476 εόθδ
567 3409 629 3496 τήν
642 3413 775 3498 θάραν,
791 3409 845 3482 οἱα
856 3422 922 3482 νῦν
936 3413 1031 3483 αὐτοὶ
1044 3425 1216 3486 ποιοῦσιν.

202 3503 267 3588 ἐγιδ
285 3507 337 3590 δέ,
354 3504 480 3573 ὁπόταν
495 3509 591 3594 δόξη,
610 3510 786 3594 προκόψας
802 3511 912 3596 ὥσπερ
930 3512 948 3580 ὁ
964 3513 1057 3601 ήλιος
1075 3519 1214 3584 ἐκείνων
