2625 4092
197 297 260 362 190
551 289 854 396 κονισκαον

197 457 395 544 ὀφθαλμῶν.
417 455 554 527 ἀκούετε
566 467 631 526 τοῦ.
638 460 807 545 μάρτυρος
819 460 841 528 ά
852 481 971 548 φησιν,
988 461 1031 542 ὡς
1042 461 1081 531 τά
1094 455 1211 550 πρώτα

196 565 237 645 τῇ
246 554 321 636 ὄψει
330 553 560 636 άποδέδωκεν;
577 557 719 636 εἰκότως.
737 554 777 626 τά
789 559 851 644 μὲν
860 558 924 645 γάρ
937 565 1016 640 ἔπεα
1026 560 1210 646 πτερόεντά

197 655 265 723 ἐστι
289 657 343 722 καὶ
365 664 487 740 οἰχεται
508 654 576 742 ἅμα
597 662 644 745 τῷ
666 665 847 739 προελθεῖν
872 655 1106 744 ἀποπτάμενα,
1130 656 1150 744 ἡ
1175 659 1210 726 δὲ

196 760 264 819 τῶν
282 750 463 839 ὁρωμένων
482 757 595 838 τέρψις
615 751 667 823 άεί
687 762 884 838 παρεστῶσα
899 758 953 840 καί
967 757 1210 842 παραμένουσα

197 851 330 929 πάντως
346 847 407 918 τόν
426 849 554 937 θεατὴν
575 848 747 938 ὑπάγεται
777 845 828 920 21ss
844 860 914 932 πῶς
930 845 994 919 οὖν
1010 852 1052 920 οὐ
1066 850 1211 939 χαλεπός

196 957 242 1039 τῷ
264 953 394 1036 λέγοντι
416 947 666 1038 ἀνταγωνιστὴς
689 949 778 1030 οἰκος
801 951 890 1020 οὕτω
916 951 1016 1030 καλός
1035 953 1091 1020 καὶ
1113 956 1209 1034 περί-

196 1058 336 1140 βλεπτος
348 1050 413 1132 ὤν;
435 1058 564 1136 μάλλον
576 1053 612 1119 δὲ
623 1051 660 1118 τδ
671 1054 828 1137 μέγιστον
844 1052 975 1120 οὐδέπω
990 1058 1090 1136 φημί·
1114 1047 1210 1135 ὑμεῖς

195 1147 260 1236 γάρ
276 1145 371 1216 αὐτοὶ
387 1153 422 1217 οἰ
435 1152 585 1218 δικασταί
600 1152 655 1218 καλ
668 1146 791 1235 μεταξδ
806 1150 975 1234 λεγόντων
988 1147 1083 1234 ἡμῶν
1100 1150 1133 1226 ἐς
1146 1144 1209 1232 τὴν
1307 1149 1308 1154 ’

196 1245 329 1332 ὀροφὴν
345 1243 546 1334 ἀπεβλέπετε
561 1250 615 1316 καὶ
631 1245 711 1325 τοδς
724 1253 855 1332 τοίχους
867 1247 1069 1333 ἐθαυμάζετε
1084 1248 1140 1314 καί
1151 1242 1210 1322 τάς

196 1343 329 1432 γραφάς
340 1345 504 1431 ἐξητάζετε
514 1343 599 1430 πρὸς
611 1345 754 1432 ἑκάστην
765 1344 1062 1432 ἀποστρεφόμενοι.
1079 1346 1134 1413 καί
1145 1371 1210 1430 μη-

197 1444 255 1513 δὲν
273 1449 491 1529 αἰσχυνθῆτε·
515 1443 697 1531 συγγνώμη
711 1444 793 1529 γάρ,
817 1455 851 1514 εἰ
860 1473 891 1512 τι
908 1443 1133 1529 ἀνθρώπινον
1148 1468 1210 1510 πε-

196 1543 363 1660 πόνθατε,
385 1541 493 1620 άλλως
510 1569 545 1609 τε
569 1542 728 1666 καὶπρὸς
749 1541 837 1612 οὕτω
858 1541 963 1622 καλάς
983 1546 1037 1611 καὶ
1057 1549 1211 1619 ποικίλας

1307 2161 1308 2202 ἰ

195 1638 255 1720 τάς
270 1641 458 1719 ὑποθέσεις.
487 1647 544 1728 τῆς
556 1639 622 1766 γάρ
640 1645 757 1727 τέχνης
770 1638 807 1708 τδ
822 1639 957 1728 άκριβες
977 1644 1033 1710 καί
1048 1668 1105 1760 της
1118 1646 1210 1708 ίστο-

196 1746 269 1822 ρίας
284 1737 365 1824 μετά
387 1747 448 1806 τοῦ
463 1738 604 1825 ἀρχαίου
624 1739 662 1807 τό
681 1739 851 1827 ὠφέλιμον
872 1738 1089 1842 ἐπαγωγόν
1067 1766 1111 1818 ως
1126 1738 1210 1824 άλη-

195 1845 268 1915 θως
289 1865 344 1907 και
333 1842 634 1924 πεπαιδευμένων
652 1847 786 1907 θεατων
809 1839 978 1925 δεόμενον.
1012 1843 1067 1907 καὶ
1084 1866 1140 1906 ινα
1161 1834 1208 1923 μὴ

195 1937 306 2004 πάντα
327 1939 431 2005 ἐκεῖσε
456 1935 704 2025 άποβλέπητε“
686 1945 771 2024 ημᾶς
794 1937 1030 2024 ἀπολιπόντες,
1059 1939 1141 2022 φέρε
1164 1934 1209 2012 ὡς

196 2029 320 2102 οἷόντε
335 2034 516 2122 γράψωμαι
530 2034 614 2104 αάτά
636 2034 763 2126 ὑμῖν
732 2063 777 2104 τω
767 2037 900 2127 λόγω
921 2034 1117 2124 ἡσθήσεσθε
1130 2035 1208 2121 γάρ,

127 2145 177 2199 203
196 2131 302 2218 οἶμαι,
320 2131 502 2254 ἀκούοντες
516 2133 539 2202 ά
552 2137 607 2204 καὶ
622 2135 767 2216 ὁρωντες
780 2137 977 2222 θαυμάζετε.
1002 2135 1058 2204 καὶ
1072 2144 1151 2210 ἴσως
1165 2129 1209 2198 ἄν

194 2256 236 2317 με
251 2256 306 2297 και
296 2229 365 2298 δι’
382 2230 463 2299 αὐτό
486 2235 691 2301 ἐπαινέσαιτε
706 2236 761 2302 καὶ
780 2261 840 2301 τοο
827 2233 1030 2302 ἀντιδίκου
1043 2230 1208 2316 προτιμή·

195 2350 302 2414 σαιτε,
321 2355 366 2408 ως
380 2357 424 2416 μη
440 2335 494 2400 καὶ
510 2331 616 2400 αάτον
603 2337 850 2414 ἐπιδείξαντος
861 2361 916 2402 και
906 2331 1208 2407 διπλασιάσαντος
1307 2411 1308 2430 χ

195 2428 276 2514 ὑμῖν
291 2428 353 2516 την
368 2429 505 2518 ἡδονήν.
529 2432 566 2501 τό
583 2431 730 2519 χαλεπόν
745 2435 781 2504 δὲ
798 2441 858 2503 τοῦ
874 2433 1082 2520 τολμήματος
1097 2429 1208 2515 ὁρᾶτε,
1307 2433 1308 2456 δ

194 2528 278 2599 ἀνευ
295 2533 481 2617 χρωμάτων
500 2536 556 2603 καί
576 2535 753 2620 σχημάτων
771 2537 826 2601 καὶ
847 2534 953 2602 τόπου
974 2532 1209 2616 συστήσασθαι

193 2631 357 2709 τοσαύτας
378 2632 525 2711 εἰκόνας·
553 2629 632 2718 ψιλὴ
654 2634 721 2720 γάρ
743 2660 792 2713 τις
814 2631 835 2719 η
859 2630 971 2718 γραφη
995 2639 1063 2698 τῶν
1083 2629 1207 2714 λόγων.
1307 2677 1308 2720 5

194 2737 245 2798 22.
263 2733 300 2798 έν
324 2735 415 2819 δεξιᾷ
437 2732 499 2818 μὲν
520 2723 583 2798 οὖν
606 2731 743 2800 εἰσιόντι
762 2731 942 2822 Ἀργολικῷ
963 2730 1064 2822 μάθω
1082 2728 1209 2816 άναμέ·
1307 2737 1308 2798 3

195 2857 306 2917 μικται
320 2832 432 2910 πάθος
447 2833 670 2918 Αἰθιοπικόν,
695 2829 712 2898 ὁ
728 2831 881 2915 Περσεὺς
898 2829 934 2898 τό
952 2837 1052 2916 κῆτος
1067 2828 1209 2917 φονεάει

194 2927 322 3015 καλιὴν
334 2928 559 3016 Ἀνδρομέδαν
573 2942 745 3018 καθαιρεῖ,
763 2933 818 3000 καί
834 2931 915 3020 μετά
930 2927 1051 3018 μικρόν
1066 2928 1207 3015 γαμήσει

195 3032 250 3096 καὶ
264 3027 395 3096 άπεισιν
411 3027 518 3115 αὐτὴν
532 3028 642 3115 ἀγων·
672 3030 844 3118 πάρεργον
864 3039 963 3099 τοῦτο
978 3037 1035 3116 τῆς
1052 3030 1104 3098 ἐπὶ
1118 3035 1207 3113 Γορ-

195 3129 466 3216 γόναςπτησεως.
489 3133 526 3197 έν
535 3136 653 3217 βραχεῖ
662 3130 697 3198 δὲ
710 3126 1004 3217 πολλάὸτεχνίτης
1015 3129 1207 3214 ἐμιμήσατο,
1307 3133 1308 3184 ἰ

195 3232 279 3298 αἰδῶ
288 3230 463 3310 παρθένου
473 3230 529 3297 καὶ
540 3228 667 3318 φόβον·
691 3233 865 3299 ἐπισκοπεῖ
874 3227 938 3316 γάρ
950 3227 1058 3315 μάχην
1070 3225 1208 3295 ἀνωθεν

195 3331 303 3415 ἕκτης
319 3329 439 3413 πέτρας
458 3330 513 3396 καὶ
529 3336 666 3397 νεανίου
686 3331 814 3416 τόλμαν
830 3325 991 3415 ἐρωτικὴν
1012 3329 1067 3396 καλ
1080 3332 1208 3412 θηρίου

195 3426 275 3509 όψιν
286 3426 517 3515 ἀπρόσμαχον·
533 3431 587 3497 καί
600 3426 636 3497 τδ
648 3432 711 3516 μὲν
720 3433 826 3497 ἔπεισι
841 3424 1004 3513 πεφρικός
1015 3441 1086 3505 ταῖς
1097 3423 1205 3493 άκάν-
1307 3493 1308 3516 χ

194 3538 273 3606 θοις
285 3530 339 3596 καί
354 3528 588 3613 δεδιττόμενον
602 3536 648 3619 τῷ
660 3528 817 3615 χάσματι,
835 3524 1016 3610 ὁΠερσεδς
1027 3525 1064 3593 δὲ
1075 3533 1115 3614 τῇ
1126 3531 1205 3612 λαιᾷ

1307 3887 1308 3922 ἰ

1307 3991 1308 4018 ἰ

1307 4029 1308 4056 ἰ
