2625 4092
347 294 468 351 ΠΕΡΙ
490 292 591 353 ΤΩΝ
610 293 863 354 ΔΙΨΑΔΩΝ.
1047 291 1107 354 207

99 463 158 540 τῆς
170 453 321 541 ψάμμου,
336 452 376 521 τά
388 452 424 520 δὲ
435 453 507 520 άνω
519 453 769 537 ἐπιπολάζοντα,
787 453 932 536 φύσαλοι
944 456 998 520 καὶ
1010 453 1110 520 ἀσπέ-

100 557 155 630 δες
170 554 225 620 καὶ
240 558 364 639 ἔχιδναι
381 554 436 619 καὶ
455 552 611 632 κεράσται
627 552 683 617 καί
699 551 919 637 βουπρήστεις
936 554 991 619 καὶ
1006 551 1109 619 άκον-

72 709 77 720 .
100 657 166 718 τίαι
181 652 237 718 καί
250 649 470 738 ἀμφίσβαιναι
485 650 539 716 καί
559 649 739 729 δράκοντες
757 651 811 716 καὶ
829 657 999 731 σκορπίων
1013 654 1108 735 γένος

100 747 229 833 διττόν,
249 747 286 816 τό
305 749 366 835 μὲν
383 750 499 833 ἕτερον
515 747 662 832 ἐπίγειόν
675 773 718 814 τε.
731 749 786 816 καλ
802 749 917 833 πεζόν,
940 745 1108 835 ὑπέρμεγα

99 849 154 916 καλ
177 847 476 932 πολυσφόνδυλον,
499 845 647 927 θάτερον
665 846 701 912 δὲ
721 847 872 929 ἐναέριον
893 849 946 913 καὶ
968 848 1107 932 πτηνόν,

99 946 330 1033 ὑμενόπτερον
344 945 380 1014 δέ
392 941 445 1012 οἷα
458 959 530 1022 ταῖς
543 943 655 1027 άκρίσι
670 946 724 1012 καλ
738 947 853 1026 τέττιξι
867 949 923 1014 καί
938 956 1108 1031 νυκτερίσι

99 1044 138 1112 τά
149 1046 262 1128 πτερά.
275 1050 411 1112 τοιαῦτα
421 1042 521 1128 όρνεα
529 1040 635 1111 πολλά
646 1044 866 1129 ἐπιπετόμενα
874 1041 936 1111 οὑκ
948 1043 1107 1130 εὐπρόσι-

96 1170 160 1212 τον
174 1142 390 1228 ἀπεργάζεται
406 1139 469 1227 τήν
482 1143 614 1228 Λιβύην
626 1144 766 1227 ἐκείνην.
802 1141 885 1210 4.τὸ
907 1142 943 1209 δὲ
964 1141 1005 1232 δή
1021 1145 1108 1211 πάν-

97 1269 167 1309 των
181 1244 328 1324 ἑρπετῶν
349 1241 542 1307 δεινότατον
563 1229 612 1307 ὦν
632 1237 652 1325 ἡ
669 1240 803 1326 ψάμμος
818 1242 949 1327 τρέφει,
973 1240 993 1328 ἡ
1010 1245 1108 1322 διψάς

96 1344 205 1424 ἐστιν,
231 1337 308 1423 ὄφις
328 1335 371 1406 ού
393 1338 484 1405 πάνυ
505 1340 621 1423 μέγας,
646 1341 758 1426 έχίδνη
778 1335 910 1424 ὅμοιος,
935 1339 972 1407 τό
997 1344 1106 1426 δῆγμα

95 1446 220 1526 βίαιος,
236 1435 296 1504 τόν
309 1437 364 1505 ίόν
374 1439 490 1523 ταχύς,
511 1435 635 1515 όδύνας
644 1438 707 1521 μὲν
720 1434 884 1523 ἀλήκτους
901 1439 1035 1524 ἐπάγων
1047 1437 1105 1506 εύ-

94 1538 180 1615 θύς·
204 1538 326 1604 ἐκκαίει
340 1561 374 1602 τε
388 1533 452 1621 γάρ
464 1537 519 1602 καλ
530 1535 627 1621 σήπει
642 1537 698 1602 καὶ
709 1541 921 1621 πίμπρασθαι
936 1551 1034 1623 ποιεῖ,
1050 1540 1104 1606 καὶ

94 1641 223 1726 βοῶσιν
238 1632 348 1718 ὥσπερ
361 1639 395 1702 οί
404 1637 442 1701 έν
454 1640 545 1722 πυρᾷ
560 1640 716 1719 κείμενοι.
738 1632 776 1700 τό
794 1636 830 1701 δὲ
844 1637 986 1720 μάλιστα
1001 1663 1100 1703 κατα-

93 1742 226 1801 πονοῦν
244 1736 300 1802 καλ
313 1741 520 1818 κατατρῦχον
534 1729 658 1810 αύτούς
672 1733 779 1801 έκετνό
795 1736 902 1819 ἐστιν,
920 1732 1103 1820 ὁμώνυμον

93 1832 208 1910 πάθος
221 1840 269 1922 τῷ
289 1833 430 1922 ἑρπετῷ·
458 1835 580 1910 διψῶσι
600 1827 667 1915 γάρ
688 1836 734 1910 είς
755 1829 963 1919 ὑπερβολήν,
990 1834 1045 1901 καλ
1065 1830 1101 1899 τό
1122 1849 1171 1906 23⁷

94 1931 373 2014 παραδοξότατον,
387 1929 519 2019 όσφπερ
530 1924 574 1995 άν
583 1935 713 2010 πίνωσι,
728 1932 877 2022 τοσούτςο
888 1938 1016 2016 μᾶλλον
1028 1930 1104 2013 ὀρέ-

93 2059 209 2117 γονται
225 2041 286 2099 τοῦ
300 2039 421 2114 ποτοῦ,
438 2029 525 2118 καὶὴ
543 2033 704 2116 έπιθνμία
720 2029 808 2099 πολύ
823 2036 926 2100 πλέον
942 2035 1103 2100 ἐπιτείνε-

93 2156 148 2197 ται
162 2127 289 2208 αύτοῑς·
312 2128 387 2198 οὐδ’
401 2126 445 2197 άν
454 2130 606 2217 σβέσειάς
620 2154 699 2196 ποτε
713 2126 750 2196 τό
768 2135 880 2214 δίψος,
896 2127 971 2197 οὐδ’
988 2125 1033 2218 ήν
1043 2127 1103 2196 τόν

93 2235 220 2296 Νεῖλον
230 2225 334 2294 αὑτόν
346 2222 574 2313 ήτόυἼστρον
585 2225 667 2294 ὅλον
678 2229 804 2297 ἐκπιεῖν
814 2229 1002 2316 παράσχῃς,
1017 2225 1102 2294 άλλα

93 2328 355 2411 προσεκκαύσεις
366 2327 522 2410 ἐπάρδων
529 2323 592 2415 τήν
603 2325 717 2411 νόσον,
731 2323 842 2409 ὥσπερ
852 2323 895 2392 άυ
907 2337 940 2395 εἴ
945 2353 993 2404 τις
1005 2329 1101 2415 έλαίφ

92 2450 162 2508 πυρ
186 2425 438 2511 κατασβεννύοι.
471 2433 500 2493 5.
518 2429 675 2511 λέγουσιν
691 2432 815 2508 ἰατρῶν
837 2431 950 2502 παῖδες
971 2429 1102 2511 ἐκείνην

92 2523 155 2610 τήν
173 2530 279 2591 αἰτίαν
293 2522 392 2607 εἶναι,
413 2523 525 2610 παχὺν
543 2523 603 2592 τόν
624 2524 679 2592 ίόν
694 2523 774 2591 ὅντα
791 2531 901 2592 ἔπειτα
916 2525 1100 2608 δευόμενον

92 2632 139 2713 τῷ
153 2629 243 2708 ποτῷ
259 2619 456 2709 ὀξυκίνητον
469 2631 664 2710 γίγνεσθαι,
680 2621 881 2709 ὑγρότερον,
898 2619 942 2698 ὡς
952 2620 989 2688 τὸ
1003 2623 1099 2707 εἰκός,

91 2724 342 2808 καθιστάμενον
354 2725 409 2790 καὶ
424 2726 475 2790 έπλ
493 2732 650 2790 πλεῖστον
667 2724 892 2808 διαχεόμενον.

178 2827 207 2888 6.
230 2818 312 2906 Ἐγώ
339 2823 399 2905 μὲν
423 2814 486 2887 οὖν
508 2819 629 2889 οὐδένα
655 2831 754 2890 τοῦτο
779 2821 973 2889 πεπονθότα
999 2819 1099 2903 εἶδον,

91 2924 186 3006 μηδέ,
203 2912 231 2987 ά
245 2926 332 3001 θεοί,
349 2923 452 3005 ίδοιμι
469 2919 558 2988 ούτω
572 2923 795 3006 κολαζόμενον
810 2921 1005 3006 ἄνθρωπον,
1024 2919 1098 2988 ἀλλ’

92 3016 171 3086 οὑδὲ
194 3021 317 3106 ἐπέβην
339 3027 396 3106 τῆς
416 3021 544 3109 Λιβύης
568 3019 604 3088 τό
628 3023 787 3106 παράπαν
812 3014 850 3090 εὑ
872 3031 995 3090 ποιάν·
1028 3025 1100 3090 έπί-

91 3145 227 3204 γραμμα
243 3119 282 3186 δέ
289 3146 320 3186 τι
330 3117 475 3205 ἥκουσα,
491 3118 578 3205 όμοι
589 3131 657 3189 τῶν
668 3126 806 3209 ἑταίρων
817 3149 865 3200 τις
876 3128 989 3206 ἔλεγεν
999 3120 1100 3200 κύτος

91 3221 144 3286 ἐπὶ
158 3218 279 3304 στήλης
292 3215 519 3305 ἀνεγνωκέναι
533 3218 657 3302 άνδρὺς
674 3220 779 3300 οὕτως
794 3220 1040 3298 ἀποθανόντος·
1063 3225 1099 3290 έκ

94 3324 221 3405 Λιβυης
232 3324 296 3402 ἔφη
307 3315 417 3384 άπιὺν
432 3323 464 3397 ἐς
475 3329 647 3403 Αιγυπτον
663 3319 751 3402 παρὰ
767 3319 827 3406 τήν
842 3320 991 3405 μεγάλην
1002 3319 1097 3406 Σύρ-

90 3444 143 3485 τιν
163 3426 331 3484 ποιεϊσθαι
353 3415 414 3502 τήν
431 3427 585 3500 πορείαν·
614 3418 656 3486 ού
677 3420 742 3504 γὰρ
757 3417 841 3487 είναι
857 3418 979 3495 άλλως·
1011 3425 1096 3486 ἔνθα
1114 3431 1166 3486 ⁴2³0

91 3515 132 3599 δὴ
146 3543 243 3601 ταφῳ
253 3521 401 3599 ἐντυχεῖν
412 3516 502 3598 παρά
517 3517 579 3601 τήν
592 3516 690 3600 ήίόνα
707 3514 758 3583 ἐπ’
778 3516 867 3599 αύτῷ
879 3524 924 3598 τῷ
936 3519 1097 3593 κλύσματι
