2625 4092
278 303 411 359 ΠΡΟΣ
431 299 527 359 ΤΟΝ
546 299 894 356 ΑΠΑΙΔΕῬΤΟΝ.
1031 293 1091 354 141

81 461 303 548 ἀναίσχυντος
320 460 415 528 εἶκαὶ
438 457 589 543 ἀνδρεῖος
603 457 643 524 τά
660 463 813 536 τοιαῦτα,
837 455 1033 542 τολμήσειας
1050 453 1093 520 ἀν

81 585 164 627 ποτε
179 556 321 627 εἰπεῖν’
299 585 342 678 ρος
358 551 594 642 ἐπαιδεύθης
573 583 594 641 η
611 557 750 641 ἐμέλησέ
762 574 813 620 σοι
835 554 968 620 ποίποτε
983 559 1041 638 τῆς
1055 553 1093 620 ἐν

81 666 152 746 χρῷ
174 655 258 740 πρὸς
276 656 316 725 τὰ
330 663 450 745 βιβλία
470 649 689 739 συνουσίαςῆ
714 650 757 730 ὡς
779 651 978 776 διδρίσκαλός
998 673 1051 716 σοι
1074 646 1091 716 ὁ

84 751 216 843 δεῖναῆ
232 763 279 846 τῷ
303 762 386 824 δεῖνι
406 759 611 838 ξυνεφοίτας.
644 755 675 818 4.
698 747 771 818 ἀλλ’
799 749 847 816 ἑνὶ
871 745 978 838 τούτῳ
1000 748 1093 837 μόνω

83 855 196 921 πάντα
217 858 328 922 ἐκεῖνα
351 850 617 968 ἀναδραμεῖσθαι
638 855 704 914 νῦν
726 850 863 927 ἐλπίζεις
883 853 937 936 τῷ
948 853 1093 913 κτᾶσθαι

84 952 193 1020 πολλοὶ
214 958 306 1040 βιβλί
305 978 335 1020 α.
370 948 453 1017 κατά
475 946 516 1034 δὴ
532 954 634 1014 ταῦτα
655 952 708 1032 ε”χε
728 943 940 1031 ξυλλαβάνέ
941 960 1033 1012 κεῖνα
1053 941 1093 1011 τά

84 1077 147 1118 του
134 1054 412 1137 Δημοσθένους,
426 1045 490 1114 ὅσα
500 1054 540 1133 τῇ
549 1047 631 1130 χειρὶ
640 1051 680 1132 τῇ
690 1041 795 1111 αὐτοῦ
807 1039 824 1110 ὁ
834 1041 943 1128 ῥήτωρ
959 1049 1093 1126 ἔγραψε,

84 1148 194 1218 καὶ
158 1177 198 1217 τα
213 1177 274 1219 του
259 1147 552 1233 Θουκυδίδου,”
532 1170 594 1216 οσα
607 1145 696 1231 παρά
713 1173 773 1214 του
761 1146 1028 1232 Δημοσθένους
1040 1148 1094 1214 καὶ

84 1245 172 1314 αύτά
195 1245 329 1327 ὀκτάκις
348 1250 641 1336 μεταγεγραμμένα
665 1241 788 1331 εὑρέθη
812 1243 985 1329 καλῶς,“
963 1270 1095 1311 απαντα

84 1351 213 1431 ἐκεῖνα,
235 1344 299 1414 ὅσα
314 1345 332 1414 ὁ
348 1348 486 1429 Σύλλας
498 1345 691 1432 Ἀθήνηθεν
709 1350 754 1422 εἰς
773 1341 911 1414 Ἰταλίαν
926 1346 1094 1430 ἐξέπεμψε,

83 1451 122 1511 τί
138 1440 183 1510 ἀν
204 1449 307 1512 πλέον
322 1448 359 1514 ἐκ
373 1445 497 1513 τούτου
518 1451 564 1523 είς
577 1448 731 1512 παιδείαν
750 1442 904 1527 κτήσαιο,
924 1437 990 1510 κάν
1008 1440 1095 1509 ὑπο·

83 1543 293 1628 βαλλόμενος
308 1541 391 1611 αὐτὰ
404 1545 627 1632 ἐπικαθεύδῃς
649 1537 670 1628 ἢ
690 1540 916 1626 ξυγκολλήσας
931 1542 986 1607 καί
1000 1565 1096 1628 περι-
1187 1601 1190 1608 .

84 1638 274 1727 βαλόμενος
287 1650 499 1731 περινοστῇς;
513 1650 657 1728 πίθηκος
667 1638 731 1726 γὰρ
746 1637 764 1708 ὁ
777 1646 931 1726 πίθηκος,
942 1637 963 1725 ἡ
975 1663 1094 1722 παροι-

84 1746 145 1824 μία
155 1746 248 1824 φησί,
259 1736 325 1808 κάν
334 1741 457 1826 χρύσεα
468 1746 523 1829 ἔχῃ
535 1739 696 1827 σύμβολα.
717 1736 825 1808 καὶσὺ
837 1746 953 1807 τοίνυν
963 1744 1094 1826 βιβλίον

85 1840 150 1922 μὲν
165 1842 247 1923 ἔχεις
262 1841 299 1906 ἐν
314 1847 353 1927 τῇ
369 1840 453 1925 χειρί
467 1841 522 1906 καὶ
535 1837 775 1925 ἀναγινώσκεις
790 1835 846 1907 ἀεί
848 1889 858 1921 ,
879 1844 947 1905 τῶν
962 1839 997 1904 δὲ
1010 1835 1095 1903 ἀνα-

85 1938 348 2022 γινωσκομένων
368 1935 468 2027 οἶσθα
489 1933 606 2021 οὐδέν,
633 1932 709 2005 ἀλλ’
733 1934 813 2014 ὄνος
832 1937 936 2018 λύρας
961 1933 1095 2013 ἀκούεις

86 2040 196 2100 κινῶν
209 2031 250 2101 τά
266 2027 342 2102 ὦτα.
372 2033 417 2113 ὡς
432 2045 466 2104 εί
477 2061 516 2121 γε
529 2032 566 2102 τὸ
582 2041 764 2120 κεκτῆσθαι
782 2033 821 2102 τοὶ
837 2042 948 2122 βιβλία
964 2037 1019 2103 καὶ
1034 2060 1094 2102 πε·

85 2134 315 2219 παιδενμίνον
329 2130 492 2219 ἀπέφαινε
511 2130 572 2200 τὸν
585 2139 718 2220 ἔχοντα,
742 2141 870 2202 πολλοῦ
889 2129 933 2201 ἀν
950 2131 993 2211 ὡς
1011 2130 1094 2220 ἀλη-
1114 2143 1165 2200 103

85 2237 162 2308 θῶς
177 2231 214 2298 τὸ
230 2239 336 2319 κτῆμα
350 2225 395 2316 ἦν
408 2231 502 2312 ἀξιον
519 2233 574 2300 καὶ
588 2231 705 2317 μόνοιν
718 2230 815 2318 ὑμῶν
830 2240 897 2299 τῶν
911 2238 1094 2317 πλουσίοιν,

85 2333 118 2397 εί
139 2325 251 2411 ὥσπερ
278 2331 311 2409 ἐξ
337 2328 461 2415 ἀγορᾶς
483 2323 528 2417 ἦν
555 2337 718 2415 πρίασθαι
742 2329 821 2408 τούς
844 2336 986 2418 πένητας
1010 2327 1095 2416 ἡμᾶς

86 2424 368 2513 ὑπερβάλλοντας.
397 2435 446 2507 τίς
461 2428 497 2496 δὲ
517 2442 584 2507 τοῖς
599 2428 756 2514 ἐμπόροις
770 2429 825 2496 καὶ
839 2443 907 2508 τοῖς
920 2437 1094 2517 βιβλιοκα-

86 2521 205 2609 πήλοις
213 2522 330 2608 ἤρισεν
340 2521 384 2593 ἀν
395 2527 471 2610 περὶ
481 2531 630 2604 παιδείας
638 2534 782 2593 τοσαῦτα
793 2533 904 2614 βιβλία
917 2533 1028 2613 ἔχουσι
1040 2528 1095 2595 καὶ

85 2630 278 2704 πωλούσιν;
299 2621 373 2693 ἀλλ’
391 2635 424 2692 εί
430 2652 468 2711 γε
482 2627 662 2709 διελέγχειν
672 2627 814 2709 ἐθέλεις,
829 2620 904 2705 ὄψει
918 2623 996 2710 μηδ’
1010 2628 1096 2692 ἐκεί-

87 2747 172 2798 νους
185 2722 272 2789 πολύ
285 2743 348 2790 σου
357 2719 397 2790 τά
409 2725 442 2801 ἐς
454 2727 607 2790 παιδείαν
618 2719 791 2806 ἀμείνους,
807 2719 890 2790 ἀλλά
903 2720 1096 2809 βαρβάρους

86 2820 153 2907 μὲν
165 2817 227 2907 τὴν
238 2819 357 2908 φανὴν
371 2820 483 2904 ὥσπερ
494 2819 549 2905 σύ,
562 2818 742 2905 ἀξυνέτους
753 2821 789 2888 δὲ
803 2827 842 2909 τῇ
854 2820 986 2905 γνώσει,
1001 2823 1095 2900 οἴους

88 2916 180 2995 είκός
202 2916 287 2986 εἶναι
301 2918 380 2999 τούς
394 2918 499 3005 μηδὲν
514 2925 582 2985 τῶν
602 2923 715 2986 καλῶν
730 2919 784 2985 καὶ
799 2925 944 3004 αίσχρών
960 2929 1095 2987 καθεω-

87 3017 241 3100 ρακότας.
270 3025 375 3087 καίτοι
390 3014 433 3084 σύ
449 3019 511 3103 μὲν
524 3016 587 3084 δύο
603 3011 623 3102 ἦ
638 3023 713 3099 τρία
728 3014 809 3101 παρ’
826 3015 939 3084 αύτοίν
958 3020 1095 3086 ἐκείνων

86 3113 272 3198 πριάμενος
286 3120 384 3202 ἔχεις,
398 3118 434 3183 οί
444 3115 480 3183 δὲ
495 3114 628 3196 νύκτωρ
644 3117 699 3183 καὶ
713 3111 792 3200 μεθ’
809 3111 934 3201 ἡμέραν
951 3114 1005 3183 διά
1027 3142 1096 3202 χει-

88 3208 150 3294 ρὸς
166 3216 299 3295 ἔχουσιν
319 3211 414 3282 αὐτοὶ.
447 3217 476 3282 5.
492 3220 583 3291 τίνος
597 3205 661 3279 οὖν
681 3211 815 3299 ἀγαθοῦ
837 3211 905 3302 ω’νῇ
920 3221 1040 3299 ταῦτα,
1066 3221 1097 3283 εί

88 3308 136 3400 μὴ
152 3314 208 3381 καλ
222 3310 281 3391 τάς
294 3310 469 3400 ἀποθήκας
483 3311 587 3393 αὐτὰς
598 3320 667 3380 τῶν
681 3321 822 3401 βιβλίων
836 3309 901 3402 ἡγῇ
915 3319 1097 3382 πεπαιδεῦ-

89 3418 173 3477 σθαι
189 3416 334 3478 τοσαύτα
357 3412 572 3497 περιεχούσας
591 3419 744 3479 παλαιῶν
766 3409 901 3495 ἀνδρῶν
926 3413 1096 3498 ξυγγράμ-

89 3533 193 3592 ματα;
215 3514 274 3576 καί
287 3533 361 3595 μοι,
387 3514 417 3577 εί
438 3513 547 3595 δοκεῖ,
572 3506 767 3592 ἀπόκριναι·
801 3515 929 3596 μᾶλλον
950 3513 988 3576 δέ
992 3561 1001 3592 ,
1027 3512 1096 3578 ἐπεὶ
