2625 4092
216 244 280 308 276
570 245 873 305 AOYKIANOY

218 403 397 491 διήρπαστο
413 404 505 473 δέ
469 433 508 472 τα
525 415 660 474 πλεῖστα
676 412 744 472 τῶν
764 406 939 491 κτημάτων
953 405 1043 487 παρᾶ
1064 405 1128 524 τήν
1143 405 1220 476 ἀπο·
1297 464 1298 469 ,

218 509 339 589 δημίαν
355 503 459 571 αὐτοῦ
475 506 529 572 καὶ
551 505 650 589 μόνοι
675 499 893 570 νπελειποντο
912 531 929 569 ο
931 502 1102 626 ίβγροί”
1080 525 1162 572 οσον
1183 509 1222 583 είς
1297 522 1298 575 3

217 609 451 671 πεντεκαίδεκα
466 603 625 672 τάλαντα
653 596 697 725 ήν
711 600 776 728 γὰρ
790 600 811 689 ή
827 611 916 670 πᾶσα
932 601 1029 671 οὐσία
1045 603 1222 686 τριάκοντά
1297 598 1298 709 λ

217 699 611 784 πουταλόντωνόξία,“
590 729 632 788 ην
649 700 667 768 ὁ
684 705 991 786 γε’ρωνκατέλιπεν,
1007 700 1068 788 ούχ
1083 698 1221 786 ῶσπερό
1297 760 1298 771 .

217 803 411 884 παγγέλοιος
433 803 614 885 Θεαγένης
625 807 716 885 ἔλεγε
740 805 1028 885 πεντακισχιλίων
1061 797 1223 866 τοσούτω
1297 868 1298 871 ,

216 894 280 982 γὰρ
301 894 413 984 ούδέή
436 905 525 965 πᾶσα
542 906 609 964 τῶν
627 904 809 979 Παριανῶν
825 897 919 976 πόλις
939 899 1035 965 πέντε
1055 896 1122 965 σύν
1144 895 1223 983 αὐτῇ

149 1009 200 1063 340
219 991 276 1071 τός
289 995 483 1079 γειτνιώσας
496 1005 736 1083 παραλαβοῦσα
749 1002 894 1081 πραθείη
909 991 952 1062 ἂν
964 993 1076 1074 αὐτοῖς
1087 994 1224 1073 ἀνθρύ-

217 1117 290 1169 ποις
301 1096 354 1160 καὶ
369 1094 555 1180 βοσκήμασι
567 1097 621 1163 καὶ
633 1103 672 1180 τῇ
685 1102 783 1182 λοιπή
796 1101 997 1182 παρασκευῇ.
1024 1099 1072 1161 15.
1090 1090 1168 1160 ἀλλ’
1180 1099 1220 1160 ἐτι
1297 1126 1298 1141 2

217 1191 285 1278 γεή
302 1200 480 1278 κατηγορία
493 1197 546 1262 καὶ
563 1193 598 1262 τό
616 1201 762 1281 ἔγκλημα
774 1190 905 1279 θερμόν
916 1185 975 1278 ήν,
990 1195 1045 1260 καὶ
1055 1193 1152 1282 ἐφ’κει
1164 1188 1223 1261 οὐκ

218 1295 263 1368 είς
278 1287 411 1373 μακρόν
424 1294 716 1378 ἐπαναστήσεσθαί
726 1319 774 1370 τις
790 1289 898 1380 αὐτῷ,
916 1293 970 1358 καλ
982 1292 1123 1375 μάλιστα
1137 1287 1224 1409 6013-

216 1412 277 1471 μος
290 1384 392 1464 αὐτὸς
406 1385 585 1473 ήγανόκτει
601 1391 756 1476 χρηστόν,
773 1387 816 1466 ῶς
828 1394 958 1474 ἐφασαν
969 1416 1000 1457 οι
993 1389 1154 1465 ἰδόντες,
1168 1389 1223 1471 γε’-

218 1511 320 1567 ροντα
336 1495 541 1565 πενθοῦντες
553 1487 660 1566 οὕτως
671 1486 799 1575 ασεβῶς
809 1484 1014 1554 οἷπολωλότα.
1038 1513 1056 1552 ο
1044 1485 1106 1553 ’δὲ
1120 1481 1224 1566 σοφός

219 1574 316 1660 οὗτος
336 1583 493 1666 Πρωτεύς
518 1584 601 1702 πρός
627 1585 758 1655 ἅπαντα
780 1593 883 1652 ταῦτα
904 1588 1074 1664 σκέψασθε
1097 1579 1171 1651 οἷόν
1195 1610 1223 1649 τι

219 1682 331 1764 ἐξεῦρε
347 1680 436 1748 καλ”
416 1708 506 1761 οπως
526 1686 585 1752 τὸν
599 1688 762 1752 κίνδυνον
783 1687 937 1768 διέφυγε·
965 1679 1148 1766 παρελθὼν
1160 1681 1224 1766 γὰρ

219 1785 264 1857 είς
280 1776 341 1864 τήν
365 1783 541 1867 ἐκκλησίαν
560 1791 626 1849 τῶν
645 1788 826 1861 Παριανῶν
845 1821 882 1831 -
903 1781 1006 1866 ἐκόμα
1028 1780 1064 1846 δε
1086 1777 1150 1864 ήδη
1172 1779 1225 1844 καὶ

218 1885 363 1964 τρίβωνα
379 1880 522 1961 πιναρὸν
537 1877 709 1965 ἠμπείχετο
723 1882 776 1946 καλ
793 1880 904 1964 πήραν
919 1878 1109 1963 παρήρτητο
1124 1877 1178 1942 καὶ
1189 1873 1224 1942 τὸ
1298 1888 1299 1897 ’

219 1977 320 2056 ξύλον
336 1979 372 2043 ἐν
387 1985 425 2064 τῇ
440 1981 521 2063 χειρὶ
537 1971 580 2066 ήν
597 1979 651 2046 καλ
667 1976 752 2056 δ’λως
766 1977 853 2062 μάλα
869 1982 1032 2062 τραγικῶς
1047 1973 1225 2041 ἐσκεύαστο

220 2116 258 2126 -
281 2082 430 2153 τοιοῦτος
448 2067 510 2143 ούν
531 2077 702 2160 ἐπιφανεὶς
718 2073 829 2153 αὐτοῖς
850 2073 986 2160 ἐφεῖναι
1006 2069 1151 2158 ἔφητὴν
1167 2069 1227 2136 ού-

220 2179 312 2257 σίαν,
333 2169 376 2256 ήν
398 2171 611 2260 ὁμακαρίτης
633 2171 740 2260 πατήρ
760 2170 850 2262 αύτῶ
871 2176 1041 2245 κατέλιπε,
1064 2175 1228 2255 δημοσίαν

220 2269 304 2338 εἶναι
318 2279 437 2338 πᾶσαν.
461 2280 558 2338 τοῦτο
572 2270 616 2350 ὡς
626 2269 771 2358 ἤκουσεν
787 2271 804 2340 ὁ
818 2276 921 2357 δῆμος
934 2272 1072 2355 πένητες
1087 2265 1229 2346 ἅνθρω-

220 2396 275 2437 ποι
291 2372 346 2439 καὶ
363 2370 446 2452 πρός
461 2369 621 2457 διανομὰς
634 2374 825 2457 κεχηνότες,
843 2369 1030 2454 ἀνέκραγον
1046 2363 1153 2442 εὐθὺς
1167 2368 1228 2432 ἕνα
1299 2418 1300 2439 .

219 2469 426 2555 φιλόσοφον,
446 2473 505 2537 ἕνα
516 2472 734 2556 φιλόπατριν,
750 2472 809 2537 ἕνα
820 2472 1006 2556 Διογένους
1020 2468 1075 2534 καὶ
1091 2465 1229 2549 Κράτη-

150 2583 196 2636 λλΙ
220 2595 275 2646 τος
291 2569 445 2655 ζηλωτήν.
476 2576 510 2637 οί
526 2573 560 2638 δὲ
577 2571 690 2656 ἐχθροὶ
708 2573 934 2654 ἐπεφίμωντο,
956 2560 1021 2632 κᾶν
1043 2572 1076 2630 εί
1087 2588 1137 2640 τις
1154 2562 1229 2628 ἐπι-

219 2668 380 2752 χειρήσειε
395 2677 585 2754 μεμνῆσθαι
597 2678 659 2737 τοῦ
675 2671 803 2755 φόνου,
821 2677 929 2746 λίθοις
941 2663 1047 2742 εὐθύς
1059 2665 1227 2751 ἐβάλλετο.

222 2771 269 2833 16.
288 2768 371 2854 ἐξήει
393 2761 456 2834 οὖν
473 2767 510 2836 τό
526 2767 685 2854 δεύτερον
700 2768 968 2853 πλανησόμενος,
992 2761 1091 2832 ίκανίι
1108 2761 1229 2847 ἐφόδια

220 2863 297 2942 τούς
308 2866 529 2946 Χριστιανούς
540 2873 634 2953 ἔχων,
646 2864 706 2985 ὑφ’
721 2858 769 2934 ῶν
781 2863 1079 2950 δορυφορούμενος
1091 2866 1128 2927 ἐν
1138 2859 1228 2927 ἅπα-

220 2986 276 3032 σιν
291 2959 494 3050 αφθόνοις
472 2993 525 3052 ην.
555 2969 608 3033 καλ
623 2967 747 3051 χρόνον
763 2967 824 3049 μέν
841 2990 915 3029 τινα
932 2959 1038 3036 οὕτως
1056 2960 1213 3078 ἐβόσκετο

221 3062 288 3130 εἶτα
303 3065 540 3150 παρανομήσας
555 3092 586 3131 τι
601 3068 652 3130 και
668 3067 700 3140 ἐς
714 3067 911 3140 ἐκείνονς-
873 3061 1030 3179 -ῶφδη
1043 3059 1107 3144 γόρ
1123 3086 1165 3133 τι
1183 3056 1227 3133 ὡς

221 3161 326 3248 vlu-mn
349 3165 473 3229 ἐσθίων
493 3171 561 3230 τῶν
584 3161 783 3247 ἀπορρήτων
805 3158 971 3238 αύτοῑς-
991 3156 1102 3224 ούκέτι
1125 3183 1229 3238 προς-

221 3262 360 3345 ιεμένων
381 3258 493 3326 αὐτῶν
513 3259 744 3346 ἀπορούμενος
768 3263 803 3328 ἐκ
826 3254 1080 3347 παλινῳδίας”
1053 3282 1134 3345 φετο
1156 3260 1229 3320 δεῖν

221 3357 371 3427 απαιτεῑν
388 3385 477 3442 παρα
466 3358 545 3446 τῆς
561 3362 689 3438 πόλεως
700 3360 740 3427 τό
752 3358 918 3445 κτήματα,
933 3360 988 3426 καὶ
1002 3368 1228 3443 γραμματεῖον

223 3460 354 3534 ἐπιδούς
369 3455 462 3544 ήξίον
483 3467 585 3525 ταῦτα
600 3466 803 3542 κομίσασθαι
821 3457 1040 3534 κελεύσαντος
1054 3457 1224 3541 βασιλέως.
