2625 4092
262 296 349 350 ΔΙΣ
368 293 860 353 ΚΑΤΗΓΟΡΟΤΜΕΝΟΣ.
1025 296 1064 356 13

65 458 119 536 τῆς
129 449 275 538 Ἡδονῆς,
292 452 376 538 ἥπερ
387 451 470 543 αὐτῇ
479 452 519 520 τά
528 452 636 520 πολλοὶ
646 468 883 540 συνυπουργεί,
894 457 1066 539 διέφθειρε

65 548 121 615 τὸν
132 547 252 616 ἀθλιον
262 564 330 629 τοῖς
340 550 463 635 κάμοις
474 553 529 620 καὶ
539 565 610 629 ταίς
627 555 769 635 ἑταίραις
783 559 999 637 παρασχοῦσα
1010 557 1067 618 ἐκ·

66 653 175 730 δοτον,
201 644 244 724 ἀς
259 646 341 733 μηδὲ
361 647 483 733 μικρὸν
498 647 587 739 αὐτῷ
608 657 666 736 τῆς
680 652 794 727 αίδοῦς
810 647 1066 718 ὑπολείπεσθαι·

66 745 116 812 καὶ
130 741 153 810 ἀ
166 771 204 829 γε
220 743 305 830 ὑπὲρ
320 749 439 833 ἑαυτῆς
454 751 610 833 λέγεσθαι
628 745 750 833 μικρὸν
764 753 956 834 ἔμπροσθεν
974 747 1067 838 ᾤετο,

65 851 163 910 ταῦτα
174 841 259 928 ὑπὲρ
275 848 357 930 ἐμοῦ
366 853 495 931 μᾶλλον
506 852 660 933 εἰρῆσθαι
671 851 844 931 νομίσατε·
865 846 1067 934 περιηειγάρ

65 939 81 1006 ὁ
95 946 307 1028 κακοδαίμων
322 946 431 1012 ἕωθεν
445 947 716 1029 ἐστεφανωμένος
732 951 926 1027 κραιπαλῶν
940 942 994 1011 διὰ
1010 953 1068 1029 τῆς

64 1037 186 1122 ἀγοράς
201 1043 312 1126 μέσης,
329 1040 609 1127 καταυλούμενος,
629 1039 789 1108 οὐδέποτε
806 1042 936 1128 νήφων,
954 1042 1068 1126 κωμά-

66 1143 126 1216 ζων
148 1140 200 1205 ἐπὶ
223 1138 364 1223 πάντας,
385 1136 482 1226 ύβρις
503 1146 571 1206 τῶν
591 1140 770 1225 προγόνων
790 1143 844 1207 καὶ
864 1147 922 1226 τῆς
942 1140 1068 1217 πόλεως

65 1232 140 1319 ὅλης
151 1237 206 1302 καὶ
221 1241 323 1321 γέλως
336 1252 404 1314 τοῖς
416 1239 537 1316 ξένοις·
558 1239 629 1304 ἐπεὶ
640 1241 752 1322 μέντοι
763 1263 801 1323 γε
812 1235 892 1320 παρ’
910 1229 1067 1323 έμδῆκεν,

65 1332 126 1416 ἐγώ
143 1335 207 1419 μὲν
228 1340 362 1421 ἔτυχον,
386 1334 497 1420 ὥσπερ
519 1345 624 1403 είωθα
640 1351 764 1420 ποιεῖν,
785 1334 1069 1421 ἀναπεπταμένων

64 1439 128 1498 τῶν
144 1441 265 1514 θυρῦν
280 1431 363 1516 πρὸς
377 1430 456 1511 τούς
466 1433 632 1515 παρόντας
646 1440 715 1499 τῶν
729 1434 868 1517 ἑταίρων
884 1434 1005 1518 λόγους
1018 1459 1070 1498 τι·

65 1527 122 1607 νάς
136 1531 213 1613 περὶ
230 1528 348 1617 ἀρετῆς
369 1534 423 1599 καὶ
445 1530 668 1616 σωφροσύνης
691 1535 875 1610 διεξιοῦσα·
898 1530 915 1597 ὁ
939 1533 974 1597 δὲ
990 1527 1071 1617 μετά

64 1637 122 1695 τοῦ
137 1628 246 1696 αὐλοῦ
257 1633 312 1697 καί
323 1638 391 1697 των
405 1632 582 1714 στεφάνων
597 1628 731 1707 ἐπιστάς
742 1628 781 1696 τά
794 1630 855 1714 μὲν
866 1636 979 1713 πρῶτα
992 1627 1072 1714 ἐβόα

65 1729 117 1795 καὶ
133 1732 266 1812 ξυγχείν
276 1726 372 1813 ἡμῶν
386 1731 538 1810 ἐπειρᾶτο
553 1724 614 1813 την
628 1731 811 1806 ξυνουσίαν
826 1727 1021 1810 ἐπιταράξας
1033 1733 1073 1813 τη

65 1833 141 1914 βοη·
173 1829 243 1893 ἐπεὶ
261 1828 296 1894 δὲ
313 1825 414 1894 οὐδὲν
429 1824 522 1912 ἡμεῖς
542 1827 835 1910 ἐπεφροντίκειμεν
856 1823 976 1908 αὐτοῦ,
998 1819 1070 1890 κατ’

64 1923 177 2010 ὀλίγον
192 1924 288 1992 -οὐ
306 1923 370 2012 γὰρ
387 1928 500 1992 τέλεον
515 1917 558 2009 ἦν
574 1925 749 2011 διάβροχος
764 1932 804 2011 τη
818 1927 923 2011 Μέθη
938 1963 978 1973 -
993 1920 1072 1989 ἀνέ-

63 2050 148 2108 νηφε
164 2022 249 2105 πρὸς
270 2022 348 2102 τούς
364 2025 486 2110 λόγους
502 2025 555 2092 καὶ
580 2020 767 2108 ἀφαιρεῖται
789 2020 867 2100 τοῦς
884 2021 1073 2106 στεφάνους
1091 2039 1143 2094 813

64 2123 116 2188 καὶ
130 2120 194 2206 τὴν
205 2118 385 2205 αὐλητρίδα
396 2121 583 2188 κατεσιωπα
595 2123 649 2188 καὶ
662 2121 714 2188 ἐπὶ
724 2129 764 2209 τη
774 2125 958 2205 πορφυρίδι
969 2117 1074 2208 ᾐσχύ-

64 2244 154 2296 νετο,
180 2221 235 2284 καὶ
251 2217 360 2304 ὥσπερ
382 2221 414 2298 ἐξ
435 2217 546 2286 ὕπνου
567 2222 692 2306 βαθέος
708 2216 932 2304 ἀνεγρόμενος
954 2214 1074 2283 ἑαυτόν

63 2343 96 2383 τε
111 2318 201 2402 έιόρα
216 2315 305 2395 ὅπως
320 2320 458 2386 διέκειτο
473 2321 603 2386 καὶτοῦ
618 2316 720 2384 πάλαι
732 2323 809 2402 βίου
821 2322 1074 2400 κατεγίγνωσκε,

64 2414 167 2483 καὶτὸ
189 2419 250 2502 μὲν
266 2419 420 2504 ἐρύθημα
436 2415 473 2484 τό
492 2421 528 2485 ἐκ
544 2425 601 2501 τῆς
614 2419 736 2499 Μέθης
751 2412 897 2501 ἀπήνθει
915 2417 970 2483 καὶ
985 2412 1075 2499 ἠφα-

64 2520 184 2598 νίζετο,
201 2512 351 2599 ἠρυθρία
367 2521 403 2584 δὲ
419 2517 493 2583 κατ’
511 2521 593 2585 αίδώ
610 2521 678 2580 τῶν
695 2517 894 2598 δρωμένων,
913 2516 967 2580 καὶ
982 2517 1074 2588 τέλος

64 2609 214 2695 ἀποδράς
231 2611 341 2696 ὥσπερ
359 2614 444 2699 εἶχεν
459 2612 666 2700 ηὐτομόλησε
682 2609 762 2694 παρ’
779 2616 850 2697 ἐμέ,
873 2610 943 2678 οὐτ’
960 2615 1075 2678 ἐπικα-

64 2711 246 2796 λεσαμένης
260 2712 336 2779 οὐτε
351 2717 569 2798 βιασαμένης,
588 2710 631 2788 τός
647 2708 730 2795 αὐτη
747 2730 868 2795 φησιν,
884 2713 983 2794 ἐμοῦ,
999 2707 1071 2775 ἀλλ’

66 2810 152 2877 ἑκών
168 2807 271 2888 αύτός
287 2809 412 2895 ἀμείνω
429 2818 533 2878 ταῦτα
554 2809 639 2877 εἶναι
659 2806 919 2894 ὑπολαμβάνων.
949 2814 1006 2874 καί
1020 2833 1076 2891 μοι

64 2908 125 2994 ἤδη
142 2909 239 2976 κάλει
261 2904 382 2993 αὐτόν,
405 2908 495 2986 ὅπως
517 2909 730 2994 καταμάθητε
746 2905 787 2974 ὃν
807 2906 933 2991 τρόπον
949 2907 1075 2972 διάκει-

64 3035 115 3074 ται
126 3003 213 3092 πρδς
225 3009 315 3091 ἐμοῦ.
340 3017 471 3091 τοῦτον,
488 3001 646 3089 ύάνδρες
658 3012 819 3087 δικασταί,
836 3011 1075 3090 παραλαβοῦσα

66 3113 202 3190 γελοίως
222 3111 339 3190 ἔχοντα
358 3108 413 3174 καί
433 3105 515 3192 μήτε
537 3105 657 3191 φωνην
681 3104 817 3190 ἀφιέναι
838 3105 920 3190 μη’τε
941 3104 1075 3171 ἑστάναι

66 3201 129 3270 ὑπό
142 3210 205 3271 τοῦ
219 3201 368 3285 ἀκράτου
382 3203 574 3288 δυνάμενον
585 3201 775 3285 ὑπέστρεψα
789 3204 844 3269 καί
858 3199 1008 3287 ἀνένηψα
1022 3201 1076 3267 καὶ

67 3301 137 3370 ἀντὶ
159 3299 378 3384 ἀνδραπόδου
400 3302 540 3386 κόσμιον
556 3301 742 3383 ἄνθρωπον
764 3303 819 3368 καὶ
839 3302 1001 3386 σώφρονα
1021 3303 1076 3369 καί

67 3407 194 3467 πολλοῦ
209 3398 304 3478 ἀξιον
323 3413 391 3476 τοῖς
404 3396 563 3484 Ἕλλησιν
582 3399 752 3478 ἀπέδειξα·
779 3406 838 3466 καί
850 3427 907 3485 μοι
924 3395 1026 3478 αὐτός
1040 3427 1079 3467 τε

69 3496 164 3578 χάριν
179 3494 269 3562 οἶδεν
287 3498 338 3563 ἐπὶ
352 3496 483 3574 τούτοις
498 3499 553 3563 καὶ
569 3501 603 3564 οί
619 3495 843 3582 προσήκοντες
860 3495 942 3580 ὑπὲρ
958 3493 1073 3564 αὐτοῦ.
1092 3511 1144 3566 814
