2625 4092
248 799 346 866 ΔΙΣ
365 798 916 871 ΚΑΤΗΓΟΡΟΤΜΕΝΟΣ

378 923 414 979 Η
436 918 792 986 ΔΙΚΑΣΤΗΡΙΑ.

1101 1133 1149 1167 λεια

1101 1175 1124 1209 11.
1139 1183 1150 1216 ρ

164 1231 191 1292 1
214 1233 338 1294 ΖΕΥΣ
358 1211 470 1297 ΜΑλλ
495 1225 726 1314 ἐπιτριβεῖεν
714 1225 787 1293 όσοι
803 1232 871 1293 τῶν
889 1226 1087 1313 φιλοσόφων
1107 1226 1152 1280 791

79 1321 167 1408 παρὰ
182 1324 299 1408 μόνοις
313 1325 375 1413 τήν
393 1324 609 1411 εὐδαιμονίαν
626 1328 730 1411 φασὶν
744 1352 829 1393 ειναι
845 1341 913 1404 τοῖς
927 1337 1036 1405 θεοῖς
1059 1331 1090 1393 εί

79 1431 163 1507 γοῦν
173 1419 325 1512 ήδεσαν’
310 1425 418 1494 οπόσα
430 1433 499 1492 τῶν
510 1421 736 1508 ἀνθράπωυ”
717 1451 815 1491 ενεκα
826 1425 1007 1511 πάσχομεν,
1024 1423 1087 1492 οὐκ

78 1625 312 1704 πιστεύσαντες
327 1623 424 1750 ἀγδρὶ
435 1635 551 1718 τυφλῷ
567 1629 624 1695 καὶ
637 1629 748 1712 γόητι,
763 1627 914 1743 μάκαρας
925 1626 1010 1713 ημᾶς
1025 1655 1087 1695 κα-

78 1730 192 1791 λοῦντι
208 1726 263 1792 καὶ
279 1722 319 1792 τά
339 1728 376 1792 ἐν
394 1722 529 1814 οάρανφ
515 1721 815 1844 διηγουμένῳ,
797 1751 833 1801 ος
849 1723 928 1791 οὐδὲ
942 1753 982 1791 τοι
971 1725 1086 1792 ἐν
1047 1753 1087 1812 τη

77 1849 119 1909 γη
106 1830 287 1906 ’καθορᾶν
303 1823 454 1943 ἐβάνατο.
483 1822 601 1891 αὐτίκα
616 1826 656 1910 γέ
670 1851 721 1891 τοι
738 1821 755 1890 ὁ
772 1849 833 1930 μεν
846 1821 959 1900 Ἠλιος
973 1821 1086 1891 οὑτοσὶ

78 1921 273 2007 ζευξάμενος
291 1920 329 1989 τό
351 1921 440 2008 ἀρμα
456 1922 648 2007 πανήμερος
667 1918 728 1987 τόν
746 1917 895 2001 οὐρανόν
916 1929 1091 2000 περιπολεῖ

77 2031 146 2105 πῦρ
162 2019 347 2100 ἐνδεδυκός
362 2024 417 2090 καὶ
431 2029 499 2088 τῶν
513 2018 659 2088 ἀκτίνων
670 2016 899 2104 ἀποστίλβων,
918 2014 990 2084 οὐδ’
1004 2016 1086 2084 ὅσον

76 2121 266 2206 κνήσασθαι
280 2119 317 2188 τό
334 2115 411 2204 οὖς,
434 2127 533 2206 φασί,
557 2116 681 2203 σχολὴν
696 2116 805 2202 ἀγων·
837 2111 880 2202 ἢν
894 2115 959 2201 γάρ
975 2144 1007 2182 τι
1019 2112 1084 2187 κάν
1104 2122 1156 2177 79ῖ

75 2215 191 2304 ὀλίγον
206 2220 481 2306 ἐπιρρᾳθυμήσας
496 2218 601 2305 λάθη,
620 2214 867 2303 ἀφηνιάσαντες
879 2220 914 2282 οἱ
925 2218 1020 2282 ἵπποι
1031 2214 1086 2281 καὶ

75 2324 132 2401 τῆς
148 2313 230 2383 ὁδοῦ
245 2317 537 2401 παρατραπόμενοι
558 2318 764 2399 κατέφλεξαν
780 2312 820 2380 τά
836 2313 954 2381 πάντα.
981 2310 1086 2399 '‘12⁶-

74 2413 160 2499 λη’νη
178 2412 254 2479 δὲ”
233 2440 404 2499 αγρυπνος
424 2417 479 2482 καὶ
499 2411 582 2500 αὐτή
596 2421 736 2496 περίεισι
751 2418 921 2497 φαίνουσα
935 2425 1004 2488 τοῖς
1017 2436 1084 2477 κω-

74 2509 216 2595 μάζουσι
235 2515 290 2579 καὶ
306 2528 373 2590 τοῖς
397 2510 480 2596 ἀωρὶ
500 2510 564 2578 ἀπό
583 2538 650 2578 των
673 2515 820 2578 δείπνων
836 2505 1079 2576 ἐπανιοῦσιν
1065 2521 1083 2572 ο

69 2601 243 2676 Ἀπόλλων
257 2637 292 2677 τε
304 2638 347 2678 αυ
335 2604 629 2734 πολυπράγμονα
640 2609 702 2696 τήν
713 2613 832 2694 τέχνην
844 2608 1085 2692 ἐπανελόμενος

74 2703 193 2792 ὀλίγον
208 2705 329 2775 δεῖν
293 2734 332 2774 τα
352 2734 418 2775 ωτα
435 2711 663 2793 ἐκκεκώφηται
678 2705 763 2786 πρός
776 2713 844 2771 τῶν
856 2705 1086 2788 ἐνοχλούντων

72 2802 160 2870 κατά
174 2812 287 2888 χρείαν
298 2814 354 2891 τής
364 2813 539 2890 μαντικῆς,
556 2805 645 2872 καὶ”
624 2830 698 2888 αρτι
712 2804 772 2889 μεν
787 2800 876 2890 αάτςο
863 2804 925 2868 ἐν
936 2809 1084 2887 Δελφοῖς

71 2898 259 2986 ἀναγκαῖον
277 2900 376 2983 εἶναι,
398 2901 469 2990 μετ’
489 2902 604 2989 ὀλίγον
622 2905 658 2970 δὲ
680 2907 712 2980 ἐς
727 2909 918 2985 Κολοφῶνα
932 2911 1003 2984 θεῖ,
1022 2899 1083 2967 κά-

70 3009 191 3066 κεῖθεν
207 3003 239 3077 ἐς
254 3000 393 3075 ,Ξάνθον
408 3010 596 3088 μεταβαίνει
613 3004 666 3069 καὶ
688 3006 845 3086 δρομαῖος
860 2992 962 3076 αὖθις
978 3002 1010 3078 ἐς
1023 2997 1084 3084 τήν

70 3097 230 3182 Κλάρον,
253 3097 320 3165 εἶτα
336 3102 369 3179 ἐς
382 3095 533 3185 Δήλονή
549 3103 581 3177 ἐς
595 3104 798 3185 Βραγχίδας,
820 3101 875 3166 καὶ
896 3096 981 3175 ὅλως
998 3104 1082 3166 ἔνθα

70 3189 116 3260 ἀν
133 3191 155 3280 ή
171 3195 355 3280 πρόμαντις
373 3205 497 3266 πιοῦσα
508 3205 568 3265 τοῦ
585 3202 678 3280 ίεροῦ
695 3198 841 3283 νάματος
860 3199 916 3264 καὶ
931 3218 1082 3282 μασησα-

70 3293 157 3376 μένη
172 3299 230 3378 τῆς
244 3294 374 3380 δάφνης
388 3298 442 3363 καὶ
459 3294 519 3362 τόν
534 3301 674 3378 τρίποδα
692 3299 925 3382 διασεισαμένη
941 3296 1082 3383 κελεάση

69 3403 244 3476 παρεῖναι,
270 3389 396 3460 ἀοκνον
416 3391 477 3479 χρὴ
499 3391 617 3461 αὐτίκα
638 3394 727 3478 μάλα
745 3393 948 3473 παρεστάναι
971 3399 1081 3472 ξυνεί-

70 3513 179 3564 ροντα
191 3487 268 3567 τούς
278 3487 479 3577 χρησμούςή
493 3499 646 3576 οἴχεσθαί
655 3495 689 3559 οί
700 3488 762 3576 τήν
773 3493 874 3571 δόξαν
887 3498 944 3577 τῆς
955 3494 1080 3578 τέχνας.

159 3599 264 3639 Luem«.
286 3585 329 3638 ΙΙΙ.
923 3585 941 3643 l
