2625 4092
380 328 704 389 ΦΙΛΟΠΑΤΡΙΣ.
981 323 1050 387 421.

31 516 111 557 τον·
129 487 198 556 εἶτα
210 487 332 574 ἤρξατο
344 489 611 572 ἐπιφθέγγεσθαι
621 491 898 572 καιισχνημένον·
923 478 1041 567 Οὗτος,

31 587 78 666 ὡς
88 599 262 671 προεῖπον,
270 581 349 664 τούς
357 592 425 652 τῶν
434 588 598 664 έξισωτων
606 591 794 655 καταλείπει
804 584 1044 670 έλλειπασμοδς

31 689 89 753 καὶ
102 682 145 753 τά
165 686 243 771 χρέα
259 699 327 762 τοῖς
348 687 534 762 δανεισταῖς
549 680 717 751 ἀποδόσει
735 686 789 752 καί
809 684 850 750 τό
866 709 901 751 τε
917 685 1042 750 έυοίκια

31 785 143 852 πάντα
160 781 273 851 καὶτὰ
295 783 453 868 δημόσια,
479 783 534 850 καί
554 780 612 860 τὰς
632 783 834 867 είραμάγγας
856 783 979 862 δέξεται
994 779 1040 867 μὴ
1060 797 1110 852 608

31 881 192 962 ἐξετάζων
205 889 262 968 τῆς
277 885 400 966 τέχνης.
428 883 482 948 καὶ
497 881 720 965 κατεφλυοὶρει
736 887 782 948 ἔτι
797 879 987 964 πικρότερα.
1011 884 1045 947 οί

31 981 108 1058 περὶ
132 977 236 1046 αὐτόν
262 978 299 1048 δὲ
322 976 444 1064 ἥδοντο
468 994 535 1056 τοῖς
558 978 670 1062 λόγοις
695 980 749 1046 καὶ
773 985 818 1068 τῷ
842 987 949 1067 καινῷ
976 983 1043 1046 τῶν

31 1074 257 1162 ἀκουσμάτων
269 1077 495 1159 προσέκειντο.
517 1081 568 1144 21.
582 1077 694 1159 ἕτερος
705 1075 741 1146 δὲ
752 1075 900 1164 τοῦνομα
912 1075 1044 1146 Χλεοό-

31 1201 157 1261 χαρμος
170 1173 350 1262 τριβώνιον
373 1179 456 1260 ἔχων
473 1174 694 1257 πολόσαθρον
710 1172 917 1254 ἀννπόδετός
936 1200 971 1244 τε
989 1177 1043 1241 καὶ

31 1273 178 1352 ἄσκοπος
188 1273 337 1358 μετέειπε
351 1286 418 1351 τοῖς
429 1268 568 1341 ὀδοῦσιν
583 1275 784 1358 ἐπικροτῶν,
801 1271 844 1352 ὥς
855 1271 1043 1353 ἐπεδείξατο

31 1378 94 1458 μοί
105 1399 153 1448 τις
168 1379 371 1456 κακοείμων,
393 1375 426 1451 ἐξ
449 1369 555 1453 ὀρέων
569 1372 856 1458 παραγενόμενος,
880 1372 1043 1457 κεκαρμέ-

31 1496 91 1546 νος
115 1467 176 1554 την
192 1467 317 1554 κόμην,
343 1471 380 1537 ἐν
401 1476 446 1559 τῷ
467 1471 600 1560 θεάτρῳ
618 1468 914 1556 ἀναγεγραμμένον
935 1467 1042 1555 ὄνομα
1061 1483 1113 1537 609

31 1574 280 1652 ίερογλνφικολς
291 1569 500 1654 γράμμασιν,
516 1567 561 1646 ως
576 1560 674 1646 οὗτος
689 1576 734 1656 τῷ
746 1577 857 1659 χρυσῷ
873 1567 1042 1637 ἐπικλύσει

31 1662 97 1751 τὴν
111 1667 296 1748 λεωφόρον.
317 1657 362 1752 ἦν
376 1662 410 1733 δ’
426 1663 490 1752 έγοὶ
506 1663 588 1734 κατὰ
606 1667 669 1752 μὲν
684 1665 722 1734 τά
738 1665 975 1752 Ἀριστόνδρον
990 1666 1044 1733 καὶ

31 1763 290 1848 Αρτεμιδωρου,
309 1761 361 1831 Οὐ
376 1772 484 1843 καλῶς
495 1763 722 1852 ἀποβησονται
738 1767 841 1834 ταῦτά
855 1792 892 1853 γε
907 1764 947 1832 τά
965 1764 1045 1833 ένό-

31 1888 116 1928 πνια
131 1863 167 1928 έν
182 1859 272 1947 ὑμῖν,
287 1859 370 1930 ἀλλά
387 1865 438 1930 σοὶ
449 1867 511 1949 μὲν
522 1861 561 1930 τά
572 1869 651 1949 χρέα
667 1865 944 1951 πληθυνθησεται
959 1863 1043 1935 α’να-

31 1959 141 2046 λόγως
155 1965 212 2044 τῆς
226 1958 432 2039 ἀποδόσεως·
455 1953 553 2040 οὗτος
568 1963 603 2030 δὲ
619 1966 672 2032 ἐπὶ
689 1961 776 2032 πολύ
792 1971 852 2030 τοῦ
870 1959 995 2050 ὀβολοῦ
1005 1987 1043 2047 γε

32 2058 273 2145 στερηθήσεται
286 2058 330 2138 ὡς
342 2069 470 2129 πολλοῦ
483 2068 624 2146 χρυσίου
639 2059 842 2147 εὐπορηκώς.
867 2064 921 2130 καί
933 2066 1042 2148 ἔμοιγε

32 2164 160 2226 δοκεῖτε
175 2160 228 2227 ἐπὶ
238 2161 385 2227 λευκάδα
396 2164 520 2246 πέτρην
531 2163 586 2227 καὶ
602 2164 709 2246 δῆμον
721 2159 862 2245 ὀνείρων
876 2165 1043 2242 καταδαρ-

32 2263 149 2336 θέντες
165 2266 307 2326 τοσαῦτα
325 2257 554 2344 ὀνειροπολεῖν
573 2263 610 2328 έν
632 2257 752 2343 ἀκαρεῖ
772 2269 828 2346 της
844 2261 963 2338 νυκτὸς
980 2257 1041 2326 οὔ·
1060 2274 1112 2327 610

32 2382 102 2444 σης.
120 2364 170 2426 22.
183 2362 218 2426 οί
226 2359 262 2426 δὲ
271 2355 504 2445 ἀνεκάγχασαν
515 2358 659 2438 ἅπαντες
670 2357 714 2438 ὡς
725 2357 963 2444 ἀποπνιγέντες
975 2355 1041 2424 ὑπὸ

33 2466 92 2525 τοῦ
110 2461 250 2542 γέλωτος
271 2463 326 2528 καί
348 2468 404 2546 τῆς
419 2457 565 2544 ἀμαθίας
583 2485 650 2545 μου
665 2467 919 2546 κατεγίνωσκον.
948 2449 992 2543 ἦν
1007 2455 1040 2523 δ’

33 2556 97 2643 ἔγω
116 2556 199 2640 πρός
214 2560 396 2643 Κρότωνα,
416 2565 504 2625 Μιιν
521 2566 630 2638 κακῶς
644 2559 754 2625 πόντοι
770 2561 969 2641 έξερρίνισοι,
992 2551 1040 2621 ἵν’

33 2667 115 2724 είπω
133 2685 162 2723 τι
180 2659 489 2744 κωμικευσάμενος,
507 2659 562 2725 καί
578 2655 620 2724 οὐ
634 2656 718 2724 κατὰ
733 2655 967 2741 Ἀρίστανδρον
983 2651 1042 2720 τὸν

34 2759 198 2839 Τελμισέα
213 2757 268 2825 καὶ
287 2754 526 2842 Ἀρτεμίδωρον
543 2754 603 2824 τὸν
617 2755 771 2840 Ἐφέσιον
788 2757 957 2840 ἐξίχνενσα
975 2767 1042 2831 τοῖς

34 2852 219 2936 όνείρασιν;
232 2850 255 2942 ἦ
269 2854 300 2923 δ’
311 2853 358 2937 ὅς,
372 2861 471 2941 Σίγα,
487 2847 659 2940 ιδΚριτία·
678 2862 708 2923 εί
717 2857 899 2940 ἐχεμυθεῑς,
915 2873 1042 2938 μυστα-

34 2954 175 3039 γωγησω
190 2974 226 3020 σε
241 2953 279 3020 τά
297 2954 454 3023 κάλλιστα
471 2956 525 3022 καὶ
540 2951 580 3021 τά
595 2962 660 3022 νῦν
675 2954 898 3039 γενησόμενα·
921 2950 962 3020 οὐ
977 2949 1041 3038 γάρ

34 3051 161 3134 ’ίνειροι
177 3051 250 3120 τόδ’
269 3058 368 3136 εἰσίν,
387 3051 461 3121 ἀλλ’
481 3051 609 3139 ἀληθῆ,
631 3052 827 3140 ἐμβήσονται
844 3053 880 3121 δὲ
894 3059 939 3131 είς
953 3060 1042 3138 μηνα

35 3159 173 3233 Μεσορί.
198 3160 300 3220 ταῦτα
314 3150 467 3238 ἀκηκοάς
477 3150 567 3235 παρά
579 3159 639 3220 τοῦ
651 3153 833 3234 Κρότωνος
850 3153 905 3220 καὶ
918 3150 955 3220 τό
968 3149 1040 3220 όλι-

36 3248 164 3337 σθηρόν
181 3258 237 3337 της
252 3255 402 3330 διανοίας
418 3251 531 3318 αὐτῶν
547 3249 764 3336 κατεγνωκιδς
779 3249 970 3338 ἠρυθρίασα
985 3254 1039 3320 καὶ
1058 3261 1108 3318 611

35 3350 289 3430 σκυθρωπάζων
317 3349 529 3434 ἐπορευόμην
555 3346 662 3417 πολλὰ
689 3346 749 3416 τὸν
773 3348 939 3433 Κρότωνα
972 3351 1041 3416 ἐπι-

36 3447 254 3531 μεμφόμενος.
275 3441 320 3525 εἷς
330 3450 367 3515 δὲ
382 3446 485 3533 δριμὺ
496 3451 551 3516 καὶ
560 3453 737 3528 τιτανῶδες
746 3446 867 3517 ένιδων
877 3449 1042 3533 δραξάμε-

36 3545 90 3622 νός
101 3571 170 3630 μου
185 3550 246 3612 τοῦ
259 3546 393 3626 λόπους
407 3549 593 3631 ἐσπάρασσε
606 3548 733 3633 ρἠτρην
752 3547 957 3633 ποιήσασθαι
968 3571 1041 3613 πει-
