2625 4092
427 261 775 319 ΦΙΛΟΨΕΤΔΗΣ.
1041 260 1102 322 103

94 417 242 505 ὁμοίως
261 416 457 504 Ἀτέραντα,
478 411 523 505 ἦν
538 417 569 485 δ’
586 419 667 504 ε’γά,
692 424 914 507 ξνμπεραίνη,
937 415 1103 489 άΔεινό-

92 544 197 604 μαχε,
214 518 269 585 καὶ
285 515 370 605 ἥλῳ,
386 523 506 601 φασίν,
523 515 691 600 ἐκκρούεις
704 514 764 583 τόν
778 509 876 604 ἧλον·
905 517 984 586 ούδὲ
1000 516 1103 604 γάρδ

93 616 164 701 φής
178 622 280 682 ταῦτα
296 619 378 699 δῆλα
393 612 473 699 μετά
491 615 644 699 τοιαύτης
659 614 833 699 δυνάμεως
845 616 1035 703 γιγνόμενα.
1058 612 1103 702 ἢν

94 719 184 799 γοῦν
198 709 241 797 μή
257 716 371 800 πείσῃς
385 711 549 795 πρότερον
563 710 697 796 ἐπάγων
711 718 757 800 τῷ
775 713 879 802 λόγῳ,
899 714 984 781 διότι
997 713 1103 799 φύσιν

94 816 163 895 ἔχει
174 818 366 894 γίγνεσθαι,
382 816 444 875 τοῦ
453 834 487 875 τε
502 816 648 890 πυρετοῦ
660 810 716 876 καὶ
730 816 790 874 τοῦ
806 810 981 896 οἰδήματος
992 811 1102 878 δεδιό-

93 933 153 985 τος
164 902 186 992 ἦ
200 905 307 993 όνομα
317 909 497 975 θεσπέσιον
508 900 530 992 ή
541 908 639 992 ῥῆσιν
649 906 858 992 βαρβαρικὴν
870 908 925 976 καὶ
936 905 991 975 διά
1003 915 1101 975 τοῦτο

93 1007 134 1071 ἐκ
154 1011 215 1071 τοῦ
235 1011 408 1091 βουβῶνος
431 1004 707 1087 δραπετεύοντος,
732 1010 778 1071 έτι
796 1025 849 1071 σοι
864 1012 979 1091 γραῶν
996 1013 1101 1091 μῦθοι
1114 1015 1151 1070 88

92 1100 141 1177 τά,
154 1100 316 1186 λεγόμενά
333 1104 408 1168 έστι.
440 1107 489 1168 10.
508 1100 563 1167 Σύ
578 1125 635 1185 μοι
657 1105 780 1185 δοκεῖς,
807 1096 828 1186 ή
844 1101 875 1167 δ’
892 1098 928 1181 ὂς
944 1099 961 1169 6
979 1102 1103 1171 Δεινό-

93 1225 216 1284 μαχος,
239 1197 278 1265 τά
297 1206 433 1265 τοιαῦτα
448 1200 555 1283 λέγων
573 1196 650 1264 οὐδὲ
665 1197 769 1276 θεούς
791 1198 875 1266 εἶναι
891 1200 1060 1267 πιστεύειν
1075 1208 1109 1267 εί

94 1324 134 1383 γε
147 1295 192 1383 μή
210 1307 272 1365 οίει
293 1294 351 1374 τάς
367 1297 471 1375 ίάσεις
485 1291 559 1364 οἷόν
577 1321 612 1362 τε
629 1294 714 1364 εἶναι
727 1294 793 1363 ὑπὸ
811 1302 912 1379 ἱερῶν
928 1295 1103 1381 ὀνομάτων

93 1402 283 1481 γίγνεσθαι.
320 1402 426 1462 Τοῦτο
444 1398 522 1480 μέν,
544 1388 670 1480 ήνδ”
651 1396 733 1481 εγοί,
755 1394 799 1482 μή
816 1400 907 1482 λέγε,
931 1390 958 1463 ὦ
972 1394 1102 1480 ἀριστε

94 1488 1102 1580 κωλύειγάρούδὲνκαὶθεάνὸντωνόμωςτάτοιαῦτανευδή
1174 1506 1179 1517 ’

95 1589 193 1657 εἶναι.
216 1588 280 1675 έγιδ
295 1590 330 1658 δὲ
345 1618 399 1657 και
389 1588 516 1668 θεούς
531 1593 618 1676 σέβω
638 1593 694 1658 καί
717 1592 820 1669 ἰάσεις
834 1589 945 1658 αὐτῶν
963 1589 1032 1673 όρω
1018 1592 1102 1657 καλ

95 1686 118 1754 ἀ
134 1680 175 1755 εύ
187 1695 322 1755 ποιοῦσι
339 1685 417 1766 τούς
436 1690 625 1772 κάμνοντας
639 1687 705 1756 ὑπὸ
722 1690 910 1775 φαρμάκων
926 1689 981 1756 καὶ
998 1694 1102 1771 ἰατρι-

93 1794 157 1871 κῆς
174 1783 380 1863 ἀνιστάντες·
404 1783 421 1853 ὁ
440 1793 526 1871 γοῦν
542 1783 735 1871 Ἀσκληπιός
751 1784 851 1865 αύτὸς
865 1789 920 1855 καὶ
940 1790 975 1854 οί
987 1790 1102 1863 παῖδες

95 1881 202 1949 αὐτοῦ
223 1882 304 1967 ἤπια
328 1882 487 1968 φάρμακα
508 1881 686 1961 τάττοντες
710 1882 919 1965 ἐθεράπευον
939 1878 1019 1960 τούς
1041 1907 1101 1948 νο-

95 1985 254 2061 σοῦντας,
271 1975 312 2043 ού
326 1982 460 2056 λέοντας
474 1981 528 2045 καὶ
542 1987 693 2064 μυγαλᾶς
707 1977 950 2064 περιάπτοντες.
985 1976 1100 2047 11.”Εα

95 2084 232 2160 τοῦτον,
249 2082 313 2161 ἔφη
329 2073 448 2160 ὁἼων,
466 2073 531 2162 ἐγώ
547 2076 582 2143 δὲ
596 2073 676 2162 ὑμῖν
687 2075 882 2163 θαυμάσιόν
895 2104 927 2145 τι
942 2076 1102 2163 διηγήσο-

93 2200 164 2258 μαι.
188 2165 232 2258 ήν
248 2175 311 2258 μὲν
325 2171 388 2257 έγά
410 2174 583 2259 μειράκιον
599 2180 645 2241 έτι
667 2171 751 2261 ἀμφὶ
767 2173 806 2242 τά
826 2179 1101 2257 τετταρακαίδεκα

94 2279 151 2357 ἔτη
165 2272 301 2357 σχεδόν·
329 2263 388 2357 ήκε
411 2277 448 2339 δέ
466 2298 514 2350 τις
527 2271 698 2358 ἀγγέλλων
712 2281 757 2361 τῷ
773 2280 887 2358 πατρί,
909 2278 1026 2342 Μίδαν
1039 2270 1100 2341 τδν

93 2369 342 2455 ἀμπελουργόν,
361 2372 550 2455 ἐρρωμένον
561 2374 594 2449 ἐς
607 2367 646 2437 τά
662 2368 745 2438 ἀλλα
757 2373 889 2456 οίκέτην
903 2372 957 2439 καί
968 2374 1101 2458 έργατι-

92 2469 172 2553 κόν,
189 2466 272 2553 ἀμφὶ
283 2469 484 2554 πλήθουσαν
498 2463 625 2552 ἀγοράν
636 2466 702 2535 ὑπὸ
716 2470 844 2555 ἐχίδνης
856 2472 1021 2555 δηχθέντα
1031 2484 1101 2537 κελ-

93 2576 176 2633 σθαι
189 2563 253 2651 ήδη
267 2566 433 2651 σεσηπότα
454 2564 490 2631 τὸ
511 2568 644 2646 σκέλος·
674 2564 855 2635 ἀναδοῦντι
869 2566 934 2653 γάρ
954 2566 1045 2658 αύτῷ
1059 2565 1099 2635 τά

92 2667 243 2751 κλήματα
257 2668 312 2733 καλ
332 2679 402 2744 ταλς
421 2665 537 2751 χάραξι
557 2669 789 2749 περιπλέκοντι
803 2665 1042 2750 προσερπύσαν
1061 2662 1099 2731 τό

91 2771 217 2850 θηρίον
240 2769 354 2831 δακεῖν
375 2763 458 2832 κατά
477 2762 538 2831 τόν
560 2767 665 2850 μέγαν
688 2765 873 2846 δάκτυλον,
900 2761 1011 2833 καὶ
977 2791 1014 2831 το
1038 2789 1100 2851 μεν

92 2862 224 2948 φθάσαι
242 2865 296 2932 καὶ
312 2844 495 2930 καταδῦναι
510 2854 612 2941 αὖθις
626 2863 708 2939 ἐς
674 2889 734 2930 τον
749 2862 898 2949 φωλεόν,
921 2860 982 2931 τόν
996 2863 1032 2932 δέ
1045 2868 1097 2931 σί·
1111 2878 1149 2935 89

43 3000 47 3007 ·
89 2962 213 3047 μωζειν
222 2959 481 3046 απολλυμενον
464 2986 511 3028 νπ
515 2957 742 3047 ’ἀλγηδόνων
758 2987 862 3030 ταντα
871 2987 907 3029 τε
915 2988 978 3029 ουν
990 2987 1099 3047 απηγ

89 3062 225 3145 γέλλετο
246 3061 300 3127 καὶ
321 3056 382 3126 τὸν
403 3059 560 3125 Μίδαν
543 3083 699 3144 εωρωμεν
718 3056 823 3127 αὐτόν
844 3062 896 3129 ε’πλ
918 3064 1098 3145 σκίμποδος
1173 3092 1179 3097 ·

90 3155 158 3223 ὑπὸ
181 3164 248 3224 τῶν
269 3156 466 3244 ὁμοδούλων
487 3155 810 3244 προσκομιζόμενον,
832 3155 914 3227 ὅλον
935 3155 1096 3248 ςόδηκότα,

90 3256 263 3341 πελιδνόν,
278 3262 447 3342 μυδῶντα,
464 3254 525 3342 τήν
537 3257 736 3341 ἐπιφάνειαν
749 3253 864 3341 ὀλίγον
876 3262 923 3323 ἔτι
934 3258 1097 3342 ἐμπνέον-

89 3382 141 3423 τα.
161 3360 378 3447 λελυπημένῳ
390 3350 430 3440 δή
442 3360 487 3443 τῷ
497 3355 595 3438 πατρί
606 3360 674 3419 τῶν
685 3360 793 3438 φίλων
803 3381 853 3431 τις
864 3356 992 3441 παρόν,
1006 3355 1098 3441 Θάρ·

89 3480 153 3540 ρει,
170 3459 246 3541 ἔφη,
262 3451 327 3538 ἐγώ
342 3452 407 3541 γάρ
418 3473 471 3518 σοι
483 3450 590 3534 ἀνδρα
599 3453 820 3539 Βαβυλώνιον
830 3461 898 3520 τῶν
909 3458 1096 3542 Χαλδαίων,
