2625 4092
202 237 264 298 εει
546 238 865 317 [Ασνειιιαονη

201 398 241 466 τά
257 395 301 488 μή
319 397 401 468 ὄντα
422 401 504 486 μηδὲ
519 398 736 488 γενησόμενα.
765 398 847 468 άλλά
866 407 967 468 ταῦτα
985 399 1047 487 μέν
1065 397 1132 467 οὐκ
1151 397 1210 468 οἶδ’

201 497 290 576 ὅπως
301 504 428 582 ληρεῖτε
445 493 587 580 ὀνείροις
597 497 825 584 πιστεύοντες,
843 500 897 566 καὶ
910 497 951 566 τά
962 497 1124 567 κάλλιστα
1137 502 1214 586 βδε-

204 596 379 681 λύττεσθε,
396 609 464 674 τοῖς
475 591 511 664 δέ
523 611 683 683 πονηροῖς
695 595 834 684 ἥδεσθε,
847 597 950 683 μηδὲν
961 594 1144 684 όνοάμενοι
1155 604 1216 663 τοῦ
1295 671 1296 684 ¹

200 694 436 784 βδελάμμιιτος.
451 693 535 762 ὥστε
547 694 658 762 έάσετε
669 691 726 772 τάς
739 694 939 774 ἀλλοκότους
950 696 1071 774 ταύτας
1082 722 1217 780 φαντα-

200 799 273 872 σίας
284 794 339 862 καὶ
350 786 532 878 τάττονηρά
548 795 762 880 βουλεύματα
776 795 832 862 καί
842 793 1071 882 μαντεύματα,
1088 792 1217 880 μήπου

199 889 281 970 θεὸς
293 887 379 977 ὑμᾶς
389 895 422 970 ἐς
433 891 578 976 κόρακας
594 893 692 978 βάλοι
710 887 765 958 διά
777 889 813 959 τὸ
826 899 866 980 τῇ
877 895 1008 971 πατρίδι
1022 893 1218 972 ἐπαρᾶσθαι

129 1005 182 1060 616
200 990 255 1058 καὶ
266 988 387 1075 λόγους
405 991 585 1077 κιβδήλους
601 994 816 1078 ἐπιφημίζειν.
840 994 891 1058 27.
905 981 997 1057 οὗτοι
1016 989 1050 1058 δὲ
1068 987 1219 1067 ἅπαντες

199 1089 260 1154 ἕνα
269 1086 386 1174 θυμόν
397 1092 525 1172 ἔχοντες
536 1089 607 1172 ἐμοὶ
617 1086 724 1156 πολλὰ
736 1091 994 1174 κατεμέμφοντο.
1017 1090 1071 1154 καὶ
1089 1091 1120 1154 εἰ
1127 1086 1219 1172 βού-

203 1193 260 1270 λει,
272 1187 326 1253 καὶ
336 1185 415 1254 τάδε
427 1192 600 1271 προστιθῶ
612 1207 676 1272 σοι,
689 1183 785 1254 άτινά
797 1212 837 1272 με
848 1188 903 1254 καὶ
914 1183 958 1264 άς
969 1185 1093 1272 στήλην
1104 1182 1218 1251 ἄναυ-

200 1286 261 1350 δον
277 1289 421 1370 ἔθηκαν,
442 1287 553 1372 μέχρις
569 1280 612 1350 άν
629 1282 650 1370 ή
668 1284 791 1372 χρηστή
810 1306 873 1352 σου
890 1283 987 1352 λαλιά
1005 1281 1218 1370 λιθούμενον

199 1378 342 1451 ἆνέλυσε
353 1383 407 1450 καὶ
418 1381 604 1466 ἄνθρωπον
617 1381 872 1469 άπεκατέστησε.·

289 1486 430 1549 ΤΡΙΕΦ.
453 1489 559 1568 Σίγα,
576 1473 749 1562 άΚριτία,
768 1483 821 1550 καὶ
831 1483 876 1569 μή
888 1479 1122 1568 ὑπερεκτείνης
1135 1479 1219 1558 τούς

201 1579 345 1659 ὕθλους·
368 1577 449 1670 ὁρᾷς
466 1580 529 1665 γάρ
543 1577 587 1659 ὡς
603 1581 794 1668 έξοέγκωταί
803 1578 901 1667 μονή
917 1579 1020 1667 νηδὺς
1032 1581 1087 1648 καὶ
1100 1578 1220 1665 ὥσπερ

200 1687 362 1763 κυοφορεῖ
369 1705 376 1715 ·
399 1679 545 1764 ἐδήχθην
556 1677 620 1764 γάρ
631 1693 699 1758 τοῖς
711 1677 799 1762 παρά
813 1686 876 1748 σοῦ
891 1678 1003 1764 λόγοις
1015 1674 1059 1758 ὡς
1070 1674 1139 1746 ὑπὸ
1152 1705 1220 1746 xv-

199 1778 257 1855 νδς
274 1784 468 1854 λυττῶντος.
491 1780 545 1843 καὶ
565 1783 595 1845 εί
610 1777 655 1863 μὴ
676 1777 854 1864 φάρμακον
871 1774 1064 1864 ληθεδανὸν
1083 1774 1220 1862 ἐμπιὼν

199 1873 372 1963 ήρεμήσω,
391 1873 507 1963 αὕτηή
527 1875 638 1963 μνήμη
656 1883 860 1960 οίκουροῦσα
877 1879 914 1946 έν
926 1878 996 1962 ἐμοὶ
1010 1879 1093 1961 μέγα
1106 1872 1221 1942 κακὰν

200 1977 382 2062 ἐργάσεται.
416 1974 498 2044 ὥστε
522 1982 621 2046 ἔασον
641 1979 782 2056 τούτους
803 1974 865 2068 τήν
886 1974 986 2064 εὐχήν
1003 1972 1068 2044 άπδ
1087 1973 1220 2059 πατρὸς
1299 1987 1300 1990 ’

199 2071 383 2161 άρξάμενος
400 2076 454 2142 καὶ
472 2071 534 2160 τήν
554 2075 779 2161 πολυώνυμον
801 2072 893 2163 ςόδήν
910 2077 943 2154 ἐς
961 2077 1052 2152 τέλος
1072 2076 1217 2150 ἐπιθείς.

200 2179 250 2241 28.
264 2169 347 2240 άλλά
359 2178 393 2239 τί
399 2181 516 2255 τοῦτος
538 2171 609 2260 οὐχὶ
620 2173 790 2253 Κλεόλαος
802 2167 900 2252 οὗτός
911 2177 1012 2257 ἐστιν,
1024 2172 1042 2240 ὁ
1053 2185 1123 2250 τοῖς
1136 2172 1219 2238 ποσὶ

198 2268 310 2358 μακρά
323 2270 430 2358 βιβάς,
442 2277 573 2362 σπουδή
583 2273 618 2340 δέ
630 2270 703 2358 ήκει
715 2275 770 2340 καὶ
781 2275 985 2358 κατέρχεται;
999 2277 1073 2356 μῶν
1082 2272 1220 2356 ἐπιφω-

200 2368 465 2458 νήσομεναδτῷς

285 2473 401 2536 ΚΡΙΤ.
422 2469 487 2536 Καὶ
498 2467 597 2552 μάλα.

289 2573 431 2635 ΤΡΙΕΦ.
451 2567 617 2652 Κλεόλαε,
635 2567 680 2653 μή
700 2594 730 2633 τι
748 2566 965 2653 παραδράμῃς
982 2590 1019 2650 γε
1038 2567 1114 2630 ποσὶ
1129 2563 1218 2649 μηδὲ

199 2669 385 2752 παρέλθῃς,
399 2662 472 2732 ἀλλ’
485 2669 564 2733 ἐλθέ
573 2672 715 2753 χαίρων,
728 2666 807 2749 εδγέ
815 2691 883 2732 που
893 2671 1010 2750 μῦθον
1024 2664 1149 2748 φέρεις.

283 2771 538 2831 ΚΛΕΟΛΑΟΣ.
564 2761 697 2848 Χαίρετ’
710 2762 828 2850 ἄμφω,
842 2754 962 2848 ὦκαλή
975 2768 1102 2844 ξυνωρί
1118 2813 1126 2828 .

128 2887 178 2944 6η
287 2869 428 2932 Tmo.
456 2870 511 2940 Τίς
528 2860 547 2948 ή
567 2865 716 2949 σπουδή;
745 2861 943 2950 άσθμαίνεις
962 2861 1026 2949 γάρ
1044 2865 1097 2929 ἐπὶ
1113 2860 1217 2928 πολύ.

197 2969 273 3046 μαίν
285 2989 315 3029 τι
326 2959 444 3028 καινδν
454 2966 654 3048 τέπρακται;

283 3066 444 3128 ΚΛΕΟΛ.
471 3064 650 3128 Πέπτοικεν
675 3060 782 3146 όφρὺς
810 3089 826 3147 η
852 3060 953 3127 πάλαι
979 3067 1135 3145 βοωμένη

195 3163 350 3242 Περσῶν,

351 3257 402 3322 καὶ
417 3263 534 3324 Σοῦσα
548 3255 682 3325 κλεινόν
693 3256 786 3324 δι’στυ.

352 3369 448 3421 πεσεῑ
460 3351 491 3420 δ’
508 3361 554 3422 ἔτι
570 3381 607 3440 γε
623 3363 713 3423 πᾶσα
727 3353 822 3441 χθεδν
833 3352 985 3441 Ἀραβίας

351 3457 433 3535 χειρὶ
448 3458 651 3534 κρατοῦντος
667 3449 906 3544 εὐσθενιοτάτῳ
921 3451 1042 3538 κράτει.
