2625 4092
486 289 726 344 PRAEFATIO.
1119 307 1147 344 ax

56 416 218 505 Ἆνοξικλέα
250 442 272 478 ο.
298 428 329 478 15
350 416 422 492 αότη
446 418 478 478 ol
502 445 559 480 oum
583 432 642 486 eod.
668 438 772 480 auclore
796 429 935 482 Fritzaohio
957 447 1004 498 pro
1024 421 1097 497 αὕτη
1118 424 1150 482 δέ

61 513 84 544 a.
106 493 139 546 ¹6
160 493 262 562 γροαν]
287 488 389 560 χροιάν
411 497 489 551 Dind.
532 515 555 550 ο.
585 501 616 551 17
642 490 755 564 έντετογ
768 491 858 548 ’κασιν
876 511 980 551 οοοιοσι
1002 501 1151 552 Lehmanno

60 577 119 642 oum
133 563 189 613 eod.
205 579 251 628 pro
267 554 487 644 ἐντετυχήκεσαν
516 583 538 620 ο.
552 568 583 619 18
596 558 735 635 έάρακας]
754 513 874 632 έόρακας
886 570 962 624 Dind.
977 571 1051 621 itaet
1069 587 1093 623 ο.
1104 574 1148 623 94.

59 632 122 684 nom.
135 627 186 712 ael
200 631 354 698 Νησιωτου
370 638 482 688 correxit
504 639 554 696 idm
583 637 716 706 legebatur
733 634 786 687 τοῦ
799 630 955 701 Νησιιότου
990 640 1051 690 ibid.
1068 635 1151 690 Πέλι·

60 699 123 769 γος]
143 699 279 767 Πέλλιχος
295 705 330 754 id.
350 705 386 756 ite
404 715 428 755 et
445 706 523 758 inira.
557 725 580 759 ο.
598 707 631 760 19
649 698 735 772 έθέλη
749 715 852 758 auctore
868 707 971 761 Halmio
987 710 1045 760 eoll-
1065 727 1089 764 ο.
1106 710 1149 761 29.

62 786 109 835 pro
135 761 240 820 έθέλοι.
276 787 300 826 ο.
321 774 353 825 21
375 764 452 843 αὐτῷ
469 787 608 841 praeeunte
625 776 702 830 Dind.
726 792 772 842 pro
796 766 875 843 αότιβ
907 794 929 828 ο.
951 776 985 829 23
1010 771 1151 845 μορμολύ-

61 837 151 907 κειον]
173 841 380 905 μορμολυκεῖον
398 844 434 896 id.
473 861 495 898 ο.
517 849 552 898 25
571 861 620 911 μοι
642 844 740 912 δοκεῖ]
767 859 816 911 μοι
837 842 934 896 δοκεῖν
955 849 992 899 id.
1013 850 1045 898 de
1064 849 1151 900 Solani

61 910 217 960 conlectura.
234 919 261 961 at
275 913 334 962 vide
351 914 487 967 Burmeial.
500 932 528 983 p.
540 917 583 967 49.
609 933 630 967 ο.
642 917 677 968 29
686 907 922 984 διατεθήσεσθαι]
936 910 1152 982 ὃναθήοεσθαιῖ

61 997 84 1030 e.
102 978 135 1031 ³1
154 977 313 1048 σκοτεινοῦ]
332 975 480 1034 σκοτεινόν
499 983 553 1035 τοῦ
566 986 648 1038 Halm.
669 1002 719 1036 non
730 987 825 1103 flebo.
861 986 922 1038 ibid.
938 979 1074 1051 καθαράν
1089 983 1151 1055 καὶ]

62 1056 98 1127 rga
115 1049 167 1098 lam
185 1065 244 1099 oum
262 1051 337 1101 Dind.
356 1066 402 1118 pro
421 1046 556 1119 καθαρόν
574 1046 677 1124 [αὐτῷ]
692 1070 751 1104 κα.
771 1054 853 1107 Halm.
872 1057 1033 1106 scribendum
1051 1068 1151 1108 censet:

64 1133 108 1168 οτι
124 1110 260 1183 καθαράν
277 1109 355 1187 αὐτῷ
373 1117 423 1173 καὶ
440 1113 487 1173 oio.
506 1115 564 1188 ἤδη
581 1116 676 1191 ἐξείη
694 1117 748 1190 την
764 1117 820 1172 οίκ.
837 1120 891 1174 οίκ.
928 1125 987 1175 ibid.
1004 1115 1151 1192 έωράκειν]

60 1176 194 1251 ἕοράκειν
211 1187 287 1239 Dind.
328 1209 349 1246 ο.
367 1196 400 1245 32
417 1185 454 1243 πέ
477 1190 560 1259 ηνας]
583 1187 729 1260 πεφήνασι
747 1194 831 1246 Halm.
868 1212 891 1249 ο.
910 1195 945 1246 34
966 1187 1152 1261 ἱερογραμμα-

61 1269 133 1305 τεων
148 1272 206 1307 eum
222 1262 299 1314 Dind.
320 1278 370 1312 ree.
386 1278 433 1330 pro
449 1209 534 1328 έέροίν
566 1257 734 1344 ραμμσιτέων
769 1263 829 1317 ibid.
843 1257 1006 1328 Αἰγυπτίων
1022 1281 1079 1316 cum
1094 1267 1149 1316 eod.

62 1341 114 1404 ¹reo.
132 1341 180 1392 pao
204 1323 359 1396 Αίγύπτιον
395 1349 417 1382 ο.
437 1332 472 1384 40
492 1278 579 1382 οὐδέν
598 1348 637 1398 μη
660 1333 757 1400 scripsi
776 1349 834 1383 oum
855 1334 911 1384 eod.
937 1335 1151 1397 quemadmodum

58 1407 114 1444 mm
140 1401 281 1458 volueram,
300 1416 348 1468 pro
367 1391 453 1452 οὐδὲν
472 1390 507 1451 οό
523 1393 573 1467 μὴ.

133 1469 214 1534 Ηίμμ.
240 1486 263 1522 ο.
283 1472 299 1520 ‘2
323 1467 488 1539 Πτολεμαίῳ
512 1463 720 1536 χειρωσάμενον
738 1463 792 1537 τὴν
817 1474 868 1522 iam
887 1488 944 1522 cum
966 1471 1043 1526 Dind.
1068 1473 1153 1536 recepi

60 1550 111 1602 pto
133 1535 312 1602 Πτολεμαῖον
331 1532 539 1605 χειρωσάμενον
559 1535 608 1590 καί
626 1532 681 1606 τήν
711 1541 773 1592 illd.
792 1537 915 1591 κοίτοιο
939 1531 1089 1605 ἐπινοῆσαι
1109 1542 1154 1590 ‹le-

62 1606 170 1659 lendum
188 1623 290 1662 eenaeo.
326 1625 349 1658 ο.
366 1601 452 1674 3πρό
469 1600 560 1660 αότοό
577 1619 681 1661 auclore
696 1609 772 1663 Dind.
790 1626 836 1677 pro
850 1603 906 1675 πρό
925 1601 1016 1660 αότοό
1047 1607 1152 1663 ο.8τί-

65 1675 165 1744 θεμαι]
182 1675 285 1742 τίθημι
299 1677 379 1727 Halm.

135 1747 233 1798 Bacch.
258 1748 317 1798 οἳ
341 1764 382 1798 vv.
402 1739 495 1816 τράγῳ
520 1738 556 1798 τά
578 1740 685 1813 νέρθεν
708 1738 822 1799 έοικότα
844 1751 917 1800 uncia
940 1749 1057 1800 liberavit
1076 1749 1152 1802 Dind.

65 1815 116 1868 ο.3
135 1809 289 1882 γυμνήτας]
307 1813 452 1881 γυμνήτας
469 1819 504 1871 id.
1028 1845 1032 1853 ·

134 1885 240 1940 Hercul.
267 1903 290 1942 σ.
312 1886 326 1937 1
349 1874 418 1944 όλος
434 1896 571 1953 praeeunte
589 1888 646 1939 eod.
665 1901 713 1953 pro
732 1875 805 1945 όλως
840 1903 863 1937 ο.
883 1890 901 1937 4
923 1877 958 1937 τά
975 1876 1067 1951 ἄνθη]
1088 1877 1154 1936 τινά

64 1969 85 2004 e.
104 1941 176 2003 άττα
192 1943 271 2020 άνθη
291 1956 415 2008 Halmius.
451 1973 471 2006 ο.
489 1956 506 2006 8
524 1946 638 2021 άήταις,
663 1957 764 2024 Bergkii
784 1957 1001 2015 emendationem,
1025 1972 1075 2010 ree.
1096 1971 1154 2007 oum

64 2023 144 2076 nmo.
163 2039 210 2089 pro
225 2013 246 2088 ἢ
262 2014 357 2082 άετοῐς

135 2093 178 2144 De
194 2095 282 2146 σίτοιο.
301 2110 324 2146 ο.
344 2093 362 2146 3
379 2081 482 2161 οὕτως]
501 2082 574 2145 οότοο
591 2096 628 2149 id.
853 2151 861 2172 ‚

136 2160 244 2215 Μκοοατ
259 2179 314 2216 eae.
335 2180 357 2213 o.
375 2166 392 2216 2
410 2153 541 2229 ἀπηνοῦς
559 2180 611 2219 ree.
628 2180 685 2214 eom
703 2165 760 2214 eod.
778 2179 825 2229 pao
843 2159 962 2226 απηνοός
998 2179 1019 2212 ο.
1037 2160 1054 2214 3
1072 2153 1155 2226 τοόρ·

65 2222 207 2296 ροπόγιον
224 2233 281 2286 eod.
298 2241 401 2284 auctore
418 2247 466 2298 pro
483 2225 516 2282 τό
537 2223 713 2299 οόροπόγιον
747 2233 809 2288 ibid.
828 2233 894 2282 ταῖν
916 2233 1013 2297 χεροῖν
1036 2233 1154 2282 revocavi

17 2367 18 2376 ἵ
64 2317 124 2352 oum
139 2302 197 2381 eod.
215 2316 263 2366 pro
279 2304 343 2352 τοῖν
361 2303 459 2382 γεροξν
492 2319 516 2357 ο.
532 2306 550 2353 4
567 2300 687 2370 γίνεται]
708 2300 831 2367 γίγνεται
850 2302 887 2354 id.
923 2318 945 2352 ο.
962 2301 979 2353 θ
996 2293 1155 2379 τιτρώσκει]

65 2383 231 2436 τιτρωσκειν
255 2373 289 2422 id.
325 2372 386 2426 ibid.
404 2369 493 2438 αυτῆς
514 2389 573 2424 eum
599 2373 813 2437 παραστατεῖν
834 2371 981 2420 Lehmanno
999 2385 1046 2435 pro
1066 2367 1156 2434 αντῆς

64 2456 88 2492 ο.
112 2445 128 2489 7
146 2437 266 2506 γίνεται]
287 2437 411 2506 γίγνεται
428 2442 464 2493 id.
507 2457 530 2492 ο.
551 2442 568 2494 9
588 2434 657 2492 oiol
679 2432 761 2502 άξιοί
780 2451 882 2491 οοοιοτο
900 2439 1000 2489 Halmio
1023 2455 1070 2504 pro
1089 2429 1155 2488 οότι

64 2499 148 2570 ἀξιοῖ
180 2525 204 2561 ο.
220 2510 251 2561 11
272 2502 304 2558 δ’
319 2517 377 2562 ante
395 2504 514 2562 ἔδακνεν
533 2513 621 2562 addidi
634 2511 788 2561 Meiaeiiom
805 2518 939 2572 sequutus.
974 2505 1156 2572 ο.12γίνον-

64 2577 125 2646 ται]
142 2575 289 2644 γίγνονται
301 2579 375 2630 Dind.
410 2581 471 2632 ibid.
491 2572 721 2648 μακροβιάταταί
736 2592 797 2632 reso.
816 2595 863 2644 pro
878 2570 1108 2644 μακροβιότατοί

137 2647 269 2700 Adversus
283 2648 382 2703 Indooi.
399 2667 420 2704 ο.
439 2651 451 2700 1
469 2647 587 2716 γίνεται]
604 2647 728 2714 γίγνεται
742 2649 817 2698 Dind.
845 2648 906 2700 ibid.
921 2639 1155 2724 παραλαμβάνοις

65 2734 124 2769 eam
144 2719 202 2772 eod.
222 2720 254 2769 de
272 2716 363 2785 Guyeli
384 2722 509 2768 sententia
527 2734 573 2784 pro
592 2710 822 2785 παραλαμβάνοις
858 2733 880 2768 ο.
901 2718 917 2767 2
935 2706 1156 2780 άναγιγνωσκεις

66 2788 143 2841 Dind.
179 2803 201 2842 ο.
215 2787 232 2839 3
247 2781 391 2854 τοιαύτας]
408 2779 458 2846 τάς
474 2778 561 2846 αότάς
575 2789 669 2848 Halm,
687 2788 755 2851 quod
768 2786 866 2837 Mareil.
881 2787 932 2835 iam
947 2784 1069 2835 voluerat.
1102 2801 1125 2838 ο.
1140 2785 1157 2835 3
1177 2833 1182 2844 ,

66 2854 175 2923 μυρίκη
193 2856 225 2937 de
242 2857 333 2924 Guyeti
351 2860 417 2908 oeni.
437 2874 494 2908 oum
512 2858 589 2908 Dind.
607 2873 653 2923 pro
673 2855 797 2922 μυρρίνη
832 2856 892 2907 ibid.
911 2843 927 2904 ὁ
950 2851 1032 2904 δεῖνα
1046 2841 1076 2920 ἢ]
1096 2855 1155 2904 lom.

64 2917 80 2976 ό
101 2922 186 2976 δεῖνα
200 2941 239 2992 ην
256 2915 276 2992 ἢ
309 2926 370 2977 ibici.
387 2925 461 2976 θεῖοι
475 2923 588 2993 iovem]
608 2924 683 2976 δεῖνι
701 2917 735 2977 oa)
754 2921 853 2989 ξυνεφ.
870 2924 953 2975 Halm.
970 2923 1088 2975 simililer
1105 2926 1155 2972 iam

65 2995 166 3051 Mareil.
199 3012 222 3049 ο.
240 2999 257 3046 4
275 2992 311 3062 τῇ
326 2984 426 3061 αότοῦ]
442 2994 478 3062 τῇ
493 2987 582 3048 αὐτοῦ
599 2996 676 3050 Dind.
706 2997 767 3049 ibid.
785 2986 1006 3062 περιβαλόμενος
1022 2995 1054 3044 de
1065 2993 1156 3042 Halmii

65 3066 193 3116 sententio
209 3080 256 3130 pro
275 3061 512 3132 περιβαλλόμενος
546 3067 607 3117 ibid.
628 3056 847 3131 άναγιγνάσκεις
869 3074 893 3113 el
912 3054 1153 3128 άναγιγνωοκομέ,

66 3150 125 3184 νων
142 3134 217 3185 Dind.
254 3135 315 3184 ibid.
333 3127 565 3202 καθεωρακότας]
590 3127 805 3199 καθεορακότας
823 3135 858 3184 id.
895 3151 917 3184 ο.
935 3135 951 3184 5
971 3127 1044 3182 ναόν
1065 3146 1157 3195 παρα-

67 3196 150 3271 λάβοι
167 3205 254 3270 reeepi
267 3219 313 3269 pro
331 3200 406 3253 ναόν
423 3202 574 3270 καλλίστην
591 3198 761 3272 παραλάβοι.
781 3203 863 3254 Halm.
878 3199 1031 3267 κρατίστην
1045 3203 1158 3252 seriben-

18 3301 19 3304 =
66 3279 129 3323 dum
146 3282 243 3324 censet.
278 3291 302 3326 ο.
321 3275 338 3324 7
356 3263 447 3324 αὑτοῦ
463 3283 566 3326 auclore
585 3274 661 3325 Dind.
681 3290 726 3340 pro
745 3262 835 3323 αὐτοῦ
865 3273 926 3324 ibid.
944 3262 1157 3335 άναγιγνάσκης

66 3344 102 3396 id.
140 3358 164 3398 ο.
184 3343 201 3393 8
225 3339 291 3405 περί
313 3331 403 3393 αότόν
425 3346 483 3396 eod.
504 3353 609 3395 auctore
624 3359 670 3408 pro
693 3339 760 3408 περί
778 3332 867 3392 αότόν
902 3343 962 3392 ibid.
982 3343 1043 3398 τοῖς
1061 3353 1090 3388 τε
1108 3332 1157 3388 άλ-

66 3408 139 3478 λοις]
157 3403 194 3462 τά
207 3425 238 3462 τε
251 3403 323 3462 ἄλλα
341 3413 378 3466 id.
416 3428 438 3463 e.
460 3413 477 3465 9
496 3403 645 3478 ἐσέρχεται]
673 3403 812 3476 ἐσέρχεται
832 3397 885 3462 οόν
901 3411 936 3460 id.
959 3427 1007 3476 ego
1026 3393 1078 3459 οόν
1096 3409 1155 3458 olim

67 3482 141 3534 noeis
155 3483 319 3534 laelusemm.
351 3499 374 3532 e.
392 3482 425 3532 12
440 3473 458 3548 ἡ
474 3475 629 3548 θέλγουσα]
650 3483 784 3531 articulum
800 3479 893 3530 Halmii
911 3481 1042 3531 admonitu
1057 3477 1153 3528 addidi.

67 3568 88 3607 α
111 3549 144 3603 13
163 3541 373 3617 άναγιγνάσκοι
390 3551 467 3602 Dind.
504 3568 526 3603 ο.
546 3552 576 3603 15
592 3546 642 3600 καὶ
657 3541 743 3607 αότός
758 3539 840 3618 ςόετο]
859 3549 925 3599 hano
942 3548 1052 3598 lacobsii
1070 3562 1153 3600 emea-

18 3665 23 3690 ‚
67 3621 198 3674 daoloaem
221 3623 271 3672 iam
291 3638 346 3673 eum
367 3621 444 3676 Dind.
461 3622 548 3688 recepi
570 3636 617 3686 pm
636 3609 707 3670 αότό
730 3608 800 3682 ρόετο
836 3617 897 3669 ibid.
921 3613 1068 3680 Δωρίθιον
1086 3602 1156 3682 ἧκεν
