2625 4092
216 282 259 346 46
574 285 767 342 AOYKIA
780 285 873 342 ΝΟΤ
915 299 918 303 ·

215 439 313 523 οὗτος
328 446 364 514 δὲ
380 448 487 511 ἐσθίει
497 442 570 511 τότε
584 442 673 526 μάλα
691 446 822 531 φαιδρῷ
835 452 882 531 τῷ
894 446 1062 533 προσώπῳ
1073 445 1128 512 καὶ
1139 451 1222 529 μετά

215 540 277 627 τήν
288 546 404 621 ἔξοδον
417 538 522 617 εὐθὺς
533 543 570 607 ἐν
584 540 727 622 πρώτοις
740 544 983 623 διαγωνιζεται·
1006 538 1023 607 ὁ
1039 544 1074 607 δὲ
1087 542 1224 627 τρέφων

216 637 321 706 αὐτόν
335 635 479 707 ὄπισθεν
493 634 711 704 ὑποτέτακται
724 644 772 725 τῷ
784 644 970 727 παρασίτῳ,
992 635 1146 715 κάκεῖνος
1158 634 1224 707 αύ-

214 735 275 805 τδν
292 734 403 819 ώσπερ
419 734 536 815 ὁΑἰας
552 733 612 804 τόν
631 741 781 818 Τεῦκρον
797 732 862 803 ὑπὸ
877 742 923 825 τῳ
937 737 1032 804 σάκει
1049 738 1222 821 καλύπτει,

214 838 268 903 καί
283 843 350 926 τών
360 841 469 920 βελών
480 832 671 919 ἀφιεμένων
682 834 862 919 γυμνώσας
878 830 998 902 ἑαυτόν
1011 842 1132 901 τοῦτον
1143 837 1224 902 σκέ-

214 958 283 1000 πει·
300 934 456 1019 βούλεται
466 930 531 1018 γάρ
541 935 671 1001 ἐκεῖνον
681 939 808 1017 μᾶλλον
819 927 968 1019 σώζεινή
979 933 1108 999 ἑαυτόν.
1127 938 1179 1000 50.
1194 940 1226 1000 εἰ

217 1032 253 1099 δὲ
269 1030 310 1117 δή
326 1033 380 1097 καὶ
396 1032 490 1099 πέσοι
505 1029 687 1114 παράσιτος
701 1032 738 1096 έν
751 1031 901 1119 πολέμῳ,
919 1027 982 1097 οὐκ
999 1026 1044 1096 ἄν
1058 1029 1111 1098 ἐπ’
1129 1027 1223 1119 αὐτῷ

216 1130 325 1217 δήπου
337 1127 414 1197 οὔτε
427 1127 566 1215 λοχαγός
580 1124 658 1195 ούτε
671 1127 871 1213 στρατιώτης
883 1133 1077 1213 αἰσχυνθείη
1086 1130 1224 1219 μεγάλῳ

215 1257 250 1297 τε
261 1230 333 1297 ὄντι
347 1236 455 1318 νεκρῷ
470 1232 523 1296 καὶ
536 1226 645 1312 ὥσπερ
658 1231 695 1295 ἐν
705 1234 879 1317 συμποσίῳ
893 1236 985 1318 καλῷ
995 1236 1104 1307 καλῶς
1118 1256 1223 1297 κατα-

216 1328 365 1416 κειμένῳ.
402 1325 446 1404 ώς
468 1326 563 1405 άξιόν
588 1352 627 1412 γε
648 1324 841 1411 φιλοσόφου
860 1324 983 1408 νεκρόν
1006 1331 1090 1395 ἰδεῖν
1112 1326 1224 1417 τούτῳ

216 1431 471 1509 παρακείμενον,
484 1426 596 1508 ξηρόν,
612 1426 781 1511 ῥυπῶντα,
796 1421 926 1508 μακρόν
937 1425 1115 1509 πωγώνιον
1125 1430 1224 1511 έχον-

216 1550 266 1607 τα,
284 1519 536 1606 προτεθνηκότα
547 1529 603 1605 τῆς
613 1522 728 1607 μάχης,
741 1518 869 1607 άσθενῆ
880 1521 1074 1606 ἄνθρωπον.
1098 1530 1147 1602 τίς
1158 1521 1224 1590 οὐκ

216 1616 260 1688 άν
277 1618 539 1703 καταφρονήσειε
556 1618 678 1704 ταύτης
692 1626 750 1705 τῆς
772 1620 901 1698 πόλεως
916 1618 994 1698 τούς
1011 1618 1225 1698 ὑπασπιστάς

216 1714 317 1802 αύτής
333 1714 439 1793 οὕτως
454 1720 699 1800 κακοδαίμονας
713 1711 819 1796 boam
840 1721 889 1792 τίς
904 1715 941 1781 δὲ
954 1713 1016 1783 ούκ
1034 1713 1078 1783 άν
1092 1718 1225 1785 εἰκάσαι

216 1813 364 1899 χλωρούς
375 1813 430 1881 καί
440 1812 585 1898 κομήτας
593 1810 684 1894 δρῶν
693 1807 953 1895 ἀνθρωπίσκους
963 1815 1147 1898 κειμένους,
1159 1812 1225 1899 τήν

217 1920 318 1979 πολιν
333 1907 528 1991 ἀποροῦσαν
545 1909 729 1994 συμμάχων
744 1906 823 1986 τούς
839 1912 877 1975 έν
892 1916 932 1997 τῇ
948 1914 1059 1998 είρκτή
1072 1911 1224 1992 κακούρ-

218 2035 299 2095 γους
321 2011 473 2075 ἐπιλῦσαι
493 2016 539 2098 τῳ
554 2010 702 2097 πολέμῳ;
722 2014 867 2075 τοιοῦτοι
886 2007 948 2093 μὲν
969 2011 1006 2075 έν
1026 2015 1072 2098 τῳ
1086 2011 1224 2097 πολέμῳ

146 2120 198 2177 875
218 2104 301 2189 πρὸς
316 2106 458 2192 ῥήτορας
473 2110 529 2175 καὶ
542 2107 751 2194 φιλοσόφους
765 2107 848 2173 εἰσὶν
863 2110 897 2174 οί
910 2107 1096 2190 παράσιτοι.
1119 2111 1171 2175 51.
1185 2108 1224 2173 έν
1297 2113 1298 2120 ’

218 2204 333 2289 εἰρήνη
344 2206 380 2271 δὲ
390 2204 552 2272 τοσοῦτόν
560 2230 616 2290 μοι
626 2208 720 2270 δοκεῖ
727 2205 901 2287 διαφέρειν
909 2202 1107 2288 παρασιτική
1120 2211 1224 2288 φιλο-

216 2310 336 2388 σοφίας
352 2301 435 2370 όσον
449 2301 562 2388 αύιήὴ
580 2302 695 2387 εἰρήνη
705 2301 862 2386 πολέμου.
885 2303 940 2370 καὶ
951 2309 1100 2385 πρώτον,
1117 2304 1147 2367 εἰ
1163 2304 1225 2367 δο-

217 2415 284 2484 κεῖ,
300 2409 476 2488 σκοπῶμεν
493 2401 533 2470 τὰ
548 2409 605 2487 τῆς
622 2399 755 2486 εἰρήνης
770 2406 882 2483 χωρία.

304 2506 397 2570 TYX.
415 2497 519 2568 Οὔπω
534 2504 667 2584 ξυνίημι
682 2495 743 2565 ότι
754 2498 854 2564 τοῦτό
868 2522 938 2575 πως
951 2499 1114 2584 βούλεται.
1138 2516 1225 2563 σκο-

216 2606 332 2686 πώμεν
348 2601 384 2666 δὲ
398 2597 495 2684 ὅμως.

300 2705 399 2766 ΠΑΡ.
424 2696 562 2766 Οὔκουν
581 2694 710 2782 ἀγοράν
732 2698 788 2763 καί
807 2696 1001 2780 δικαστήρια
1022 2698 1077 2762 καὶ
1098 2700 1225 2761 παλαί-

217 2819 317 2879 στρας
331 2798 385 2863 καὶ
405 2795 573 2882 γυμνάσια
593 2797 647 2863 καί
662 2798 842 2881 κυνηγέσια
858 2795 913 2862 καὶ
927 2794 1096 2878 συμπόσια
1116 2798 1224 2878 ἔγωγε

217 2900 321 2978 φαίην
337 2890 382 2959 άν
395 2892 523 2971 πόλεως
538 2901 660 2979 χωρίοις

305 2997 400 3058 ΤΡΧ.
423 2992 523 3059 Πάνυ
537 2991 599 3077 μὲν
615 2986 689 3060 οὖν.

300 3096 398 3158 ΠΑΡ.
418 3087 453 3157 ‘0
467 3097 583 3157 τοίνυν
596 3093 776 3174 παράσιτος
792 3098 838 3170 εἰς
848 3091 976 3177 ἀγοράν
987 3094 1049 3179 μὲν
1058 3094 1113 3159 καὶ
1126 3096 1226 3157 δικα-

217 3191 333 3276 στήρια
345 3186 387 3256 ου’
397 3187 565 3273 πάρεισιν,
582 3187 650 3274 ότι,
667 3188 774 3276 οἰμαι,
788 3205 857 3268 τοῖς
870 3189 1095 3276 συκοφάνταις
1111 3189 1225 3258 πάντα

217 3285 257 3354 τά
272 3295 374 3374 χωρία
389 3294 492 3355 ταῦτα
510 3294 639 3372 μᾶλλον
658 3290 818 3376 προσήκει
833 3291 889 3357 καὶ
903 3287 954 3356 ότι
969 3286 1068 3356 οὐδὲν
1084 3289 1226 3374 μέτριόν

218 3390 285 3455 ἐστι
299 3393 367 3454 τών
386 3390 423 3455 έν
442 3384 574 3464 τούτοις
589 3391 794 3473 γινομένων,
815 3385 875 3465 τάς
890 3387 927 3454 δὲ
945 3393 1147 3471 παλαίστρας
1167 3388 1226 3454 καὶ

217 3483 256 3551 τά
271 3485 438 3570 γυμνάσια
455 3489 508 3554 καὶ
527 3481 568 3552 τά
585 3487 755 3570 συμπόσια
778 3486 892 3553 διώκει
912 3486 966 3551 καὶ
985 3500 1104 3567 κοσμεῖ
1115 3485 1225 3569 μόνος
