2625 4092
123 294 127 300 ’
230 291 271 353 28
586 293 895 353 AOTKIANOY

228 449 293 538 γάρ
311 453 647 540 ἐπακολουθήσαιμεν
668 449 712 517 ἄν
730 454 784 519 καὶ
807 468 878 530 ταῖς
900 451 974 520 κατ’
998 453 1084 532 εἶδος
1104 457 1248 542 τέχναις,

229 560 321 633 είπερ
338 550 403 633 ἄρα
421 549 535 633 ὀρθῶς
550 558 718 637 μετέχοιεν
732 549 844 636 αύτής.

318 656 413 717 ΤΤΧ.
440 657 483 716 Τί
496 648 570 716 ποτ’
584 643 649 716 ούυ
664 655 755 715 ἐστιν
768 647 789 734 ή
804 653 899 736 τέχνη
912 652 1001 735 λέχε·
1026 653 1159 730 πάντως
1170 654 1249 720 ἐπί-

229 768 356 814 στασαι.

315 854 413 914 ΠΛΡ.
438 848 539 913 Πάνυ
552 847 615 932 μὲν
631 841 705 912 οὖν.

317 953 412 1015 m.
437 943 497 1032 Μή
513 953 631 1014 τοίνυν
646 946 739 1014 ὅκνει
752 950 863 1031 λέγειν
877 944 999 1032 αύτήυ,
1021 955 1114 1028 εἰπερ
1130 943 1244 1013 οἶσθα.

158 1061 206 1114 841
314 1050 344 1112 4.
361 1052 461 1112 ΠΛΡ.
485 1047 591 1130 Τέχνη
604 1048 704 1128 ἐστίν,
723 1041 767 1122 ῶς
781 1042 845 1130 έχῶ
859 1041 1117 1129 διαμνημονεύω
1131 1050 1246 1128 σοφοῦ

229 1170 317 1221 τινος
331 1140 489 1228 ἀκούσας,
502 1143 653 1229 σύστημα
666 1146 701 1209 ἐκ
711 1141 931 1227 καταλήψεων
943 1144 1245 1227 συγγεγυμνασμέ-

229 1268 300 1309 νων
317 1242 401 1324 πρός
415 1269 446 1308 τι
464 1244 556 1319 τέλος
571 1241 755 1327 εὔχρηστον
769 1250 838 1309 τῶν
853 1245 891 1309 έν
906 1250 953 1331 τῷ
967 1249 1038 1332 βίφ.

315 1348 412 1409 ΤΤΧ.
433 1339 560 1424 Ὀρθῶς
581 1343 714 1408 ἐκείνου
732 1366 771 1427 χε
794 1341 946 1418 εἰπόντος
969 1339 1075 1418 οὕτως
1090 1337 1243 1424 ἀπεμνη-

226 1459 402 1523 μονευσας.

310 1544 411 1605 ΠΛΡ.
436 1543 480 1604 Ee
493 1539 528 1604 δέ
541 1540 667 1624 μετέχει
680 1538 812 1605 τούτων
823 1536 984 1605 ἁπάντων
995 1537 1016 1624 ή
1027 1537 1243 1622 παρασιτική,

224 1642 257 1702 τί
271 1632 314 1702 άν
330 1634 411 1703 ἄλλο
426 1632 448 1721 ή
463 1638 518 1704 καὶ
536 1633 618 1721 αύτή
635 1639 733 1721 τέχνη
751 1632 794 1702 άν
810 1644 880 1721 εἴης

314 1743 409 1803 ΤΤΧ.
436 1741 539 1822 Τέχνη
555 1739 637 1822 γάρ,
656 1748 748 1819 είπερ
765 1736 872 1816 οὕτως
885 1744 960 1824 ἔχει.

308 1842 407 1903 ΠΛΡ.
432 1839 517 1920 Φέρε
532 1835 572 1922 δή
588 1836 670 1904 καθ’
683 1840 824 1903 ἕκαστον
839 1852 908 1914 τοῖς
919 1843 976 1922 τῆς
986 1839 1102 1921 τέχνης
1113 1839 1240 1902 είδεσιν

225 1933 468 2018 ἐφαρμόζοντες
483 1933 545 2017 τήν
559 1937 801 2021 παρασιτικήν,
826 1943 856 2004 εί
870 1937 1025 2023 συνᾴδει,
1047 1942 1239 2018 σκοπῶμεν,

224 2033 278 2099 καὶ
299 2029 408 2114 ὁπερὶ
425 2031 527 2118 αὐτῆς
549 2037 666 2119 λόγος,
691 2032 775 2102 ἀλλά
793 2034 837 2120 μή
859 2036 1015 2114 καθάπερ
1037 2037 1073 2099 αί
1093 2034 1239 2116 πονηραὶ

151 2148 204 2201 842
222 2130 340 2214 χύτραι
353 2132 611 2216 διακρουόμεναι
623 2132 669 2218 μή
679 2131 813 2214 σαθρὸν
824 2131 1089 2218 άποφθέχχηται.
1106 2135 1158 2196 δει·
1165 2135 1237 2195 τοί-

222 2251 287 2293 νυν
302 2225 386 2294 εἶναι
401 2230 455 2295 καὶ
470 2231 597 2315 ταύτην
615 2229 727 2312 ῶσπερ
743 2234 798 2300 καλ
819 2239 931 2298 πᾶσαν
948 2233 1067 2316 τέχνην
1083 2229 1238 2312 σύστημα

220 2330 256 2393 ἐκ
271 2327 505 2412 καταλήψεων
535 2331 748 2417 πρῶτονμὲν
768 2330 805 2397 τδ
822 2333 1012 2416 δοκιμάζειν
1027 2330 1083 2394 καὶ
1104 2331 1237 2408 διακρί-

220 2451 293 2492 νειν
308 2423 399 2502 ὅστις
410 2421 454 2492 άν
469 2429 652 2514 ἐπιτήδειος
666 2433 796 2515 γένοιτο
808 2435 944 2516 τρέφειν
960 2427 1084 2507 αὐτόν,
1100 2430 1155 2494 καὶ
1167 2425 1236 2515 ὅτφ

219 2541 414 2606 παρασιτεῖν
431 2523 615 2612 ἀρξάμενος
631 2527 694 2596 ούκ
710 2525 754 2596 ἂν
769 2537 957 2616 μεταγνοίη.
983 2523 1004 2614 ή
1018 2524 1079 2594 τὸν
1093 2525 1155 2611 μὲν
1169 2522 1236 2608 άρ-

218 2623 463 2708 ηυροχνῶμουοι
475 2628 595 2712 τέχνην
608 2626 682 2694 τινά
700 2632 852 2715 φήσομεν
868 2637 972 2715 ἔχειν,
991 2637 1083 2707 είπερ
1098 2627 1237 2692 ἐπίστα-

216 2749 269 2789 ται
287 2724 522 2809 διαγινώσκειν
540 2728 580 2793 τά
594 2753 630 2794 τε
645 2733 786 2813 κίβδηλα
802 2736 870 2795 τῶν
886 2725 1101 2814 νομισμάτων
1122 2725 1176 2790 καὶ
1192 2721 1236 2790 τά

217 2824 279 2907 μή,
297 2831 420 2891 τοῦτον
432 2826 468 2892 δὲ
483 2817 568 2892 ἄνευ
579 2829 695 2912 τέχνης
709 2833 895 2908 διακρίνειν
911 2826 990 2903 τούς
1004 2852 1038 2891 τε
1050 2822 1237 2912 κιβδήλους

216 2929 284 2986 τῶν
298 2919 495 3004 ἀνθρώπων
510 2926 565 2991 καὶ
580 2922 659 3002 τούς
673 2923 843 3010 ἀγαθούς,
860 2928 1030 2994 καὶταῦτα
1042 2921 1103 3009 ούχ
1119 2920 1238 3005 ὥσπερ

216 3027 284 3086 τῶν
295 3019 510 3106 νομισμάτων
524 3024 579 3091 καὶ
590 3031 658 3090 τῶν
672 3023 868 3108 άνθρῶπων
879 3030 1040 3111 φανερῶν
1052 3020 1159 3101 εὐθύς
1170 3020 1237 3089 ὅν-

214 3145 298 3196 των;
321 3118 404 3187 αύτά
422 3127 534 3205 μέντοι
557 3132 662 3191 ταῦτα
686 3122 776 3192 καὶὸ
798 3122 905 3210 σοφδς
920 3119 1105 3208 Εὐριπίδης
1127 3147 1236 3188 κατα-

214 3222 376 3303 μέμφεται
391 3220 515 3305 λέγων·

341 3316 478 3402 ἀνδρῶν
493 3317 524 3386 δ’
543 3321 609 3411 ὅτφ
626 3321 688 3409 χρή
706 3322 766 3390 τὸν
783 3322 888 3390 κακὸν
904 3324 1080 3405 διειδέναι,

341 3415 451 3497 οὐδεὶς
465 3418 633 3506 χαρακτήρ
651 3424 821 3507 ἐμπέφυκε
839 3423 975 3508 σῶματι.

141 3526 195 3582 843
215 3509 243 3606 ςέ
257 3515 298 3604 δή
316 3520 368 3586 καλ
387 3526 506 3605 μείζων
520 3517 541 3606 ή
554 3528 614 3586 τοῦ
627 3528 814 3603 παρασίτου
825 3525 939 3608 τέχνη,
953 3519 976 3607 ή
989 3545 1028 3606 γε
1044 3520 1098 3586 καὶ
1113 3517 1154 3585 τά
1168 3517 1233 3586 οὗ·
