2625 4092
335 270 599 329 ΕΤΑΙΡΙΚΟΙ
618 270 876 330 ΔΙΑΛΟΓΟΙ.
1042 269 1103 332 247

99 431 231 518 άπέλθη
246 433 297 498 ἐπὶ
313 434 448 496 δεῖπνον
462 437 610 515 λαβοῦσα
624 436 797 514 μίσθωμα,
814 428 890 496 ούτε
901 433 1104 516 μεθύσκεται

103 574 139 582 -
158 532 401 615 καταγέλαστον
417 525 480 612 γάρ
495 531 549 595 καὶ
564 535 720 613 μισοῦσιν
739 532 773 595 οέ
784 526 903 611 άνδρες
919 527 976 605 τάς
990 527 1104 594 τοιαύ-

101 657 158 709 τας
172 671 205 678 -
217 625 294 694 ούτε
305 624 582 710 ὑπερεμφορεῖται
597 635 659 693 τοῦ
670 625 757 707 όφον
768 624 1005 710 ἀπειροκάλως,
1021 624 1103 694 άλλά

101 729 324 813 προσάπτεται
336 725 397 810 μὲν
410 723 523 807 ἄκροις
534 740 601 802 τοῖς
612 726 804 803 δακτύλοις,
817 733 924 812 σιωπή
936 729 970 790 δὲ
982 722 1040 803 τάς
1050 727 1106 791 έν-

102 829 212 903 θέσεις
227 823 288 891 ούκ
302 820 353 891 ἐπ’
370 820 556 908 ἀμφοτέρας
572 823 778 909 παραβύεται
792 821 851 900 τάς
864 822 1033 908 γνάθους,
1051 829 1106 890 πί-

100 950 152 992 νει
170 923 205 990 δέ
220 921 341 1008 ήρέμα,
358 919 399 988 ού
416 921 556 1007 χανδόν,
572 919 645 988 ἀλλ’
664 919 911 1007 ἀναπαυομένη.

187 1030 282 1108 ΚΟΡ-
307 1017 381 1088 Κάν
398 1027 427 1090 ελ
439 1026 583 1103 διφῶσα,
603 1015 629 1088 τό
647 1029 765 1107 μῆτερ,
780 1023 890 1107 τύχοι;

188 1127 314 1188 ΚΡΩΒ.
341 1120 422 1187 Τότε
438 1121 595 1206 μάλιστα,
618 1113 643 1188 ά
660 1122 821 1204 Κόριννα.
843 1125 898 1189 καὶ
912 1121 989 1190 ούτε
1004 1126 1106 1192 πλέον

100 1227 162 1286 τοῦ
191 1224 323 1296 δέοντος
346 1221 526 1304 φθέγγεται
549 1217 626 1285 ούτε
649 1217 858 1285 ἀποσκάπτει
882 1225 914 1297 ἔς
943 1247 1016 1286 τινα
1039 1230 1107 1287 τῶν

100 1317 294 1400 παρόντων,
319 1320 350 1394 ἐς
370 1317 476 1401 μόνον
491 1318 526 1383 δὲ
547 1313 606 1382 τόν
625 1316 885 1401 μισθωσάμενον
900 1321 1029 1403 βλέπει·
1053 1322 1107 1386 καλ

101 1412 158 1482 διά
176 1423 272 1482 τοῦτο
291 1417 409 1482 ἐκεῖνοι
431 1421 589 1498 φιλοῦσιν
609 1411 723 1499 αὐτήν.
760 1416 814 1480 καὶ
831 1415 967 1481 ἐπειδάν
987 1423 1106 1500 κοιμᾶ-

101 1521 184 1578 σθαι
201 1513 273 1599 δέη,
289 1510 423 1597 άσελγὲς
439 1510 538 1579 οὐδὲν
554 1509 632 1578 οὐδὲ
648 1509 765 1597 ἀμελές
782 1515 890 1597 ἐκείνη
906 1510 949 1579 άν
961 1541 990 1579 τι
1006 1515 1105 1599 ἐργά-

101 1632 212 1694 σαιτο,
236 1607 318 1676 άλλά
336 1615 368 1690 ἐξ
385 1608 529 1688 ἅπαντος
550 1613 588 1677 ἓν
607 1617 705 1677 τοῦτο
726 1618 887 1696 θηρᾶται,
912 1609 955 1689 ύς
975 1609 1106 1697 ὑπαγά-

102 1733 194 1789 γοιτο
215 1710 268 1774 καὶ
284 1706 424 1793 ἐραστήν
440 1709 609 1793 ποιήσειεν
624 1711 769 1775 ἐκεῖνον·
796 1715 899 1774 ταῦτα
913 1707 978 1795 γάρ
1000 1707 1106 1795 αὐτὴν

101 1804 246 1883 ἅπαντες
261 1808 464 1872 ἐπαινοῦσιν.
496 1812 525 1873 ελ
539 1803 578 1891 δή
594 1807 648 1873 καὶ
665 1802 708 1872 σύ
723 1813 825 1871 ταῦτα
843 1808 1019 1891 ἐκμάθοις,
1041 1834 1106 1892 μα-

102 1902 217 1986 κάριαι
235 1906 288 1970 καὶ
308 1901 398 1989 ἡμεῖς
420 1907 581 1990 ἐσόμεθα·
614 1905 683 1970 ἐπεὶ
699 1903 739 1969 τά
760 1929 797 1987 γε
815 1903 898 1971 άλλα
915 1903 1004 1988 παρά
1021 1902 1107 1972 πολύ

102 1998 205 2087 αὐτῆς
224 2056 314 2069 .....
332 2000 405 2069 ἀλλ’
418 2003 528 2086 οὐδέν,
547 1995 667 2087 όφίλη
681 2000 880 2084 Ἀδράστεια,
900 2011 994 2088 φημί,
1013 2003 1107 2082 ζάοις
1124 2019 1176 2075 295

102 2099 220 2184 μόνον.
342 2155 352 2176 ,

187 2204 217 2266 4.
237 2207 333 2267 ΚΟΡ.
358 2204 442 2268 Εἰπέ
453 2227 525 2285 μοι,
551 2194 710 2284 ύμήτερ,
735 2203 769 2265 ολ
781 2200 1003 2284 μισθούμενοι
1021 2226 1108 2266 παν-

102 2325 156 2376 τες
177 2307 324 2367 τοιούτοί
343 2306 425 2368 εἰσιν
446 2295 513 2378 οἷος
535 2299 552 2367 ὁ
571 2297 751 2381 Εὔκριτος,
773 2297 852 2383 μεθ’
874 2290 916 2364 ού
936 2298 1015 2383 χθές
1031 2299 1109 2366 έκά-

103 2402 248 2477 θευδον;

190 2504 318 2565 ΚΡΩΒ.
344 2494 396 2564 Ού
413 2498 549 2581 πάντες,
566 2495 638 2565 ἄλλ’
659 2503 742 2563 ἔνιοι
757 2499 818 2580 μὲν
832 2492 1006 2580 ἀμείνους,
1028 2501 1062 2564 οῖ
1074 2500 1109 2564 δέ

104 2620 159 2661 και
179 2592 242 2680 ήδη
257 2592 455 2679 άνδριόδεις,
478 2601 511 2662 σι’
530 2597 634 2664 δὲκαὶ
652 2594 693 2662 ού
713 2594 804 2662 πάνυ
825 2601 957 2679 μορφῆς
976 2594 1110 2678 εὐφυῶς

106 2700 242 2778 ἔχοντες.

190 2801 286 2861 ΚΟΡ.
311 2796 376 2861 Καὶ
393 2792 556 2870 τοιούτοις
569 2792 818 2879 συγκαθεύδειν
833 2793 958 2877 δεήσεις

191 2900 317 2960 ΚΡΩΒ.
349 2893 520 2977 Μάλιστα,
547 2887 756 2978 ύθύγατερ·
785 2882 878 2957 οὗτοι
901 2893 961 2973 μέν
984 2915 1034 2956 τοι
1057 2893 1111 2958 καλ

105 2999 243 3060 πλείονα
260 2995 426 3060 διδόασιν·
451 2998 484 3060 οἱ
498 2996 592 3060 καλοὶ
607 2991 642 3058 δέ
658 2987 738 3057 αύτδ
754 2987 861 3073 μόνον
877 2990 971 3055 καλοὶ
986 2991 1109 3056 θέλου-

105 3114 162 3158 σιν
178 3090 270 3158 εἷναι.
300 3093 353 3158 καλ
369 3092 420 3158 σολ
438 3092 473 3157 δέ
490 3093 612 3176 μελέτω
628 3088 678 3156 άεὶ
694 3095 755 3154 τού
770 3094 938 3169 πλείονος,
959 3095 988 3154 εἰ
1000 3091 1111 3167 θέλεις

105 3195 143 3259 έν
159 3198 274 3277 βραχεῖ
283 3196 392 3275 λέγειν
403 3189 531 3266 ἁπάσας
544 3190 733 3269 ἐνδειξάσας
744 3208 781 3254 σε
795 3195 839 3272 τῷ
854 3190 1022 3278 δακτύλῳ,
1039 3188 1111 3275 Οὐχ

106 3289 187 3378 ὁρᾷς
211 3289 271 3374 τήν
297 3288 471 3371 Κόρινναν
495 3287 556 3374 τήν
581 3299 637 3374 της
663 3285 847 3372 Κρωβύλης
871 3289 1041 3371 θυγατέρα
1069 3286 1112 3366 ως

106 3387 332 3472 ὑπερπλουτεῖ
344 3391 398 3454 καὶ
409 3391 666 3472 τρισευδαίμονα
678 3393 834 3470 πεποίηκε
846 3381 906 3469 τήν
922 3390 1061 3472 μητέρας
1081 3393 1114 3453 τί

107 3488 190 3570 φήςς
212 3485 361 3573 ποιήσεις
376 3493 495 3568 ταύτας
518 3489 683 3573 ποιήσεις,
702 3483 774 3552 οἶδα
792 3482 872 3566 ἐγώ,
891 3488 944 3551 καὶ
963 3489 1111 3566 προέξεις
1151 3553 1158 3562 ,
