2625 4092
227 258 286 341 118
585 264 876 324 Λονπιιαον

224 434 312 505 ραίς,
329 426 437 507 ἐγνων
451 422 544 506 ίερόυ
555 449 630 489 τινα
643 421 828 507 ἀνθρωπον
839 422 936 508 ὄντα,
952 428 1006 493 καὶ
1016 424 1099 493 κατά
1110 424 1227 512 μικρὸν

225 519 538 604 φιλοφρονούμενος
552 526 678 611 ἐλαθον
691 525 818 606 ἑταῖρος
828 520 919 613 αὐτῷ
936 525 991 590 καλ
1006 525 1160 610 συνήθης
1173 550 1228 609 γε·

225 619 381 703 υόμενος,
408 615 491 684 όίστε
511 620 647 697 πάντων
664 621 837 688 ἐκοινώνει
857 646 914 705 μοι
931 628 998 687 τῶν
1015 619 1226 705 ἀπορρήτων·

224 719 279 784 καὶ
293 720 385 794 τέλος
396 722 506 783 πείθει
522 743 562 803 με
573 714 652 796 τούς
663 718 725 804 μέν
737 723 863 796 οίκέτας
874 717 1023 798 ἅπαντας
1034 723 1071 788 ἐν
1083 728 1123 807 τῇ
1133 726 1225 807 Μέμ-

225 818 298 899 φιδι
321 822 529 897 καταλιπεῖν,
553 812 658 882 αὐτόν
680 815 716 883 δὲ
737 816 844 901 μόνον
860 814 1063 885 ἀκολουθεῖν
1078 817 1150 903 μετ’
1168 817 1228 885 αὐ-

224 919 302 998 τοῦ,
325 910 369 998 μὴ
385 911 449 997 γὰρ
472 910 654 999 ἀπορήσειν
673 911 757 1000 ἡμᾶς
772 921 840 980 τῶν
854 918 1154 1001 διακονησομένων.
1176 919 1228 982 καὶ

224 1007 261 1076 τό
274 1008 356 1095 μετά
369 1017 467 1077 τοῦτο
480 1009 568 1077 οὕτω
581 1012 749 1097 διήγομεν.
776 1018 827 1083 35.
845 1009 957 1096 ἐπειδὴ
970 1014 1006 1080 δὲ
1017 1018 1174 1099 ἔλθοιμεν
1186 1022 1229 1090 είς

224 1137 256 1178 τι
271 1110 496 1197 καταγοόγιον,
512 1110 625 1196 λαβών
640 1104 683 1177 ἀν
698 1108 716 1177 ὁ
735 1107 820 1195 ἀνήρ
836 1106 897 1177 τόν
911 1109 1035 1195 μοχλὸν
1052 1119 1109 1198 τῆς
1122 1111 1228 1197 θύρας

223 1203 245 1295 ἢ
260 1206 296 1277 τό
310 1210 485 1295 κόρηθρον
496 1204 517 1293 ή
529 1211 582 1275 καὶ
594 1206 630 1275 τό
646 1207 775 1294 ὕπερον
785 1205 977 1296 περιβαλών
990 1212 1130 1295 ἱματίοις
1143 1214 1230 1279 ἐπει-

224 1307 299 1375 πάυ
313 1334 389 1376 τινα
401 1305 533 1397 ἐπῳδήν
549 1310 651 1375 ἐποίει
666 1312 811 1393 βαδίζειν
826 1321 893 1385 τοῖς
909 1304 1020 1385 ἀλλοις
1032 1306 1158 1374 ἅπασιν
1169 1306 1230 1375 ἀυ-

225 1414 368 1488 θραπον
378 1403 461 1473 εἶναι
474 1410 654 1471 δοκοῦντα·
671 1403 708 1471 τό
719 1396 914 1472 δέἀπελθόν
924 1402 1016 1491 ὕδωρ
1027 1430 1062 1471 τε
1074 1403 1230 1489 ἀπήυτλει

225 1505 279 1570 καὶ
293 1500 425 1582 ὠψώνει
443 1504 497 1571 καὶ
517 1505 671 1583 έσκεόαζε
690 1505 745 1571 καὶ
765 1505 797 1581 ἐς
817 1502 926 1569 πάντα
946 1505 1060 1582 δεξιῶς
1075 1499 1231 1588 ὑπηρέτει

225 1604 279 1667 καὶ
294 1604 479 1686 διηκονεῖτο
493 1598 590 1688 ἡμῖν·
614 1599 682 1668 εἶτα
697 1602 732 1669 δέ
746 1599 857 1687 ἐπειδὴ
873 1600 946 1679 ἀλις
961 1606 1029 1685 ἔχοι
1044 1606 1100 1686 τῆς
1116 1604 1228 1666 διακο-

224 1705 315 1782 νίας,
332 1691 434 1778 αάθις
451 1699 626 1785 κόρηθρον
639 1697 675 1767 τὸ
693 1701 868 1785 κόρηθρον
878 1696 899 1787 ἢ
910 1698 1037 1782 ὕπερον
1050 1699 1087 1766 τό
1105 1698 1232 1781 ὕπερον

225 1795 331 1882 ἀλλην
341 1795 473 1885 ἐπῳδήν
482 1798 627 1865 ἐπειπών
637 1803 740 1867 ἐποίει
752 1800 803 1866 ἀν.
816 1805 914 1865 τοῦτο
927 1796 991 1883 ἐγοδ
1004 1799 1096 1865 πάνυ
1108 1799 1231 1865 ε’σπου-

225 1893 332 1973 δακώς
347 1893 409 1967 οὐκ
423 1894 511 1981 εἶχον
523 1894 613 1977 ὅπως
623 1898 803 1982 ἐκμάθοιμι
815 1893 894 1979 παρ’
910 1894 1030 1962 αὐτοῦ·
1055 1896 1232 1983 ἐβάσκαινε

175 2009 209 2064 62
226 1991 290 2077 γὰρ
307 1990 428 2063 αὐτοῦ.
450 2001 556 2061 καίτοι
571 1992 654 2078 πρὸς
668 1993 706 2063 τά
724 1994 808 2062 ἀλλα
823 1995 1076 2079 προχειρότατος
1092 1991 1150 2060 τόν.
1174 2000 1232 2082 μιᾷ

225 2092 264 2156 δέ
277 2114 356 2156 ποτε
372 2088 479 2179 ἡμέρᾳ
494 2088 612 2158 λαθὼν
627 2090 797 2176 ἐπήκουσα
811 2096 868 2175 τῆς
881 2092 1025 2180 ἐπῳδῆς,
1047 2082 1091 2175 ἦν
1111 2090 1148 2157 δὲ
1162 2114 1233 2173 τρι-

224 2188 406 2273 σύλλαβος,
422 2187 540 2273 σχεδόν
552 2193 589 2256 ἐν
604 2194 763 2279 σκοτεινῷ
778 2186 931 2267 ὑποστάς.
955 2192 1009 2255 καί
1024 2185 1042 2254 ὁ
1057 2189 1120 2273 μὲν
1131 2186 1231 2276 ᾤχετο

224 2288 254 2361 ἐς
276 2282 338 2371 τήν
362 2282 492 2369 ἀγοράν
515 2289 744 2375 ἐντειλάμενος
764 2294 810 2376 τῷ
835 2284 947 2376 ὑπέρῳ
971 2283 993 2351 ἀ
1017 2290 1083 2353 ἔδει
1111 2299 1230 2353 ποιεῖν.

223 2388 273 2451 36.
292 2379 356 2468 ἐγώ
371 2384 407 2451 δὲ
424 2386 456 2463 ές
473 2382 535 2470 τήν
549 2384 728 2468 ὑστεραίαν
743 2387 873 2452 ἐκείνου
884 2411 915 2450 τι
926 2380 1009 2449 κατὰ
1024 2381 1086 2469 τήν
1102 2379 1233 2468 ἀγοράν

222 2483 542 2567 πραγματευομένου
560 2480 721 2567 λαβόντδ
740 2481 866 2565 ὕπερον
877 2488 1092 2568 σχηματίσας,
1108 2478 1233 2565 ὁμοίως

223 2576 366 2643 ε’πειπόυ
378 2575 436 2657 τάς
446 2578 630 2665 συλλαβάς,
647 2581 802 2646 ἐκέλευον
813 2576 1024 2662 ὑδροφορεῖν.
1044 2580 1113 2646 ἐπεὶ
1124 2580 1161 2646 δὲ
1173 2576 1233 2663 ἐμέ

223 2676 434 2762 πλησάμενος
447 2675 507 2744 τδν
522 2674 675 2761 ἀμφορέα
691 2678 840 2763 ἐκόμισε,
862 2682 1038 2758 Πέπαυσο,
1056 2682 1161 2762 ἔφην.
1178 2676 1232 2743 καὶ

223 2777 337 2860 μηκέτι
352 2771 552 2860 ὑδροφόρει,
570 2770 643 2841 ἀλλ’
658 2783 731 2841 ίσθι
746 2766 847 2853 αὖθις
859 2774 1000 2863 ὕπερον·
1023 2773 1059 2842 τὸ
1072 2778 1108 2841 δὲ
1120 2773 1233 2843 οὐκέτι

223 2897 279 2954 μοι
297 2878 476 2938 πείθεσθαι
487 2870 626 2957 ἤθελεν,
643 2869 717 2939 ἀλλ’
732 2871 917 2958 ὑδροφόρει
931 2872 998 2957 ἀεί,
1013 2872 1089 2959 ἀχρι
1104 2870 1145 2959 δὴ
1159 2877 1232 2941 ἐνέ-

223 2975 348 3051 πλησεν
363 2965 442 3053 ἡμῖν
458 2968 579 3045 ὕδατος
595 2968 659 3054 τὴν
671 2975 780 3038 οίκίαυ
792 2974 987 3046 ἐπαντλοῦν.
1010 2971 1075 3057 ἐγώ
1090 2974 1126 3039 δέ
1143 2970 1233 3058 ἀμη-

222 3070 334 3147 χανῶν
354 3071 400 3153 τῷ
423 3066 651 3151 πράγματι-
674 3072 812 3136 ἐδεδίειν
832 3068 897 3154 γάρ
923 3068 967 3155 μὴ
993 3068 1010 3137 ὁ
1030 3072 1234 3156 Παγκράτης

222 3159 420 3229 έπανελθάν
434 3160 663 3253 ἀγανακτήσῃ,
681 3164 762 3247 ὅπερ
777 3171 830 3234 καὶ
843 3169 972 3253 ἐγένετο
984 3207 1021 3217 -
1036 3165 1155 3254 ἀξίνην
1170 3177 1231 3235 λα-

221 3256 293 3344 βοδυ
311 3260 478 3327 διακόπτω
490 3260 526 3328 τό
544 3262 671 3343 ὕπερον
687 3270 733 3343 είς
749 3265 811 3331 δυό
826 3270 926 3350 μέρη·
950 3261 989 3330 τά
1002 3266 1054 3348 δέ,
1068 3265 1233 3350 ἑκάτερον

221 3384 257 3424 το
274 3384 388 3445 μέρος,
412 3357 581 3446 ἀμφορέας
601 3363 748 3447 λαβόντα
770 3360 955 3448 ὑδροφόρει
976 3365 1031 3431 καί
1050 3362 1132 3431 ἀνθ’
1155 3364 1234 3442 ένδς

221 3455 282 3521 δύο
300 3482 356 3542 μοι
371 3460 526 3543 ἐγίνοντο
541 3456 736 3543 ὑδροφόρον.
759 3466 795 3528 ἐν
810 3462 918 3549 τούτῳ
933 3464 984 3529 καί
997 3458 1014 3527 ὁ
1028 3463 1233 3550 Παγκράτης
