2625 4092
228 270 287 332 158
580 273 884 332 AOYKIANOY
929 281 930 284 ’

225 442 394 500 ποιεῖσθαι
414 433 473 510 τὰς
493 443 632 517 κρίσεις,
658 434 797 518 ποιητήν
824 459 880 516 μοι
903 432 1043 500 δοκῶ
1010 461 1070 500 τον
1092 432 1229 517 ἀριστον
1295 447 1296 452 ’

159 543 206 601 137
226 530 361 627 ἐπάγειν
381 537 429 597 τῶ
444 531 532 622 λόγφ
549 523 588 597 εὖ
608 531 696 616 μάλα
717 532 792 613 περὶ
812 531 940 598 τούτων
955 529 1228 617 ἀποφηνάμενον.

225 621 352 720 μάλλον
368 629 403 695 δὲ
420 628 704 714 νομοθετήσαντα.
729 631 810 747 φησὶ
826 632 873 713 δέ,

257 725 366 811 μήτε
382 728 479 809 δίκην
494 726 647 812 δικάσης,
664 724 780 808 πρὶν”
758 751 859 810 αμφω
873 732 986 810 μῦθον
1002 724 1159 815 ἀκούσης.
1295 797 1296 802 ,

223 819 379 906 ἠπίστατο
396 821 528 906 γάρ,
495 848 599 908 οιμαι,
614 815 727 890 καὶ
685 849 782 900 ουτος
799 822 842 901 ῶς
858 831 992 892 πολλῶν
1006 823 1117 891 όντων
1133 828 1170 892 ἐν
1184 832 1227 912 τῷ
1295 883 1296 886 ,

223 926 285 1008 βίφ
299 918 512 1006 ἀδικημάτων
531 920 631 988 οῦδὲν
646 919 689 988 ἀν
710 949 759 1001 τις
773 920 866 1005 εύροι
883 937 993 1008 χεῖρον
1010 921 1087 991 οὐδὲ
1103 922 1227 991 ἀδικῶ-

223 1043 321 1102 τερον
341 1013 535 1104 ἢάκρίτους
555 1019 648 1097 τινάς
671 1021 724 1086 καὶ
742 1018 900 1104 ἀμοίρους
922 1021 1033 1107 λόγων
1053 1025 1227 1089 καταδεδι-

223 1117 365 1184 κάσθαι·
395 1113 477 1201 ὅπερ
499 1120 531 1196 ἐξ
547 1115 692 1195 ἅπαντος
708 1113 725 1183 ό
741 1118 930 1202 διαβάλλων
945 1121 1101 1205 ἐπιχειρεῖ
1120 1134 1227 1186 ποιεῖν
1296 1140 1297 1147 ’

223 1214 360 1295 ἀκριτον
379 1213 520 1300 ὑπάγων
538 1215 597 1282 τόν
619 1217 882 1303 διαβαλλόμενον
904 1224 943 1306 τῇ
963 1225 1024 1284 τοῦ
1043 1215 1226 1294 ἀκούοντος

223 1312 305 1400 ὀργῇ
329 1314 383 1379 καί
408 1311 468 1397 την
494 1311 677 1398 ἀπολογίαν
704 1322 750 1403 τῷ
774 1322 924 1406 λαθραίφ
947 1323 1003 1402 τῆς
1029 1323 1227 1402 κατηγορίας

222 1413 497 1497 παραιρούμενος.
535 1419 564 1478 9.
588 1415 641 1480 καί
668 1411 732 1499 γάρ
753 1412 1018 1499 ἀπαρρησίαστος
1042 1416 1095 1481 καὶ
1118 1411 1226 1489 δειλός

157 1524 206 1578 138
224 1510 311 1587 άπας
331 1509 348 1576 ὁ
368 1518 518 1588 τοιοῦτος
540 1511 721 1594 ἀνθρωπος
741 1510 841 1578 οὐδέν
863 1517 894 1590 ές
918 1511 1107 1598 τούμφανὲς
1123 1510 1224 1598 ἀγων.
1295 1537 1296 1544 “

225 1607 297 1677 ἀλλ’
315 1607 425 1691 ῶσπερ
441 1613 475 1676 ολ
493 1617 652 1694 λοχῶντες
667 1613 699 1689 ἐξ
715 1607 867 1694 ἀφανοῦς
882 1623 990 1701 ποθεν
1001 1613 1163 1691 τοξεύων,
1185 1608 1226 1687 ῶς

224 1709 305 1792 μηδὲ
320 1704 557 1786 ἀντιτάξασθαι
572 1706 719 1775 δυνατόν
734 1706 817 1775 εἶναι
829 1709 910 1794 μηδὲ
922 1707 1225 1794 ἀνταγωνίσασθαι,
1295 1709 1296 1712 ’

223 1803 296 1872 ἀλλ’
314 1806 349 1870 ἐν
369 1802 490 1893 ἀπορίη
507 1807 561 1872 καὶ
583 1802 702 1894 ἀγνοίᾳ
717 1813 777 1872 τοῦ
792 1809 938 1892 πολέμου
954 1812 1224 1892 διαφθείρεσθαι,

223 1902 242 1969 ό
263 1903 418 1988 μέγιστόν
435 1904 502 1968 εὀτι
523 1918 660 1988 σημεῖον
677 1911 737 1969 τοῦ
752 1906 856 1989 μηδὲν
876 1903 966 1990 ὑγιὲς
986 1905 1064 1982 τούς
1086 1905 1225 1990 διαβάλ-

223 2009 341 2076 λοντας
353 2002 469 2083 λέγειν.
494 2004 562 2068 ἐπεὶ
579 2010 612 2068 εί
618 2008 665 2078 τίς
675 2026 713 2086 γε
723 1999 852 2088 τάληθῆ
862 2009 1102 2087 κατηγοροῦντι
1119 2005 1224 2091 ἑαυτῷ

222 2104 472 2182 συνεπίσταται,
490 2091 603 2181 οὗτος,
626 2099 732 2183 οἶμαι,
756 2102 809 2167 καὶ
825 2106 870 2178 είς
884 2099 921 2167 τό
938 2099 1087 2186 φανερόν
1103 2102 1226 2187 ἐλέγχει

222 2197 276 2262 καὶ
285 2194 458 2263 διευθύνει
467 2199 521 2264 καί
530 2195 782 2288 ἀντεξετάζειτῷ
792 2197 888 2286 λόγῳ,
898 2196 1008 2281 ῶσπερ
1018 2196 1224 2275 ούδεὶςάνέκ

221 2301 281 2362 τοῦ
296 2304 491 2379 προφανοῦς
507 2304 604 2364 νικᾶν
620 2299 807 2380 δυνάμενος
823 2298 939 2385 ἐνέδρα
955 2296 1033 2365 ποτὲ
1050 2297 1104 2366 καὶ
1115 2294 1224 2383 ἀπάτη

221 2395 374 2480 χρήσαιτο
395 2393 478 2462 κατά
500 2404 566 2462 τῶν
589 2404 763 2481 πολεμίων.
805 2401 852 2462 10.
877 2399 942 2462 ίδοι
960 2393 991 2461 δ’
1014 2393 1057 2462 ἀν
1074 2422 1123 2474 τις
1146 2394 1224 2474 τούς
1295 2477 1296 2480 ¹

221 2493 394 2569 τοιούτους
414 2495 553 2578 μάλιστα
575 2501 611 2562 ἔν
632 2522 666 2561 τε
686 2496 851 2580 βασιλέων
871 2489 987 2572 αύλαίς
1002 2497 1056 2562 καὶ
1074 2497 1148 2579 περὶ
1169 2495 1225 2574 τός

157 2603 204 2659 139
222 2599 289 2658 τῶν
299 2590 470 2678 ἀρχόντων
479 2595 533 2660 καὶ
545 2593 821 2660 δυναστευόντων
832 2600 942 2677 φιλίας
955 2590 1223 2679 εὐδοκιμοῦντας,

222 2699 306 2759 ἔνθα
318 2690 422 2769 πολύς
433 2693 494 2776 μὲν
506 2689 523 2757 ό
536 2693 683 2775 φθόνος,
700 2699 814 2776 μυρίαι
828 2691 863 2758 δέ
878 2690 1052 2776 ὑπόνοιαι,
1068 2693 1223 2776 πάμπολ-

222 2801 275 2858 λαι
288 2791 323 2858 δὲ
335 2799 517 2858 κολακειῶν
531 2792 586 2858 καὶ
601 2797 766 2877 διαβολῶν
782 2791 974 2869 ὑποθέσεις·
998 2787 1086 2856 ὅπου
1097 2789 1161 2876 γάρ
1175 2789 1223 2858 ἀεὶ

221 2897 350 2976 μείζους
361 2893 504 2974 ἐλπίδες,
520 2893 668 2957 ἐνταῦθα
683 2893 782 2958 καλοί
796 2890 922 2974 φθόνοι
937 2891 1158 2975 χαλεπώτεροι
1171 2894 1223 2957 καί

221 2985 260 3056 τά
275 2996 353 3074 μίση
368 2991 628 3073 ἐπισφαλέστερα
642 2992 696 3055 καὶ
714 2993 749 3056 αί
768 2995 955 3073 ζηλοτυπίαι
973 2995 1224 3074 κακοτεχνέστε-

222 3114 286 3170 ραι.
309 3088 430 3164 πάντες
448 3079 511 3153 οὖν
532 3086 695 3172 ἀλλήλους
711 3085 769 3168 ὀξύ
791 3088 967 3169 δεδόρκασι
988 3087 1085 3154 καὶ
1065 3087 1176 3210 ῶσπερ
1192 3091 1225 3155 οί

220 3192 487 3271 μονομαχοῦντες
508 3188 720 3272 ἐπιτηροῦσιν
736 3197 768 3254 εί
782 3187 848 3253 πού
869 3213 899 3252 τι
920 3185 1102 3271 γυμνωθὲν
1125 3189 1222 3271 μέρος

220 3285 402 3351 θεάσαιντο
413 3292 474 3350 τοῦ
487 3286 652 3370 σωματος
676 3287 729 3352 καὶ
740 3293 867 3367 πρῶτος
880 3281 979 3362 αὐτὸς
993 3286 1130 3363 ἕκαστος
1141 3285 1223 3352 εἶναι

220 3384 424 3473 βουλόμενος
437 3394 640 3465 παρωθεῖται
652 3411 706 3450 και
697 3379 1044 3470 παραγκωνίζεται
1012 3409 1071 3448 τον
1082 3391 1223 3468 πλησίον

220 3484 274 3550 καὶ
289 3479 348 3549 τόν
361 3478 424 3559 πρό
440 3479 560 3561 αὑτοῦ,
578 3489 608 3551 εί
620 3483 772 3558 δύναιτο,
788 3488 921 3560 ῦποσπα
937 3501 990 3548 και
1006 3490 1219 3562 ὑποσκελίζει.
