2625 4092
8 885 10 1012 i

488 308 729 362 PRAEFATIO.
1098 322 1156 360 xvn

62 447 142 499 detur
164 456 189 496 ει
207 447 263 496 sine
288 447 365 498 dubio
383 462 431 514 pro
451 463 490 513 μη
510 455 613 498 auctore
632 445 731 514 Guyeto
749 437 808 512 μὴν
830 445 1019 502 scribendum..
1039 464 1063 497 ο.
1081 444 1157 516 9195

61 507 118 578 μὲν
135 525 273 582 praeeunte
289 515 365 570 Dind.
381 533 432 571 ree.
452 533 499 582 pro
517 506 553 566 τά
567 509 620 581 μὲν
645 516 707 567 ibid.
720 504 816 581 Ἴονῆ
833 517 884 564 iam
900 530 958 565 cum
975 517 1034 569 eod.
1046 533 1098 571 rec.
1110 532 1155 584 pm

64 577 194 651 Ιωνιινὴν
229 585 291 636 ibid.
308 582 421 653 πενίας]
440 583 543 636 πενίαν
561 587 597 639 id.
632 584 694 636 did.
714 601 773 636 cum
790 586 847 636 eod.
864 573 901 633 άν
919 594 979 649 pust
997 577 1107 653 βέλτιον
1125 587 1158 638 δι

63 671 123 706 mea
141 655 209 705 euni.
230 655 327 708 addidi.
355 671 377 710 ο.
395 657 427 706 10
443 646 575 719 άφθονία
594 645 646 719 μὲν
665 641 731 721 οὖν]
750 640 803 705 οόν
818 669 877 704 cum
893 654 950 704 eud.
967 654 999 703 de
1015 671 1072 705 mea
1089 659 1156 707 uoui.

62 725 166 778 addidi.
202 723 264 776 idid.
283 721 324 794 τῷ
342 717 471 794 θυλάκῳ]
498 721 550 774 τοῦ
566 715 698 773 θυλάκου
719 725 754 774 id.
772 732 875 774 auctore
893 723 1046 774 Fritzschio.
1083 725 1157 776 212

61 785 96 843 δέ
115 785 145 862 ὁ]
165 782 195 842 δ’
220 783 236 844 ὁ
255 794 290 844 id.
327 793 387 848 ibid.
407 787 438 844 δέ
458 781 556 860 οόσης]
579 783 609 842 δ’
630 783 719 859 οὔσης
737 795 774 844 id.
815 793 877 846 ibid.
893 784 1031 856 κωμάζειν
1055 803 1158 844 auctoru

61 863 165 914 Halmio
182 877 228 928 pro
246 859 338 928 κομᾶν
374 880 397 917 ο.
414 863 446 914 13
463 852 606 913 κάνταῦθ’
622 854 677 928 άν,
701 851 726 912 ω’
742 860 779 930 d„
797 861 969 926 φιλοσοφεῖς
982 864 1040 914 εοδ.
1054 871 1159 914 auctore

81 949 112 984 ro
138 923 302 995 κάνταῦθα,
326 917 350 981 d
368 931 410 1000 β.,
438 932 607 997 φιλοσοφεῖς
650 950 672 985 ο.
691 933 724 984 17
743 927 814 997 ἔχεις
837 941 939 982 auctore
960 932 1018 982 eod.
1039 948 1090 983 reo.
1105 947 1157 998 ,μιο

61 949 143 1068 ἐχοις
170 1002 230 1054 ibid.
247 997 296 1050 καὶ
315 1010 372 1052 aute
388 999 466 1052 doum
484 1019 542 1052 uum
558 1002 633 1056 Diud.
656 1004 758 1065 addidi,
778 1002 991 1065 quemadmodum
1009 1004 1059 1052 ium
1077 1002 1159 1052 voluit

8 1071 9 1082 ¹
63 1072 240 1124 Lehmannus.
277 1087 299 1123 ο.
320 1063 400 1123 18τὸ
419 1081 476 1122 unte
492 1062 557 1122 κατ’
577 1062 624 1137 ἐμδ
642 1073 674 1122 de
693 1072 798 1123 Gesneri
819 1074 886 1124 coui.
906 1086 963 1120 cum
981 1072 1039 1125 eod.
1058 1071 1157 1125 addidi.

8 1787 12 2056 Ι

8 2059 9 2084 ι
68 2045 161 2108 scripsi
179 2058 225 2109 pro
244 2032 277 2092 τό
293 2036 346 2109 μὲν
362 2042 481 2108 ποίησιν
498 2035 603 2109 καινὴν
621 2044 716 2094 ποιεῖν
732 2038 884 2122 κωμῳδίας

61 1142 127 1194 ibid.
146 1138 357 1208 Συρακουσίας]
377 1138 559 1207 Συρακοσίας
576 1142 611 1190 id.
649 1157 672 1196 ο.
691 1141 723 1193 19
743 1129 844 1260 οὕτως]
861 1127 935 1190 οὕτω
954 1141 989 1194 id.
1025 1141 1087 1192 idid.
1107 1131 1158 1190 άν·

64 1207 146 1274 δραῖν
164 1225 222 1260 uum
241 1211 298 1260 eod.
315 1211 413 1264 addidi.
447 1211 509 1263 idid.
524 1202 707 1278 Ἡρακλέους]
721 1203 824 1276 Ἡρακλ
840 1223 872 1268 ος
886 1210 979 1275 Bergk.
1014 1210 1073 1263 ibid.
1091 1201 1157 1260 τάν-

63 1272 136 1344 δρός
152 1295 210 1329 uum
221 1279 298 1334 Diud.
313 1282 431 1331 revocavi
445 1296 492 1346 pro
509 1270 616 1344 ἀνδρὸς
652 1298 673 1331 ο.
687 1281 719 1331 ’21
736 1269 757 1346 ἦ
773 1271 865 1340 τόξων
883 1281 975 1330 desum
997 1280 1067 1345 apud
1079 1281 1156 1333 eund.

64 1350 129 1404 idid.
147 1339 196 1413 ἐφ’
213 1339 330 1408 «άπάσας
348 1365 406 1400 cum
425 1351 483 1400 eud.
502 1367 554 1400 reu.
572 1365 619 1415 pm
638 1339 752 1413 ἐφάπαξ
787 1367 810 1404 ο.
828 1349 862 1399 23
877 1339 1059 1416 Ἀκαδημίαν]
1082 1340 1158 1399 ’Am

64 1411 189 1486 δήμειαν
204 1419 240 1470 id.
273 1435 298 1469 ο.
311 1421 347 1471 24
359 1409 492 1484 ὀφθῆναι
508 1410 716 1482 ἀλινδούμενον
729 1430 867 1485 praeeunte
885 1418 943 1470 eod.
958 1433 1005 1502 ρεο
1024 1408 1155 1485 ὀφθῆναι

66 1480 293 1552 καλινδούμενον
329 1505 351 1540 ο.
370 1488 404 1540 26
422 1480 454 1538 δὲ
474 1478 557 1554 άλλα]
577 1479 606 1538 δ’
625 1481 696 1538 ἄλλα
713 1490 748 1539 id.
789 1486 851 1542 ibid.
867 1481 917 1535 καὶ
934 1501 970 1536 τα
987 1479 1086 1555 λοιπά]
1108 1483 1157 1537 καλ

67 1549 181 1624 λέγετὰ
199 1549 338 1608 λοιπάὶδ,
359 1559 390 1609 de
410 1574 466 1610 εοο.
503 1575 526 1613 α.
545 1561 578 1608 27
597 1555 655 1607 των
673 1567 731 1609 autu
750 1548 899 1620 ὀνομάτων
917 1556 1042 1608 suadente
1057 1557 1157 1607 Halmio

66 1629 176 1679 inserui.
212 1627 273 1679 ι’δῖδ.
293 1624 412 1694 γίνεται]
439 1625 563 1693 γίγνεται
579 1629 655 1678 Dind.
691 1628 751 1680 ibid.
769 1619 808 1692 μὴ
831 1622 890 1675 τῶν
908 1618 1088 1690 προσιόντων
1107 1616 1155 1677 αό-

66 1694 126 1746 ταῖν
141 1688 337 1762 ποιησάντων]
359 1687 398 1762 μὴ
419 1690 598 1762 προσιόντων
614 1693 673 1746 τῶν
696 1691 737 1755 είς
757 1687 846 1746 αότὸν
865 1686 1048 1758 ποιησάντων
1061 1696 1154 1763 Bergk.

68 1765 155 1832 (Poet.
174 1766 236 1832 Lyr.
255 1763 297 1818 Gr.
324 1781 351 1832 p.
369 1766 431 1818 460.
457 1767 499 1822 ed.
520 1766 561 1832 2.)
596 1767 657 1818 ibid.
677 1763 801 1829 παιᾶνα,
824 1755 859 1814 τά
879 1754 1045 1847 Ἰσοδήμου]
1064 1766 1100 1814 itu
1125 1766 1158 1816 de

66 1835 173 1901 Bergkii
197 1835 262 1888 mni.
282 1850 328 1901 pro
345 1825 471 1906 ᾄσματα,
496 1826 532 1886 τά
548 1827 740 1900 Ἅλισοδήμου.
759 1836 849 1886 vind:
877 1824 1003 1904 ᾄσματα,
1030 1825 1158 1885 οπαιάν

65 1894 249 1970 Ἀλισοδήμου
283 1905 345 1956 ibid.
364 1897 397 1954 τό
455 1919 472 1954 ν
489 1902 607 1971 ποίησιν
625 1895 731 1971 καινὴν
751 1904 846 1954 ποιεῖν
865 1893 1048 1967 ἐκλέλειπται,
1069 1895 1105 1954 τά
1125 1896 1157 1952 δὲ

68 1967 219 2040 προτέροις
243 1967 416 2025 συντεθέντα
457 1975 493 2024 itu
517 1977 549 2027 de
579 1975 693 2026 eiusdem
714 1974 818 2040 Bergkii
846 1974 950 2108 εςτετῗίε
980 1974 1157 2092 ιαιεὲιδειίιέιιε

935 2058 951 2091 τ
970 2057 989 2090 α
1006 2058 1027 2110 ῳ
1048 2058 1094 2100 ιας
1128 2057 1158 2091 κ-

67 2106 225 2163 λέλειπται·
249 2103 285 2162 τά
303 2103 334 2162 δ’
353 2103 458 2179 ἑτέροις
483 2105 665 2162 συντεθέντα.
684 2113 775 2164 vind:
803 2126 836 2161 το
855 2104 907 2176 μὲν
924 2056 1044 2175 πόιηὲδαι
1060 2127 1158 2181 κωμω·

70 2179 135 2238 δίας
153 2170 174 2246 ἢ
189 2177 363 2250 τραγῳδίας,
384 2179 444 2218 ***
461 2178 509 2231 καῖ
528 2175 726 2246 Σοφοκλέους,
744 2171 928 2247 ἐκλέλειπται,
952 2174 989 2230 τά
1005 2171 1034 2230 δ’
1052 2171 1158 2247 ἑτέροις

70 2245 244 2301 συντεθέντα
279 2266 302 2301 ε.
317 2250 351 2304 29
371 2244 438 2302 κατέ
455 2265 497 2301 ειν
514 2243 610 2332 άδόν]
629 2244 756 2316 κατέχειν
772 2236 811 2316 ἤν
829 2240 913 2301 άδόν.
931 2250 1057 2301 Halmius.
1094 2251 1154 2302 did.

70 2321 128 2372 eod.
146 2331 247 2370 auctore
267 2323 387 2372 revocavi
405 2334 441 2372 ου
458 2319 680 2385 θεραπευοντων
696 2337 743 2386 pro
760 2312 829 2370 οόδέ
842 2318 908 2385 θερ.
944 2336 967 2373 ο.
985 2319 1017 2371 31
1037 2311 1154 2386 νλάττη]

70 2381 180 2455 ηλάσοη
196 2390 273 2445 Dind.
311 2406 334 2444 ο.
350 2389 384 2441 32
403 2387 574 2458 συνακτικιῖ]
593 2386 748 2454 συνερτικοῖ
764 2391 815 2450 ἱδ.;
834 2390 915 2439 voluit
930 2391 985 2440 siue
1002 2391 1079 2440 dubio
1092 2401 1158 2438 συν·

71 2456 190 2526 νεανικῷ
226 2475 249 2514 ο.
266 2457 300 2510 33
324 2456 513 2524 γραμματεῦσι
536 2441 585 2509 ιἰαὶ
606 2440 849 2524 τριταγωνισταῖς]
875 2459 911 2508 ita
929 2460 1022 2576 scripsi
1040 2459 1072 2508 de
1097 2473 1158 2508 con-

72 2531 169 2579 iectura
178 2543 225 2592 pro
240 2526 432 2594 γραμματεῦσι
441 2526 608 2594 τριηρίταις.
626 2529 718 2578 Diud.:
736 2524 926 2593 γραμματεῦσι
938 2542 975 2576 κα
999 2523 1157 2592 τριηρίταις

71 2617 94 2650 ι.
114 2596 148 2648 35
162 2590 332 2664 ἅνθρωπός]
349 2588 506 2662 ἄνθρωπός
519 2600 554 2648 id.
587 2615 608 2652 ε.
621 2597 655 2650 36
669 2589 788 2664 χρόνον]
804 2588 854 2648 διά
872 2587 979 2680 χρόνον
994 2598 1029 2647 id.
1046 2607 1072 2645 ει
1088 2595 1156 2645 coni.

72 2668 213 2732 Lexiphau.
234 2681 257 2720 ο.
284 2667 325 2720 19.
357 2685 378 2719 ο.
390 2667 424 2718 38
443 2663 492 2716 καλ
504 2659 557 2733 γάρ
576 2683 633 2718 ουτω
651 2666 708 2717 eud.
725 2682 774 2715 τεο,
791 2683 837 2732 pru
873 2657 963 2731 ηγάρ
992 2682 1013 2716 ο.
1028 2664 1063 2717 39
1077 2657 1158 2714 εἶπεν

71 2727 125 2799 ἄν,
144 2726 269 2803 ἐπρεσβ]
285 2727 381 2800 εἶπεν,
398 2725 435 2786 άν
450 2727 608 2804 ἐπρεσβ.1δ.
634 2752 656 2789 ο.
667 2737 702 2786 40
713 2723 847 2801 οότως]ο
884 2735 952 2784 ωὶδ.
983 2737 1050 2787 c.4·2
1065 2721 1157 2782 ὄντων

71 2801 140 2872 τῶν]
150 2801 208 2854 τάν
219 2820 277 2854 uum
288 2807 344 2856 eod.
357 2807 389 2856 de
399 2821 455 2856 meu
465 2807 532 2859 coni.
543 2806 638 2857 addidi.
667 2804 728 2854 ibid.
739 2794 828 2854 αὑτοῦ
838 2819 894 2853 uum
905 2803 963 2856 eud.
975 2803 1093 2854 revocavi
1110 2817 1157 2867 pru

72 2867 162 2927 αότοῦ
196 2873 256 2924 ibid.
277 2862 376 2942 οὕτως]
397 2860 471 2925 οότω
489 2875 525 2925 id.
560 2875 622 2926 ibid.
634 2859 688 2923 Ἦν
706 2883 765 2922 unte
787 2869 877 2922 ταῦτα
892 2887 951 2922 uum
965 2873 1023 2922 eod.
1043 2872 1157 2922 Ιεοοαιῑο

73 2956 173 2995 auctore
189 2943 286 2998 addidi.
323 2961 344 2994 ο.
354 2945 389 2998 43
406 2941 463 2994 ταῖν
481 2933 627 3062 demuma]
641 2939 699 2992 τάν
709 2932 744 2991 οό
754 2935 906 3007 παρόντων
915 2941 997 2992 Halm.
1026 2943 1094 2992 utici
1109 2930 1159 2991 εὸ-

72 3013 138 3080 τως]
153 3001 229 3064 οότω
241 3014 318 3064 Diud.
341 3013 401 3064 ibid.
419 3023 478 3079 post
495 3009 602 3076 δεδωρο
623 3004 758 3077 οκηκέναι
780 3013 848 3063 idem
863 3011 962 3062 addidit
980 3002 1056 3071 δόξω
1089 3027 1112 3064 ο.
1123 3012 1158 3061 45

72 3071 92 3149 ᾖ
108 3084 164 3134 οοδ.
180 3091 317 3147 praeeunte
328 3098 374 3148 pro
384 3069 419 3149 ᾖς
443 3099 466 3132 ο.
476 3083 511 3135 46
520 3073 714 3161 καταισχύνω]
728 3077 908 3146 καταισχυνεῖ
919 3081 954 3133 id.
985 3097 1007 3135 ο.
1020 3082 1055 3131 47
1066 3077 1159 3144 συγγί-

73 3147 173 3217 νωσκέ]
190 3144 379 3217 συγγίγνωσκέ
394 3153 430 3202 id.
460 3168 484 3202 ο.
501 3152 535 3204 49
549 3142 650 3217 οὐδόν]
664 3141 736 3200 όδον
751 3153 787 3202 id.
820 3167 843 3203 ο.
856 3152 891 3202 50
904 3146 1003 3217 βαβαῖ]
1020 3145 1106 3217 βαβαῖ
1122 3148 1158 3204 id.

141 3223 220 3272 Deor.
240 3223 327 3272 concil.
354 3237 376 3272 ο.
396 3222 410 3272 1
431 3213 540 3287 δεήσει,
565 3221 779 3287 quemadmodum
797 3221 906 3270 oomexit
921 3219 1078 3280 Lehmann„
1101 3234 1159 3267 cum

74 3291 130 3341 eod.
155 3305 207 3340 rec.
227 3303 273 3356 pro
290 3281 377 3357 δεήση
414 3307 437 3344 ο.
456 3293 474 3342 4
491 3281 631 3356 Σειληνόν
649 3305 706 3339 uum
727 3289 785 3339 eod,
807 3305 856 3338 reu.
876 3303 922 3354 pro
941 3279 1067 3365 ,Σιληνόν
1100 3285 1158 3337 ο.9

74 3355 122 3408 καλ
139 3353 170 3408 οῖ
179 3353 265 3408 Γέται
276 3360 336 3409 oiim
349 3359 468 3410 cancellis
484 3361 742 3424 circumscripseram.
767 3375 790 3408 ο.
802 3356 834 3408 12
867 3366 1012 3407 αντευεται
1033 3355 1159 3423 θεσπιῳ-

76 3425 122 3478 δεῖ
131 3427 209 3483 Diud.
243 3429 304 3482 ibid.
323 3419 465 3496 ἐπιορκία]
483 3419 502 3494 ἡ
518 3419 649 3495 ἐπιορκία
663 3427 701 3480 id.
738 3443 760 3477 α,
777 3427 810 3478 13
825 3372 908 3483 είδάς
926 3415 982 3503 ὅτι]
999 3417 1096 3487 εδιός,
1117 3416 1159 3473 οἶ-

76 3513 123 3562 μαι
141 3499 178 3548 id.
214 3513 237 3546 ο.
254 3499 288 3548 14
306 3491 509 3562 πολυηλσόττων
530 3500 585 3548 eod.
605 3508 742 3562 praeeunte
764 3511 813 3562 pru
836 3495 1042 3560 πολυγλωσσων
1078 3511 1101 3545 ο.
1126 3493 1161 3546 ld

76 3557 144 3617 ἀλλά
159 3560 203 3632 ἕν]
217 3556 278 3616 ἀλλ’
295 3561 327 3616 ἐν
340 3568 383 3618 id.
393 3568 455 3619 ibid.
470 3556 490 3633 ἢ
505 3577 563 3618 aute
578 3562 681 3632 μάντιν
694 3580 751 3616 cum
763 3565 820 3615 eod.
834 3565 921 3615 addidi
936 3574 1038 3615 εοοιοτε
1047 3561 1157 3614 Suuvio.

159 3656 265 3694 Lucum.
286 3641 331 3696 111.
933 3641 950 3689 b
