2625 4092
412 305 536 365 ΦΙΛΟ
549 306 762 365 mmm.
1048 303 1090 369 97

75 489 138 531 τον
152 466 283 532 ἐκεῖνον
297 461 357 531 τὸν
373 462 559 550 ἀκρότατον
570 468 608 532 ἐν
618 466 709 554 πάση
720 472 818 557 κακία
832 469 1033 555 λεγόμενον,
1048 466 1091 536 οῦ

74 556 201 647 μικρὸν
216 558 302 629 εἶναι’
310 587 367 646 μοι
382 566 480 629 δοκεῖ.
502 562 608 631 ταῦτά
619 582 674 629 σοι
687 571 859 653 παραινῶ,
875 563 917 653 νή
930 564 992 653 τήν
1002 566 1091 633 πάν·
1106 578 1145 635 ²8

74 666 204 745 δημον,
234 657 321 727 πολύ
346 659 513 744 πρότερον
533 662 665 749 ἐμαυτῷ
687 664 890 746 παραινέσας
914 666 969 733 καί
993 664 1091 750 χάριν
1121 697 1125 704 ·

75 760 212 846 ἐμαυτῷ
227 754 268 824 ού
285 755 409 843 μικράν
425 757 700 843 ἐπισπασάμενος.

164 862 214 924 26.
237 854 332 925 Εἶεν·
354 852 372 923 ὁ
385 855 446 941 μὲν
460 855 624 941 γεννάδας
636 853 742 924 εἰπάν
754 864 859 927 ταῦτα
869 860 1090 927 πεπαύσεται·

73 950 121 1019 σύ
138 952 174 1021 δὲ
189 949 234 1039 ήν
253 960 395 1043 πεισθῇς
408 968 478 1032 τοῖς
499 956 700 1040 εἰρημένοις,
724 959 780 1024 καὶ
797 954 836 1043 δή
853 972 1010 1040 παρεῖναι
1029 958 1092 1026 νύ-

72 1056 147 1138 μιζε
161 1046 255 1135 οἷπερ
271 1054 307 1129 ἐξ
318 1050 420 1139 άρχής
433 1053 567 1130 ἐπόθεις
581 1055 712 1138 ἐλθεῖν,
723 1125 728 1135 „
740 1057 796 1122 καί
809 1052 911 1124 οὐδέν
924 1076 962 1123 σε
979 1056 1091 1123 κωλύ-

72 1170 129 1217 σει
145 1148 310 1235 ἑπόμενον
324 1164 393 1228 τοῖς
406 1150 523 1236 νόμοις
537 1154 574 1217 ἐν
587 1176 623 1217 τε
636 1164 704 1228 τοῖς
719 1156 941 1240 δικαστηρίοις
954 1166 1091 1237 κρατεῖν

72 1249 134 1316 καὶ
150 1249 270 1326 ἐντοῖς
284 1247 451 1335 πλήθεσιν
465 1244 655 1333 εὐδοκιμεῖν
667 1252 721 1316 καὶ
738 1252 924 1345 ἐπέραστονΙ
936 1248 1021 1318 εἶναι
1035 1252 1088 1320 καλ
1106 1240 1109 1256 ι

72 1359 198 1431 γαμεῖν
213 1343 254 1412 οῦ
276 1353 387 1433 γραῦν
401 1372 475 1414 τινα
494 1354 563 1414 τῦν
584 1354 758 1433 κωμικῶν,
778 1346 968 1434 καθάπερὸ
985 1374 1091 1436 νομο-

71 1448 179 1531 θέτης
194 1446 248 1513 καλ
260 1446 475 1531 διδάσκαλος,
493 1442 577 1514 άλλά
592 1452 772 1531 καλλίστην
784 1461 929 1531 γυναῖκα
944 1446 1007 1534 τήν
1017 1446 1090 1534 Ῥη-

71 1543 232 1630 τορικήν,
251 1541 295 1623 ὡς
305 1542 342 1611 τό
355 1551 418 1612 τοῦ
430 1545 610 1621 Πλάτωνος
620 1546 728 1612 έκεῖνο
741 1540 872 1630 πτηνδν
885 1542 975 1630 άρμα
989 1545 1089 1613 ἐλαύ-

74 1666 182 1708 νοντα
197 1641 361 1726 φέρεσθαι
377 1644 429 1709 σοὶ
444 1648 573 1727 μᾶλλον
588 1642 728 1724 πρέπειν
741 1643 817 1725 περὶ
829 1650 974 1709 σεαυτοῦ
985 1647 1089 1710 είπεῖν

73 1738 99 1828 ἢ
118 1743 234 1831 ἐκείνῳ
252 1742 327 1825 περὶ
345 1748 407 1807 τοῦ
422 1741 519 1818 Διός·
542 1736 607 1825 ἐγώ
623 1738 710 1805 δδ-
722 1736 866 1826 άγεννής
875 1738 940 1828 γάρ
955 1742 1010 1809 καὶ
1021 1744 1090 1807 δει-

74 1840 137 1918 λός
156 1845 220 1925 είμι
234 1880 276 1891 -
291 1838 491 1924 ἐκστήσομαι
511 1844 568 1923 τῆς
585 1833 669 1905 ὁδοῦ
690 1834 774 1925 ὑμῖν
789 1840 845 1906 καὶ
862 1836 1033 1924 παύσομαι
1049 1844 1089 1927 τῇ

73 1940 238 2025 ῥητορικῇ
248 1935 470 2019 ἐπιπολάζων,
482 1933 673 2022 ἀσύμβολος
685 1932 734 2003 δν
743 1932 828 2020 πρὸς
839 1933 945 2021 αύτήν
955 1934 996 2003 τά
1007 1934 1090 2023 ύμέ-
1110 1951 1112 1958 “

73 2061 174 2118 τερα·
198 2042 326 2120 μᾶλλον
339 2034 374 2100 δὲ
385 2033 448 2120 ήδη
460 2036 638 2118 πέπαυμαι.
665 2030 886 2102 ύστεάκονιτλ
897 2033 1090 2120 ἀνακηρύτ-

73 2143 179 2202 τεσθε
194 2134 247 2209 καὶ
263 2132 480 2217 θαυμάζεσθε
495 2132 602 2217 μόνον
616 2138 716 2199 τοῦτο
731 2135 952 2219 μεμνημένοι,
978 2130 1029 2200 ὅτι
1043 2130 1087 2218 μή

73 2238 123 2323 τῷ
145 2232 234 2317 τάχει
257 2228 353 2316 ἡμῶν
373 2230 594 2316 κεκρατήκατε
616 2228 778 2316 ιύκύτεροι
801 2232 978 2315 φανέντες,
1003 2227 1088 2298 άλλά

73 2338 122 2433 τῷ
135 2332 262 2421 ῥᾴστην
275 2332 329 2399 καὶ
342 2338 453 2417 πρανῆ
467 2332 655 2412 τραπέσθαι
670 2328 732 2414 τήν
747 2328 839 2397 ὁδόν.

207 2673 595 2743 ΦΙΛΟΨΕΥΔΗΣ
625 2680 659 2737 Η
685 2672 960 2740 ΛΠΙΣΤΩΝ.
1104 2686 1138 2740 29

166 2840 193 2900 l.
220 2840 466 2903 ΤΓΧΙΑΔΗΣ.
480 2833 586 2922 Ἔχεις
602 2860 675 2921 μοι,
693 2826 923 2917 άΦιλύκλεις,
939 2836 1044 2898 εἰπεῖν
1058 2837 1093 2896 τί

75 2957 160 3003 ποτε
176 2930 241 3014 άρα
254 2934 354 3000 τοῦτό
370 2938 460 3003 ἐστιν
475 2932 495 3001 δ
511 2931 590 3011 τούς
605 2929 751 3010 πολλούς
767 2936 813 3009 είς
827 2935 1010 3016 ἐπιθυμίαν
1026 2936 1089 2997 τοῦ

5 3092 7 3094 ,
78 3032 264 3115 ψεύδεσθαι
280 3034 477 3121 προάγεται,
496 3032 539 3115 ὡς
553 3033 677 3113 αύτούς
690 3061 726 3102 τε
737 3041 865 3119 χαίρειν
879 3035 983 3120 μηδὲν
998 3031 1086 3119 ὑγιὲς

76 3135 236 3251 λέγοντας
248 3134 302 3199 καὶ
311 3147 379 3211 τοῖς
389 3130 429 3200 τά
441 3141 578 3201 τοιαῦτα
594 3138 750 3213 διεξιοῦσι
762 3131 902 3217 μάλιστα
915 3135 1088 3216 προσέχειν

76 3258 140 3299 ¹⁰²²
156 3256 415 3398 1ἐέδέήέίὶΚΛΗΣ.
431 3330 562 3411 Πολλά,
582 3320 607 3393 ὦ
623 3326 787 3411 Τυχιάδη,
804 3327 893 3392 ἐστὶν
905 3322 927 3390 ά
937 3321 1016 3401 τούς
1026 3322 1083 3390 άν-

77 3429 240 3515 θράπους
258 3430 368 3507 ἐνίους
382 3426 557 3513 ἀναγκάζει
575 3424 615 3493 τά
632 3428 741 3508 ψευδῆ
754 3428 862 3508 λέγειν
874 3423 907 3500 ἐς
920 3416 957 3488 εδ
972 3421 1085 3507 χρήσι-

77 3554 143 3616 μον
160 3526 417 3615 ἀποβλέποντας.

164 3638 270 3679 Luem«.
291 3622 336 3677 111.
930 3606 948 3663 7
