<?xml version="1.0" encoding="UTF-8"?>
<!DOCTYPE html PUBLIC "-//W3C//DTD XHTML 1.0 Transitional//EN"
    "http://www.w3.org/TR/xhtml1/DTD/xhtml1-transitional.dtd">
<html xmlns="http://www.w3.org/1999/xhtml" xml:lang="en" lang="en">
 <head>
  <title>
</title>
<meta http-equiv="Content-Type" content="text/html;charset=utf-8" />
  <meta name='ocr-system' content='tesseract 3.04.00' />
  <meta name='ocr-capabilities' content='ocr_page ocr_carea ocr_par ocr_line ocrx_word'/>
</head>
<body>
  <div class='ocr_page' id='page_1' title='image "./lucianisamosate04jacogoog/lucianisamosate04jacogoog_0467.png"; bbox 0 0 2625 4092; ppageno 0'>
   <div class='ocr_carea' id='block_1_1' title="bbox 444 310 1066 371">
    <p class='ocr_par' dir='ltr' id='par_1_1' title="bbox 444 310 1066 371">
     <span class='ocr_line' id='line_1_1' title="bbox 444 310 1066 371; baseline -0.002 -1"><span class='ocrx_word' id='word_1_1' title='bbox 444 312 679 371; x_wconf 72' lang='lat' dir='ltr'><em>KYNIKOZ.</em></span> <span class='ocrx_word' id='word_1_2' title='bbox 1004 310 1066 370; x_wconf 81' lang='lat'><strong><em>393</em></strong></span> 
     </span>
    </p>
   </div>
   <div class='ocr_carea' id='block_1_2' title="bbox 54 468 1136 3600">
    <p class='ocr_par' dir='ltr' id='par_1_2' title="bbox 143 468 693 561">
     <span class='ocr_line' id='line_1_2' title="bbox 143 468 693 561; baseline -0.009 -19"><span class='ocrx_word' id='word_1_3' title='bbox 143 480 244 541; x_wconf 72' lang='lat' dir='ltr'><em>KYN.</em></span> <span class='ocrx_word' id='word_1_4' title='bbox 272 477 319 561; x_wconf 76' lang='grc' dir='ltr'><strong><em>Τῇ</em></strong></span> <span class='ocrx_word' id='word_1_5' title='bbox 336 474 372 539; x_wconf 69' lang='grc' dir='ltr'><strong><em>δέ</em></strong></span> <span class='ocrx_word' id='word_1_6' title='bbox 389 468 536 561; x_wconf 75' lang='grc' dir='ltr'><strong><em>εὐτελείᾳ</em></strong></span> <span class='ocrx_word' id='word_1_7' title='bbox 553 470 693 557; x_wconf 73' lang='grc' dir='ltr'><strong><em>ἅρετήνς</em></strong></span> 
     </span>
    </p>

    <p class='ocr_par' dir='ltr' id='par_1_3' title="bbox 143 567 442 655">
     <span class='ocr_line' id='line_1_3' title="bbox 143 567 442 655; baseline -0.01 -15"><span class='ocrx_word' id='word_1_8' title='bbox 143 579 240 640; x_wconf 94' lang='lat' dir='ltr'><em>AYK.</em></span> <span class='ocrx_word' id='word_1_9' title='bbox 265 572 330 639; x_wconf 81' lang='grc' dir='ltr'><strong><em>Καὶ</em></strong></span> <span class='ocrx_word' id='word_1_10' title='bbox 344 567 442 655; x_wconf 79' lang='grc' dir='ltr'><strong><em>μα’λα.</em></strong></span> 
     </span>
    </p>

    <p class='ocr_par' dir='ltr' id='par_1_4' title="bbox 55 658 1067 943">
     <span class='ocr_line' id='line_1_4' title="bbox 143 658 1064 752; baseline -0.005 -14"><span class='ocrx_word' id='word_1_11' title='bbox 143 676 245 737; x_wconf 91' lang='lat' dir='ltr'><em>KYN.</em></span> <span class='ocrx_word' id='word_1_12' title='bbox 272 676 314 736; x_wconf 90' lang='grc' dir='ltr'><strong><em>Τί</em></strong></span> <span class='ocrx_word' id='word_1_13' title='bbox 332 692 410 734; x_wconf 85' lang='grc' dir='ltr'><strong><em>ποτε</em></strong></span> <span class='ocrx_word' id='word_1_14' title='bbox 432 658 495 733; x_wconf 79' lang='grc' dir='ltr'><strong><em>οὖν</em></strong></span> <span class='ocrx_word' id='word_1_15' title='bbox 517 664 607 747; x_wconf 84' lang='grc' dir='ltr'><strong><em>ὁρῶν</em></strong></span> <span class='ocrx_word' id='word_1_16' title='bbox 624 665 681 752; x_wconf 73' lang='grc' dir='ltr'><strong><em>εμὲ</em></strong></span> <span class='ocrx_word' id='word_1_17' title='bbox 698 673 766 733; x_wconf 83' lang='grc' dir='ltr'><strong><em>τῶν</em></strong></span> <span class='ocrx_word' id='word_1_18' title='bbox 785 676 920 735; x_wconf 77' lang='grc' dir='ltr'><strong><em>πολλῶν</em></strong></span> <span class='ocrx_word' id='word_1_19' title='bbox 938 665 1064 735; x_wconf 81' lang='grc' dir='ltr'><strong><em>εὐτελέ-</em></strong></span> 
     </span>
     <span class='ocr_line' id='line_1_5' title="bbox 55 760 1067 851; baseline -0.002 -19"><span class='ocrx_word' id='word_1_20' title='bbox 55 788 175 847; x_wconf 86' lang='grc' dir='ltr'><strong><em>στερον</em></strong></span> <span class='ocrx_word' id='word_1_21' title='bbox 192 766 429 851; x_wconf 77' lang='grc' dir='ltr'><strong><em>διαιτώμενον,</em></strong></span> <span class='ocrx_word' id='word_1_22' title='bbox 446 760 525 841; x_wconf 75' lang='grc' dir='ltr'><strong><em>τοὺς</em></strong></span> <span class='ocrx_word' id='word_1_23' title='bbox 540 766 575 831; x_wconf 78' lang='grc' dir='ltr'><strong><em>δὲ</em></strong></span> <span class='ocrx_word' id='word_1_24' title='bbox 591 765 889 846; x_wconf 80' lang='grc' dir='ltr'><strong><em>πολυτελέστερον,</em></strong></span> <span class='ocrx_word' id='word_1_25' title='bbox 909 766 964 851; x_wconf 74' lang='grc' dir='ltr'><strong><em>ἐμὲ</em></strong></span> <span class='ocrx_word' id='word_1_26' title='bbox 980 770 1067 851; x_wconf 81' lang='grc' dir='ltr'><strong><em>αι’τιᾷ</em></strong></span> 
     </span>
     <span class='ocr_line' id='line_1_6' title="bbox 56 863 374 943; baseline -0.003 -13"><span class='ocrx_word' id='word_1_27' title='bbox 56 870 111 931; x_wconf 79' lang='grc' dir='ltr'><strong><em>καὶ</em></strong></span> <span class='ocrx_word' id='word_1_28' title='bbox 130 863 191 932; x_wconf 81' lang='grc' dir='ltr'><strong><em>οὐκ</em></strong></span> <span class='ocrx_word' id='word_1_29' title='bbox 210 869 374 943; x_wconf 82' lang='grc' dir='ltr'><strong><em>έκείνονς;</em></strong></span> 
     </span>
    </p>

    <p class='ocr_par' dir='ltr' id='par_1_5' title="bbox 55 956 1067 1342">
     <span class='ocr_line' id='line_1_7' title="bbox 142 956 1067 1045; baseline -0.009 -13"><span class='ocrx_word' id='word_1_30' title='bbox 142 968 241 1031; x_wconf 87' lang='lat' dir='ltr'><em>AYK.</em></span> <span class='ocrx_word' id='word_1_31' title='bbox 258 961 328 1029; x_wconf 70' lang='grc' dir='ltr'><strong><em>ΓὈτι</em></strong></span> <span class='ocrx_word' id='word_1_32' title='bbox 342 958 404 1027; x_wconf 81' lang='grc' dir='ltr'><strong><em>οὐκ</em></strong></span> <span class='ocrx_word' id='word_1_33' title='bbox 417 956 650 1042; x_wconf 79' lang='grc' dir='ltr'><strong><em>εὐτελέστερον</em></strong></span> <span class='ocrx_word' id='word_1_34' title='bbox 665 986 732 1044; x_wconf 83' lang='grc' dir='ltr'><strong><em>μοι,</em></strong></span> <span class='ocrx_word' id='word_1_35' title='bbox 750 958 795 1045; x_wconf 81' lang='grc' dir='ltr'><strong><em>μὰ</em></strong></span> <span class='ocrx_word' id='word_1_36' title='bbox 806 968 885 1045; x_wconf 88' lang='grc' dir='ltr'><strong><em>Δία,</em></strong></span> <span class='ocrx_word' id='word_1_37' title='bbox 901 968 969 1027; x_wconf 89' lang='grc' dir='ltr'><strong><em>τῶν</em></strong></span> <span class='ocrx_word' id='word_1_38' title='bbox 983 967 1067 1025; x_wconf 85' lang='grc' dir='ltr'><strong><em>τολ-</em></strong></span> 
     </span>
     <span class='ocr_line' id='line_1_8' title="bbox 55 1056 1066 1143; baseline -0.004 -16"><span class='ocrx_word' id='word_1_39' title='bbox 55 1068 125 1127; x_wconf 89' lang='grc' dir='ltr'><strong><em>λῶν</em></strong></span> <span class='ocrx_word' id='word_1_40' title='bbox 141 1067 332 1127; x_wconf 79' lang='grc' dir='ltr'><strong><em>διαιτᾶσθαι</em></strong></span> <span class='ocrx_word' id='word_1_41' title='bbox 347 1062 470 1141; x_wconf 77' lang='grc' dir='ltr'><strong><em>δοκεῖς,</em></strong></span> <span class='ocrx_word' id='word_1_42' title='bbox 486 1056 558 1124; x_wconf 80' lang='grc' dir='ltr'><strong><em>ἄλλ’</em></strong></span> <span class='ocrx_word' id='word_1_43' title='bbox 577 1060 806 1143; x_wconf 73' lang='grc' dir='ltr'><strong><em>ἐνδεέστερον,</em></strong></span> <span class='ocrx_word' id='word_1_44' title='bbox 825 1068 954 1143; x_wconf 86' lang='grc' dir='ltr'><strong><em>μαλλον</em></strong></span> <span class='ocrx_word' id='word_1_45' title='bbox 965 1058 1000 1125; x_wconf 76' lang='grc' dir='ltr'><strong><em>δε</em></strong></span> <span class='ocrx_word' id='word_1_46' title='bbox 1012 1082 1066 1123; x_wconf 87' lang='grc' dir='ltr'><strong><em>τε-</em></strong></span> 
     </span>
     <span class='ocr_line' id='line_1_9' title="bbox 55 1152 1067 1242; baseline -0.004 -17"><span class='ocrx_word' id='word_1_47' title='bbox 55 1163 138 1236; x_wconf 88' lang='grc' dir='ltr'><strong><em>λέως</em></strong></span> <span class='ocrx_word' id='word_1_48' title='bbox 161 1162 280 1234; x_wconf 78' lang='grc' dir='ltr'><strong><em>ἐνδεῶς</em></strong></span> <span class='ocrx_word' id='word_1_49' title='bbox 300 1158 353 1223; x_wconf 79' lang='grc' dir='ltr'><strong><em>καὶ</em></strong></span> <span class='ocrx_word' id='word_1_50' title='bbox 371 1152 518 1236; x_wconf 74' lang='grc' dir='ltr'><strong><em>ἀπόρως·</em></strong></span> <span class='ocrx_word' id='word_1_51' title='bbox 555 1160 723 1240; x_wconf 78' lang='grc' dir='ltr'><strong><em>διαφέρεις</em></strong></span> <span class='ocrx_word' id='word_1_52' title='bbox 739 1155 803 1242; x_wconf 79' lang='grc' dir='ltr'><strong><em>γὰρ</em></strong></span> <span class='ocrx_word' id='word_1_53' title='bbox 819 1156 921 1224; x_wconf 71' lang='grc' dir='ltr'><strong><em>οὐδὲν</em></strong></span> <span class='ocrx_word' id='word_1_54' title='bbox 940 1155 983 1222; x_wconf 80' lang='grc' dir='ltr'><strong><em>σὺ</em></strong></span> <span class='ocrx_word' id='word_1_55' title='bbox 999 1163 1067 1222; x_wconf 85' lang='grc' dir='ltr'><strong><em>τῶν</em></strong></span> 
     </span>
     <span class='ocr_line' id='line_1_10' title="bbox 55 1250 906 1342; baseline -0.005 -18"><span class='ocrx_word' id='word_1_56' title='bbox 55 1264 212 1342; x_wconf 80' lang='grc' dir='ltr'><strong><em>πτωχῶν,</em></strong></span> <span class='ocrx_word' id='word_1_57' title='bbox 230 1261 265 1321; x_wconf 86' lang='grc' dir='ltr'><strong><em>οἳ</em></strong></span> <span class='ocrx_word' id='word_1_58' title='bbox 280 1250 341 1339; x_wconf 80' lang='grc' dir='ltr'><strong><em>τὴν</em></strong></span> <span class='ocrx_word' id='word_1_59' title='bbox 355 1254 526 1339; x_wconf 79' lang='grc' dir='ltr'><strong><em>ἐφήμερον</em></strong></span> <span class='ocrx_word' id='word_1_60' title='bbox 539 1252 670 1340; x_wconf 79' lang='grc' dir='ltr'><strong><em>τροφὴν</em></strong></span> <span class='ocrx_word' id='word_1_61' title='bbox 684 1262 906 1340; x_wconf 76' lang='grc' dir='ltr'><strong><em>μετανοοῦσιν.</em></strong></span> 
     </span>
    </p>

    <p class='ocr_par' dir='ltr' id='par_1_6' title="bbox 56 1350 1067 1536">
     <span class='ocr_line' id='line_1_11' title="bbox 142 1350 1067 1438; baseline -0.004 -17"><span class='ocrx_word' id='word_1_62' title='bbox 142 1360 170 1421; x_wconf 90' lang='grc'><strong><em>3.</em></strong></span> <span class='ocrx_word' id='word_1_63' title='bbox 189 1359 293 1421; x_wconf 91' lang='lat' dir='ltr'><em>KYN.</em></span> <span class='ocrx_word' id='word_1_64' title='bbox 317 1344 668 1438; x_wconf 80' lang='grc' dir='ltr'><strong><em>Βούλειοῦνίὸωαεν,</em></strong></span> <span class='ocrx_word' id='word_1_65' title='bbox 685 1354 1067 1438; x_wconf 79' lang='grc' dir='ltr'><strong><em>έπείπροεληλνθενέν-</em></strong></span> 
     </span>
     <span class='ocr_line' id='line_1_12' title="bbox 56 1445 971 1536; baseline -0.002 -17"><span class='ocrx_word' id='word_1_66' title='bbox 56 1449 200 1521; x_wconf 65' lang='grc' dir='ltr'><strong><em>ταῦθα’</em></strong></span> <span class='ocrx_word' id='word_1_67' title='bbox 184 1480 202 1519; x_wconf 91' lang='grc' dir='ltr'><strong><em>ο</em></strong></span> <span class='ocrx_word' id='word_1_68' title='bbox 217 1453 330 1536; x_wconf 82' lang='grc' dir='ltr'><strong><em>λόγος,</em></strong></span> <span class='ocrx_word' id='word_1_69' title='bbox 345 1457 378 1517; x_wconf 95' lang='grc' dir='ltr'><strong><em>τί</em></strong></span> <span class='ocrx_word' id='word_1_70' title='bbox 391 1476 427 1516; x_wconf 87' lang='grc' dir='ltr'><strong><em>το</em></strong></span> <span class='ocrx_word' id='word_1_71' title='bbox 418 1445 552 1527; x_wconf 79' lang='grc' dir='ltr'><strong><em>ένδεες</em></strong></span> <span class='ocrx_word' id='word_1_72' title='bbox 566 1453 620 1518; x_wconf 82' lang='grc' dir='ltr'><strong><em>καὶ</em></strong></span> <span class='ocrx_word' id='word_1_73' title='bbox 635 1449 712 1517; x_wconf 88' lang='grc' dir='ltr'><strong><em>τί</em></strong></span> <span class='ocrx_word' id='word_1_74' title='bbox 679 1478 715 1517; x_wconf 91' lang='grc' dir='ltr'><strong><em>το</em></strong></span> <span class='ocrx_word' id='word_1_75' title='bbox 733 1452 880 1518; x_wconf 86' lang='grc' dir='ltr'><strong><em>ίκανόν’</em></strong></span> <span class='ocrx_word' id='word_1_76' title='bbox 865 1470 971 1530; x_wconf 84' lang='grc' dir='ltr'><strong><em>εστιν;</em></strong></span> 
     </span>
    </p>

    <p class='ocr_par' dir='ltr' id='par_1_7' title="bbox 141 1551 492 1617">
     <span class='ocr_line' id='line_1_13' title="bbox 141 1551 492 1617; baseline -0.014 0"><span class='ocrx_word' id='word_1_77' title='bbox 141 1557 241 1617; x_wconf 92' lang='lat' dir='ltr'><em>AYK.</em></span> <span class='ocrx_word' id='word_1_78' title='bbox 264 1556 311 1617; x_wconf 86' lang='grc' dir='ltr'><strong><em>Εί</em></strong></span> <span class='ocrx_word' id='word_1_79' title='bbox 321 1569 372 1614; x_wconf 90' lang='grc' dir='ltr'><strong><em>σοι</em></strong></span> <span class='ocrx_word' id='word_1_80' title='bbox 393 1551 492 1615; x_wconf 75' lang='grc' dir='ltr'><strong><em>δοκεῖ.</em></strong></span> 
     </span>
    </p>

    <p class='ocr_par' dir='ltr' id='par_1_8' title="bbox 57 1640 1067 1831">
     <span class='ocr_line' id='line_1_14' title="bbox 141 1640 1067 1737; baseline -0.004 -20"><span class='ocrx_word' id='word_1_81' title='bbox 141 1656 244 1717; x_wconf 84' lang='lat' dir='ltr'><em>KYN.</em></span> <span class='ocrx_word' id='word_1_82' title='bbox 263 1642 333 1729; x_wconf 77' lang='grc' dir='ltr'><strong><em>Ἆρ’</em></strong></span> <span class='ocrx_word' id='word_1_83' title='bbox 348 1640 412 1713; x_wconf 82' lang='grc' dir='ltr'><strong><em>οὖν</em></strong></span> <span class='ocrx_word' id='word_1_84' title='bbox 427 1643 546 1715; x_wconf 83' lang='grc' dir='ltr'><strong><em>ίκανόν</em></strong></span> <span class='ocrx_word' id='word_1_85' title='bbox 562 1647 623 1732; x_wconf 73' lang='grc' dir='ltr'><strong><em>μὲν</em></strong></span> <span class='ocrx_word' id='word_1_86' title='bbox 637 1649 764 1737; x_wconf 77' lang='grc' dir='ltr'><strong><em>ἑκάστῳ</em></strong></span> <span class='ocrx_word' id='word_1_87' title='bbox 779 1647 861 1731; x_wconf 83' lang='grc' dir='ltr'><strong><em>ὅπερ</em></strong></span> <span class='ocrx_word' id='word_1_88' title='bbox 877 1642 920 1715; x_wconf 73' lang='grc' dir='ltr'><strong><em>ἂν</em></strong></span> <span class='ocrx_word' id='word_1_89' title='bbox 937 1650 1067 1733; x_wconf 78' lang='grc' dir='ltr'><strong><em>ἐξικνῆ-</em></strong></span> 
     </span>
     <span class='ocr_line' id='line_1_15' title="bbox 57 1742 901 1831; baseline 0.001 -18"><span class='ocrx_word' id='word_1_90' title='bbox 57 1776 110 1813; x_wconf 89' lang='grc' dir='ltr'><strong><em>ται</em></strong></span> <span class='ocrx_word' id='word_1_91' title='bbox 129 1742 211 1827; x_wconf 77' lang='grc' dir='ltr'><strong><em>πρὸς</em></strong></span> <span class='ocrx_word' id='word_1_92' title='bbox 226 1743 288 1831; x_wconf 74' lang='grc' dir='ltr'><strong><em>τὴν</em></strong></span> <span class='ocrx_word' id='word_1_93' title='bbox 306 1749 435 1812; x_wconf 81' lang='grc' dir='ltr'><strong><em>ἐκείνου</em></strong></span> <span class='ocrx_word' id='word_1_94' title='bbox 449 1751 579 1830; x_wconf 83' lang='grc' dir='ltr'><strong><em>χρείαν,</em></strong></span> <span class='ocrx_word' id='word_1_95' title='bbox 597 1742 618 1831; x_wconf 77' lang='grc' dir='ltr'><em>ἢ</em></span> <span class='ocrx_word' id='word_1_96' title='bbox 636 1744 716 1813; x_wconf 75' lang='grc' dir='ltr'><strong><em>ἄλλο</em></strong></span> <span class='ocrx_word' id='word_1_97' title='bbox 733 1774 764 1813; x_wconf 86' lang='grc' dir='ltr'><strong><em>τι</em></strong></span> <span class='ocrx_word' id='word_1_98' title='bbox 779 1751 901 1831; x_wconf 81' lang='grc' dir='ltr'><strong><em>λε’χεις;</em></strong></span> 
     </span>
    </p>

    <p class='ocr_par' dir='ltr' id='par_1_9' title="bbox 144 1840 487 1911">
     <span class='ocr_line' id='line_1_16' title="bbox 144 1840 487 1911; baseline 0 -2"><span class='ocrx_word' id='word_1_99' title='bbox 144 1849 243 1911; x_wconf 90' lang='lat' dir='ltr'><em>AYK.</em></span> <span class='ocrx_word' id='word_1_100' title='bbox 258 1840 363 1910; x_wconf 77' lang='grc' dir='ltr'><strong><em>Ἔστω</em></strong></span> <span class='ocrx_word' id='word_1_101' title='bbox 380 1850 487 1909; x_wconf 86' lang='grc' dir='ltr'><strong><em>τοῦτο.</em></strong></span> 
     </span>
    </p>

    <p class='ocr_par' dir='ltr' id='par_1_10' title="bbox 57 1934 1068 2128">
     <span class='ocr_line' id='line_1_17' title="bbox 142 1934 1068 2029; baseline -0.004 -20"><span class='ocrx_word' id='word_1_102' title='bbox 142 1948 245 2010; x_wconf 88' lang='lat' dir='ltr'><em>KYN.</em></span> <span class='ocrx_word' id='word_1_103' title='bbox 269 1939 394 2019; x_wconf 77' lang='grc' dir='ltr'><strong><em>Ἐνδεὲς</em></strong></span> <span class='ocrx_word' id='word_1_104' title='bbox 410 1940 445 2008; x_wconf 77' lang='grc' dir='ltr'><strong><em>δὲ</em></strong></span> <span class='ocrx_word' id='word_1_105' title='bbox 461 1938 544 2022; x_wconf 82' lang='grc' dir='ltr'><strong><em>ὅπερ</em></strong></span> <span class='ocrx_word' id='word_1_106' title='bbox 562 1936 606 2007; x_wconf 69' lang='grc' dir='ltr'><strong><em>ν’ὶν</em></strong></span> <span class='ocrx_word' id='word_1_107' title='bbox 621 1944 834 2024; x_wconf 76' lang='grc' dir='ltr'><strong><em>ἐνδεέστερον</em></strong></span> <span class='ocrx_word' id='word_1_108' title='bbox 850 1934 941 2029; x_wconf 76' lang='grc' dir='ltr'><strong><em>ᾖτῆς</em></strong></span> <span class='ocrx_word' id='word_1_109' title='bbox 958 1947 1068 2024; x_wconf 83' lang='grc' dir='ltr'><strong><em>χρείας</em></strong></span> 
     </span>
     <span class='ocr_line' id='line_1_18' title="bbox 57 2038 616 2128; baseline -0.002 -20"><span class='ocrx_word' id='word_1_110' title='bbox 57 2047 111 2109; x_wconf 62' lang='grc' dir='ltr'><strong><em>καὶ</em></strong></span> <span class='ocrx_word' id='word_1_111' title='bbox 127 2041 170 2128; x_wconf 81' lang='grc' dir='ltr'><strong><em>μὴ</em></strong></span> <span class='ocrx_word' id='word_1_112' title='bbox 189 2046 354 2127; x_wconf 81' lang='grc' dir='ltr'><strong><em>ἐξικνῆται</em></strong></span> <span class='ocrx_word' id='word_1_113' title='bbox 370 2039 452 2124; x_wconf 82' lang='grc' dir='ltr'><strong><em>πρὸς</em></strong></span> <span class='ocrx_word' id='word_1_114' title='bbox 467 2038 503 2108; x_wconf 83' lang='grc' dir='ltr'>τό</span> <span class='ocrx_word' id='word_1_115' title='bbox 522 2042 616 2122; x_wconf 73' lang='grc' dir='ltr'><strong><em>ὃέον;</em></strong></span> 
     </span>
    </p>

    <p class='ocr_par' dir='ltr' id='par_1_11' title="bbox 141 2146 341 2208">
     <span class='ocr_line' id='line_1_19' title="bbox 141 2146 341 2208; baseline -0.015 0"><span class='ocrx_word' id='word_1_116' title='bbox 141 2147 242 2208; x_wconf 81' lang='lat' dir='ltr'><em>AYK.</em></span> <span class='ocrx_word' id='word_1_117' title='bbox 264 2146 341 2207; x_wconf 85' lang='grc' dir='ltr'><strong><em>Ναί.</em></strong></span> 
     </span>
    </p>

    <p class='ocr_par' dir='ltr' id='par_1_12' title="bbox 54 2236 1065 2424">
     <span class='ocr_line' id='line_1_20' title="bbox 149 2236 1065 2325; baseline -0.002 -20"><span class='ocrx_word' id='word_1_118' title='bbox 149 2245 246 2307; x_wconf 90' lang='lat' dir='ltr'><em>KYN.</em></span> <span class='ocrx_word' id='word_1_119' title='bbox 265 2237 376 2306; x_wconf 74' lang='grc' dir='ltr'><strong><em>Οὐδὲν</em></strong></span> <span class='ocrx_word' id='word_1_120' title='bbox 388 2238 452 2323; x_wconf 73' lang='grc' dir='ltr'><strong><em>ἄρα</em></strong></span> <span class='ocrx_word' id='word_1_121' title='bbox 464 2247 531 2305; x_wconf 88' lang='grc' dir='ltr'><strong><em>τῶν</em></strong></span> <span class='ocrx_word' id='word_1_122' title='bbox 542 2242 631 2325; x_wconf 84' lang='grc' dir='ltr'><strong><em>ἐμῶν</em></strong></span> <span class='ocrx_word' id='word_1_123' title='bbox 642 2243 750 2317; x_wconf 77' lang='grc' dir='ltr'><strong><em>ἐνδεές</em></strong></span> <span class='ocrx_word' id='word_1_124' title='bbox 761 2243 866 2307; x_wconf 82' lang='grc' dir='ltr'><strong><em>ἐστιν·</em></strong></span> <span class='ocrx_word' id='word_1_125' title='bbox 889 2236 1065 2322; x_wconf 72' lang='grc' dir='ltr'><strong><em>οὐδὲνγὰρ</em></strong></span> 
     </span>
     <span class='ocr_line' id='line_1_21' title="bbox 54 2335 837 2424; baseline -0.003 -20"><span class='ocrx_word' id='word_1_126' title='bbox 54 2336 170 2404; x_wconf 84' lang='grc' dir='ltr'><strong><em>αὐτῶν</em></strong></span> <span class='ocrx_word' id='word_1_127' title='bbox 187 2336 206 2404; x_wconf 82' lang='grc' dir='ltr'>ὅ</span> <span class='ocrx_word' id='word_1_128' title='bbox 220 2365 251 2404; x_wconf 89' lang='grc' dir='ltr'><strong><em>τι</em></strong></span> <span class='ocrx_word' id='word_1_129' title='bbox 268 2335 308 2404; x_wconf 83' lang='grc' dir='ltr'><strong><em>οὐ</em></strong></span> <span class='ocrx_word' id='word_1_130' title='bbox 326 2339 387 2423; x_wconf 78' lang='grc' dir='ltr'><strong><em>τὴν</em></strong></span> <span class='ocrx_word' id='word_1_131' title='bbox 401 2346 516 2423; x_wconf 91' lang='grc' dir='ltr'><strong><em>χρείαν</em></strong></span> <span class='ocrx_word' id='word_1_132' title='bbox 532 2341 656 2406; x_wconf 82' lang='grc' dir='ltr'><strong><em>ἐκτελεῐ</em></strong></span> <span class='ocrx_word' id='word_1_133' title='bbox 668 2337 729 2424; x_wconf 83' lang='grc' dir='ltr'><strong><em>τὴν</em></strong></span> <span class='ocrx_word' id='word_1_134' title='bbox 746 2338 837 2423; x_wconf 76' lang='grc' dir='ltr'><strong><em>ἐμήν.</em></strong></span> 
     </span>
    </p>

    <p class='ocr_par' dir='ltr' id='par_1_13' title="bbox 143 2440 646 2523">
     <span class='ocr_line' id='line_1_22' title="bbox 143 2440 646 2523; baseline 0.002 -20"><span class='ocrx_word' id='word_1_135' title='bbox 143 2440 172 2503; x_wconf 81' lang='grc'><strong><em>4.</em></strong></span> <span class='ocrx_word' id='word_1_136' title='bbox 196 2444 296 2504; x_wconf 92' lang='lat' dir='ltr'><em>AYK.</em></span> <span class='ocrx_word' id='word_1_137' title='bbox 320 2444 398 2515; x_wconf 86' lang='grc' dir='ltr'><strong><em>Πῶς</em></strong></span> <span class='ocrx_word' id='word_1_138' title='bbox 411 2446 509 2505; x_wconf 81' lang='grc' dir='ltr'><strong><em>τοῦτο</em></strong></span> <span class='ocrx_word' id='word_1_139' title='bbox 526 2440 646 2523; x_wconf 82' lang='grc' dir='ltr'><strong><em>λέγεις;</em></strong></span> 
     </span>
    </p>

    <p class='ocr_par' dir='ltr' id='par_1_14' title="bbox 58 2528 1123 2723">
     <span class='ocr_line' id='line_1_23' title="bbox 144 2528 1123 2624; baseline -0.001 -23"><span class='ocrx_word' id='word_1_140' title='bbox 144 2541 247 2602; x_wconf 89' lang='lat' dir='ltr'><em>KYN.</em></span> <span class='ocrx_word' id='word_1_141' title='bbox 267 2533 343 2602; x_wconf 79' lang='grc' dir='ltr'><strong><em>Ἐὰν</em></strong></span> <span class='ocrx_word' id='word_1_142' title='bbox 364 2545 488 2624; x_wconf 73' lang='grc' dir='ltr'><strong><em>σκοπῇς</em></strong></span> <span class='ocrx_word' id='word_1_143' title='bbox 511 2537 594 2620; x_wconf 81' lang='grc' dir='ltr'><strong><em>πρὸς</em></strong></span> <span class='ocrx_word' id='word_1_144' title='bbox 612 2536 679 2606; x_wconf 81' lang='grc' dir='ltr'><strong><em>ὅτι</em></strong></span> <span class='ocrx_word' id='word_1_145' title='bbox 701 2540 840 2623; x_wconf 83' lang='grc' dir='ltr'><strong><em>γέγονεν</em></strong></span> <span class='ocrx_word' id='word_1_146' title='bbox 857 2538 997 2603; x_wconf 80' lang='grc' dir='ltr'><strong><em>ἕκαστον</em></strong></span> <span class='ocrx_word' id='word_1_147' title='bbox 1019 2528 1068 2601; x_wconf 84' lang='grc' dir='ltr'><strong><em>ῶν</em></strong></span> <span class='ocrx_word' id='word_1_148' title='bbox 1121 2568 1123 2570; x_wconf 49' lang='lat'>&gt;</span> 
     </span>
     <span class='ocr_line' id='line_1_24' title="bbox 58 2630 733 2723; baseline 0.007 -23"><span class='ocrx_word' id='word_1_149' title='bbox 58 2633 225 2717; x_wconf 74' lang='grc' dir='ltr'><strong><em>δεόμεθα,</em></strong></span> <span class='ocrx_word' id='word_1_150' title='bbox 243 2630 316 2701; x_wconf 82' lang='grc' dir='ltr'><strong><em>οἷον</em></strong></span> <span class='ocrx_word' id='word_1_151' title='bbox 334 2641 420 2703; x_wconf 85' lang='grc' dir='ltr'><strong><em>οίκία</em></strong></span> <span class='ocrx_word' id='word_1_152' title='bbox 434 2630 488 2719; x_wconf 79' lang='grc' dir='ltr'><strong><em>ἆρ’</em></strong></span> <span class='ocrx_word' id='word_1_153' title='bbox 506 2636 578 2723; x_wconf 80' lang='grc' dir='ltr'><strong><em>οὐχὶ</em></strong></span> <span class='ocrx_word' id='word_1_154' title='bbox 594 2642 733 2723; x_wconf 71' lang='grc' dir='ltr'><strong><em>σκέπης,</em></strong></span> 
     </span>
    </p>

    <p class='ocr_par' dir='ltr' id='par_1_15' title="bbox 143 2740 343 2803">
     <span class='ocr_line' id='line_1_25' title="bbox 143 2740 343 2803; baseline 0.01 -4"><span class='ocrx_word' id='word_1_155' title='bbox 143 2740 244 2800; x_wconf 93' lang='lat' dir='ltr'><em>AYK.</em></span> <span class='ocrx_word' id='word_1_156' title='bbox 266 2740 343 2803; x_wconf 90' lang='grc' dir='ltr'><strong><em>Ναί.</em></strong></span> 
     </span>
    </p>

    <p class='ocr_par' dir='ltr' id='par_1_16' title="bbox 57 2830 1067 3016">
     <span class='ocr_line' id='line_1_26' title="bbox 145 2830 1067 2921; baseline 0.001 -24"><span class='ocrx_word' id='word_1_157' title='bbox 145 2839 177 2897; x_wconf 88' lang='grc' dir='ltr'><em>Κ</em></span> <span class='ocrx_word' id='word_1_158' title='bbox 181 2839 249 2898; x_wconf 88' lang='lat' dir='ltr'><strong><em>YN.</em></strong></span> <span class='ocrx_word' id='word_1_159' title='bbox 284 2841 325 2901; x_wconf 92' lang='grc' dir='ltr'><strong><em>Τί</em></strong></span> <span class='ocrx_word' id='word_1_160' title='bbox 339 2836 375 2903; x_wconf 74' lang='grc' dir='ltr'><strong><em>δὲ</em></strong></span> <span class='ocrx_word' id='word_1_161' title='bbox 398 2833 500 2921; x_wconf 75' lang='grc' dir='ltr'><strong><em>ἐσθὴς</em></strong></span> <span class='ocrx_word' id='word_1_162' title='bbox 516 2844 576 2903; x_wconf 89' lang='grc' dir='ltr'><strong><em>τοῦ</em></strong></span> <span class='ocrx_word' id='word_1_163' title='bbox 596 2837 708 2921; x_wconf 82' lang='grc' dir='ltr'><strong><em>χαριν;</em></strong></span> <span class='ocrx_word' id='word_1_164' title='bbox 731 2830 795 2919; x_wconf 78' lang='grc' dir='ltr'><strong><em>ἆρα</em></strong></span> <span class='ocrx_word' id='word_1_165' title='bbox 819 2833 891 2921; x_wconf 79' lang='grc' dir='ltr'><strong><em>οὐχὶ</em></strong></span> <span class='ocrx_word' id='word_1_166' title='bbox 913 2836 967 2901; x_wconf 83' lang='grc' dir='ltr'><strong><em>καὶ</em></strong></span> <span class='ocrx_word' id='word_1_167' title='bbox 984 2830 1067 2917; x_wconf 78' lang='grc' dir='ltr'><strong><em>αὐτὴ</em></strong></span> 
     </span>
     <span class='ocr_line' id='line_1_27' title="bbox 57 2934 271 3016; baseline -0.005 -19"><span class='ocrx_word' id='word_1_168' title='bbox 57 2938 117 3016; x_wconf 82' lang='grc' dir='ltr'><strong><em>τῆς</em></strong></span> <span class='ocrx_word' id='word_1_169' title='bbox 132 2934 271 3015; x_wconf 70' lang='grc' dir='ltr'><strong><em>σκέπης,</em></strong></span> 
     </span>
    </p>

    <p class='ocr_par' dir='ltr' id='par_1_17' title="bbox 144 3036 343 3100">
     <span class='ocr_line' id='line_1_28' title="bbox 144 3036 343 3100; baseline 0.015 -4"><span class='ocrx_word' id='word_1_170' title='bbox 144 3036 243 3097; x_wconf 76' lang='grc' dir='ltr'><em>ΛΤΚ.</em></span> <span class='ocrx_word' id='word_1_171' title='bbox 266 3038 343 3100; x_wconf 84' lang='grc' dir='ltr'><strong><em>Ναί.</em></strong></span> 
     </span>
    </p>

    <p class='ocr_par' dir='ltr' id='par_1_18' title="bbox 59 3132 1136 3326">
     <span class='ocr_line' id='line_1_29' title="bbox 144 3132 1068 3221; baseline 0 -23"><span class='ocrx_word' id='word_1_172' title='bbox 144 3136 248 3198; x_wconf 90' lang='lat' dir='ltr'><em>KYN.</em></span> <span class='ocrx_word' id='word_1_173' title='bbox 275 3138 340 3218; x_wconf 82' lang='grc' dir='ltr'><strong><em>Τῆς</em></strong></span> <span class='ocrx_word' id='word_1_174' title='bbox 356 3133 392 3202; x_wconf 74' lang='grc' dir='ltr'><strong><em>δὲ</em></strong></span> <span class='ocrx_word' id='word_1_175' title='bbox 412 3134 534 3221; x_wconf 81' lang='grc' dir='ltr'><strong><em>σκέπης</em></strong></span> <span class='ocrx_word' id='word_1_176' title='bbox 550 3135 650 3220; x_wconf 78' lang='grc' dir='ltr'><strong><em>αὐτῆς</em></strong></span> <span class='ocrx_word' id='word_1_177' title='bbox 666 3132 749 3216; x_wconf 81' lang='grc' dir='ltr'><strong><em>πρὸς</em></strong></span> <span class='ocrx_word' id='word_1_178' title='bbox 763 3140 856 3201; x_wconf 80' lang='grc' dir='ltr'><strong><em>θεῶν</em></strong></span> <span class='ocrx_word' id='word_1_179' title='bbox 871 3140 959 3212; x_wconf 83' lang='grc' dir='ltr'><strong><em>τίνος</em></strong></span> <span class='ocrx_word' id='word_1_180' title='bbox 975 3133 1068 3216; x_wconf 78' lang='grc' dir='ltr'><strong><em>ἐδεή-</em></strong></span> 
     </span>
     <span class='ocr_line' id='line_1_30' title="bbox 59 3230 1136 3326; baseline -0.002 -29"><span class='ocrx_word' id='word_1_181' title='bbox 59 3243 170 3326; x_wconf 81' lang='grc' dir='ltr'><strong><em>θημεν</em></strong></span> <span class='ocrx_word' id='word_1_182' title='bbox 186 3233 300 3314; x_wconf 71' lang='grc' dir='ltr'><strong><em>ἔοικας</em></strong></span> <span class='ocrx_word' id='word_1_183' title='bbox 324 3230 385 3319; x_wconf 83' lang='grc' dir='ltr'><strong><em>οὐχ</em></strong></span> <span class='ocrx_word' id='word_1_184' title='bbox 409 3233 491 3302; x_wconf 70' lang='grc' dir='ltr'><strong><em>ὥστε</em></strong></span> <span class='ocrx_word' id='word_1_185' title='bbox 506 3234 645 3319; x_wconf 74' lang='grc' dir='ltr'><strong><em>ἄμεινον</em></strong></span> <span class='ocrx_word' id='word_1_186' title='bbox 661 3240 747 3319; x_wconf 84' lang='grc' dir='ltr'><strong><em>ἔχειν</em></strong></span> <span class='ocrx_word' id='word_1_187' title='bbox 765 3232 826 3300; x_wconf 82' lang='grc' dir='ltr'><strong><em>τὸν</em></strong></span> <span class='ocrx_word' id='word_1_188' title='bbox 843 3232 1067 3319; x_wconf 73' lang='grc' dir='ltr'><strong><em>σκετόμενονς</em></strong></span> <span class='ocrx_word' id='word_1_189' title='bbox 1085 3244 1136 3298; x_wconf 72' lang='lat'><strong><em>541</em></strong></span> 
     </span>
    </p>

    <p class='ocr_par' dir='ltr' id='par_1_19' title="bbox 144 3338 450 3419">
     <span class='ocr_line' id='line_1_31' title="bbox 144 3338 450 3419; baseline 0.01 -22"><span class='ocrx_word' id='word_1_190' title='bbox 144 3338 243 3400; x_wconf 92' lang='lat' dir='ltr'><em>AYK.</em></span> <span class='ocrx_word' id='word_1_191' title='bbox 268 3344 374 3401; x_wconf 76' lang='grc' dir='ltr'><strong><em>Δοκεῖ</em></strong></span> <span class='ocrx_word' id='word_1_192' title='bbox 385 3361 450 3419; x_wconf 87' lang='grc' dir='ltr'><strong><em>μοι.</em></strong></span> 
     </span>
    </p>

    <p class='ocr_par' dir='ltr' id='par_1_20' title="bbox 146 3426 1034 3519">
     <span class='ocr_line' id='line_1_32' title="bbox 146 3426 1034 3519; baseline -0.002 -21"><span class='ocrx_word' id='word_1_193' title='bbox 146 3438 249 3499; x_wconf 87' lang='lat' dir='ltr'><em>KYN.</em></span> <span class='ocrx_word' id='word_1_194' title='bbox 272 3432 393 3515; x_wconf 85' lang='grc' dir='ltr'><strong><em>Πότερ’</em></strong></span> <span class='ocrx_word' id='word_1_195' title='bbox 408 3426 472 3500; x_wconf 80' lang='grc' dir='ltr'><strong><em>οὖν</em></strong></span> <span class='ocrx_word' id='word_1_196' title='bbox 482 3432 527 3501; x_wconf 80' lang='grc' dir='ltr'><strong><em>τῶ</em></strong></span> <span class='ocrx_word' id='word_1_197' title='bbox 539 3432 620 3501; x_wconf 76' lang='grc' dir='ltr'><strong><em>πόδε</em></strong></span> <span class='ocrx_word' id='word_1_198' title='bbox 635 3434 755 3502; x_wconf 75' lang='grc' dir='ltr'><strong><em>κάκιον</em></strong></span> <span class='ocrx_word' id='word_1_199' title='bbox 766 3438 850 3519; x_wconf 85' lang='grc' dir='ltr'><strong><em>ἔχειν</em></strong></span> <span class='ocrx_word' id='word_1_200' title='bbox 864 3436 952 3499; x_wconf 80' lang='grc' dir='ltr'><strong><em>δοκῶ</em></strong></span> <span class='ocrx_word' id='word_1_201' title='bbox 963 3451 1034 3511; x_wconf 69' lang='grc' dir='ltr'><strong><em>σοις</em></strong></span> 
     </span>
    </p>

    <p class='ocr_par' dir='ltr' id='par_1_21' title="bbox 145 3530 440 3600">
     <span class='ocr_line' id='line_1_33' title="bbox 145 3530 440 3600; baseline 0.01 -4"><span class='ocrx_word' id='word_1_202' title='bbox 145 3538 244 3597; x_wconf 86' lang='lat' dir='ltr'><em>AYK.</em></span> <span class='ocrx_word' id='word_1_203' title='bbox 269 3531 341 3600; x_wconf 79' lang='grc' dir='ltr'><strong><em>Οὐκ</em></strong></span> <span class='ocrx_word' id='word_1_204' title='bbox 358 3530 440 3599; x_wconf 77' lang='grc' dir='ltr'><strong><em>οἶδα.</em></strong></span> 
     </span>
    </p>
   </div>
   <div class='ocr_carea' id='block_1_3' title="bbox 0 0 1323 4092">
    <p class='ocr_par' dir='ltr' id='par_1_22' title="bbox 0 0 1323 4092">
     <span class='ocr_line' id='line_1_34' title="bbox 0 0 1323 4092; baseline 0 0"><span class='ocrx_word' id='word_1_205' title='bbox 0 0 1323 4092; x_wconf 95' lang='lat' dir='ltr'><strong><em> </em></strong></span> 
     </span>
    </p>
   </div>
  </div>
 </body>
</html>
