2625 4092
238 297 280 363 40
490 295 494 302 ’
593 303 891 364 ΛΟΥΚΙΑΝΟΥ

238 468 380 547 γοῦντας
395 463 450 530 καὶ
464 468 647 540 πεινῶντας
667 459 777 548 εὕροι,
801 465 986 546 παράσιτον
1000 469 1036 533 δὲ
1053 466 1109 534 ού·
1136 464 1159 554 ἢ
1176 468 1241 538 οὐκ

237 557 281 630 όν
295 570 346 646 είη
363 559 557 643 παράσιτος,
580 557 664 628 ἄλλα
679 563 842 647 δυστυχής
856 559 941 649 τιςῆ
960 564 1086 651 πτωχός
1101 565 1242 653 ἄνθρω-

237 681 298 736 πος
311 652 333 742 ἢ
347 657 523 749 φιλοσόφῳ
537 654 661 745 ὅμοιος.

320 761 370 824 39.
391 761 486 824 m.
503 753 636 834 Ἱκανῶς
650 756 755 824 ταῦτα’
769 783 816 842 γε.
839 755 890 826 ὅτι
901 759 937 826 δέ
948 757 1031 826 κατὰ
1042 759 1149 829 πολλὰ
1163 767 1241 829 δια-

166 877 219 933 ςςς
238 858 331 938 φέρει
349 861 549 939 φιλοσοφίας
565 855 619 922 καλ
640 856 815 941 ῥητορικῆς
829 853 851 941 ἡ
868 856 1064 944 παρασιτικὴ
1082 867 1152 937 πῶς
1167 863 1242 927 ἐπι-

237 954 418 1034 δεικνύεις;

320 1058 417 1119 ΠΛΡ.
441 1057 548 1136 Είσίν,
566 1043 594 1118 m*
603 1054 759 1138 βέλτιστε,
776 1054 884 1135 καιροὶ
895 1060 957 1119 τοῦ
966 1060 1034 1120 τῶν
1043 1052 1242 1136 ἀνθρώπων

236 1155 329 1236 βίον,
344 1147 362 1216 ὁ
378 1153 439 1235 μέν
454 1175 504 1227 τις
519 1150 667 1236 εἰρήνης,
683 1147 791 1235 οἶμαι,
809 1148 828 1218 ὁ
843 1147 875 1217 δ’
891 1143 937 1217 αύ
952 1154 1114 1236 πολέμου·
1143 1155 1181 1219 ἐν
1197 1152 1238 1237 δη

236 1247 366 1325 τούτοις
381 1254 470 1314 πᾶσα
490 1245 620 1334 ἀνάγκη
636 1246 786 1332 φανερὰς
806 1256 960 1334 γίνεσθαι
977 1247 1035 1327 τὰς
1050 1253 1163 1334 τέχνας
1184 1253 1242 1318 καὶ

235 1343 315 1424 τούς
331 1350 465 1429 ἔχοντας
481 1346 601 1424 ταύτας
617 1344 730 1414 ὁποῖοί
746 1347 833 1424 τινές
849 1353 920 1414 είσι.
948 1348 1113 1431 πρότερον
1133 1351 1187 1422 δέ,
1211 1354 1242 1414 εί

212 1487 216 1493 -
236 1445 342 1527 δοκεῖ,
357 1445 561 1528 σκοπώμεθα
574 1442 635 1510 τόν
645 1451 707 1512 τοῦ
718 1447 864 1529 πολέμου
878 1444 1013 1528 καιρόν,
1028 1446 1083 1513 καὶ
1095 1452 1183 1522 τίνες
1194 1441 1241 1512 ἄν

235 1537 302 1608 εέεν
310 1539 451 1625 μάλιστα
460 1541 701 1626 χρησιμώτατοι
709 1545 821 1628 ίδίμτε
831 1543 966 1618 ἕκαστος
977 1538 1067 1631 αύτῷ
1076 1543 1130 1612 καλ
1139 1549 1240 1629 κοινῇ

234 1643 273 1724 τῇ
289 1637 392 1704 πόλει.

322 1741 416 1804 m.
434 1733 487 1803 Ού
497 1737 631 1821 μέτριον
641 1736 755 1823 ἀγῶνα
766 1740 995 1823 καταγγέλλεις
1005 1736 1238 1823 τῶνᾶνδροίν·

234 1836 287 1902 καὶ
308 1840 411 1917 ἔγωγε
428 1835 529 1901 πύλαι
545 1842 632 1920 γελῶ
650 1831 723 1902 κατ’
746 1832 891 1919 ἐμαυτόν
909 1838 1053 1919 ἐννοῶν,
1078 1850 1172 1914 ποῖος
1190 1831 1240 1902 ἂν

235 1942 285 2017 εἴη
300 1933 571 2019 συμβαλλόμενος
586 1940 756 2022 παρασίτῳ
772 1933 964 2020 φιλόσοφος.

318 2035 367 2097 40.
389 2037 488 2098 ΠΛΡ.
509 2029 579 2099 Ἵνα
599 2038 716 2100 τοίνυν
733 2029 778 2118 μὴ
796 2033 887 2099 πάνυ
906 2031 1081 2120 θανμόζης
1100 2031 1182 2118 μηδὲ
1197 2029 1238 2098 τό

179 2161 181 2166 ’
233 2137 368 2214 πρᾶγμα
385 2133 468 2217 δοκῇ
489 2150 540 2196 σοι
561 2132 680 2216 χλεύης
699 2128 808 2212 ἄξιον,
835 2132 915 2215 φέρε
936 2129 1239 2214 προτυπωσώμεθα

233 2223 312 2309 παρ’
328 2223 408 2311 ἡμῖν
423 2225 535 2305 αὐτοῖς
549 2225 711 2314 ἠγγέλθαι
726 2227 789 2312 μὲν
805 2230 976 2311 αἰφνίδιον
990 2232 1036 2304 είς
1049 2223 1110 2310 την
1123 2226 1240 2312 χώραν

233 2327 468 2411 ἐμβεβληκέναι
479 2332 673 2411 πολεμίους,
690 2323 772 2392 εἶναι
790 2324 826 2393 δὲ
840 2322 990 2410 ἀνάγκην
1004 2326 1164 2403 ἐπεξιέναι
1178 2327 1239 2392 καὶ

231 2421 275 2510 μη
293 2430 456 2506 περιορᾶν
470 2427 530 2504 ἔξω
545 2427 736 2512 δηονμὲνην
749 2419 812 2508 τὴν
828 2430 908 2508 γῆν,
924 2421 984 2490 τόν
997 2419 1182 2508 στρατηγόν
1198 2423 1239 2518 δὲ

231 2525 472 2608 παραγγέλλειν
482 2521 630 2602 ἅπαντας
641 2529 688 2601 είς
700 2519 761 2590 τόν
775 2522 962 2607 κατάλογον
972 2518 1051 2599 τούς
1061 2524 1099 2590 ἐν
1109 2519 1237 2610 ἡλικίᾳ,

230 2623 285 2690 καί
300 2618 341 2707 δὴ
354 2636 475 2707 χωρεῖν
488 2619 566 2700 τούς
577 2621 716 2705 ἄλλους,
732 2622 769 2687 ἐν
780 2620 816 2686 δέ
831 2616 872 2704 δὴ
884 2618 1015 2698 τούτοις
1024 2621 1240 2704 φιλοσόφους

230 2718 322 2797 τινός
336 2723 390 2786 καλ
406 2719 547 2806 ῥήτορας
561 2722 615 2788 καί
629 2726 840 2805 παρασίτους.
870 2725 1004 2801 πρῶτον
1017 2725 1133 2787 τοίνυν
1147 2717 1238 2786 ἄπο-

230 2818 385 2903 δύσωμευ
404 2816 542 2894 αύτούς·
572 2814 702 2904 ἀνάγκη
724 2816 789 2904 γὰρ
808 2815 888 2894 τούς
905 2820 1084 2904 μέλλοντας
1103 2813 1236 2898 ὁπλίζε-
1302 2880 1303 2883 ,

160 2938 212 2995 ςρς
231 2925 312 2983 σθαι
322 2922 537 3001 γυμνοῦσθαι
548 2914 721 2999 πρότερον.
739 2923 811 2984 θεῶ
822 2913 863 3002 δη
875 2913 954 2994 τούς
964 2913 1099 2999 ἄνδρας,
1115 2909 1143 2984 τό
1152 2943 1240 3003 γεν-

230 3028 318 3099 ναῖε,
339 3012 421 3082 καθ’
438 3016 576 3082 ἕκαστον
594 3015 646 3081 καί
669 3018 822 3100 δοκίμαζε
842 3013 883 3081 τὰ
903 3017 1047 3100 σώματα.
1078 3014 1156 3094 τούς
1170 3018 1239 3102 μἐν

229 3119 346 3180 τοίνυν
361 3109 473 3180 αὐτῶν
486 3109 551 3178 ύπό
569 3115 697 3191 ἐνδείας
715 3117 799 3192 ίδοις
814 3108 859 3180 ἄν
879 3113 1019 3192 λεπτοὺς
1032 3118 1087 3182 καὶ
1105 3110 1240 3198 όχροδς

228 3212 432 3297 πεφρικότας
443 3210 553 3294 ι’όσπερ
566 3211 631 3299 ἤδη
645 3219 847 3300 τραυματίας
860 3216 1096 3298 παρειμένους·
1117 3210 1240 3299 ἀγῶνα

229 3310 291 3396 μὲν
310 3307 375 3394 γὰρ
398 3311 451 3376 καλ
477 3311 585 3397 μάχην
606 3317 781 3381 σταδιαίαν
806 3315 862 3380 καί
884 3309 1036 3398 ὠθισμόν
1060 3315 1115 3380 καὶ
1134 3311 1240 3381 κόνιν

229 3411 284 3477 καὶ
297 3409 468 3496 τραύματα
483 3408 529 3495 μὴ
544 3418 678 3496 γελοῖον
691 3404 713 3499 ᾖ
728 3414 838 3496 λέγειν
851 3410 1021 3477 δύνασθαι
1037 3416 1152 3495 φέρειν
1169 3409 1240 3478 ἆυ·
1301 3408 1302 3411 “

228 3509 390 3587 θρύπους
409 3505 520 3582 ὥσπερ
542 3511 691 3585 ἐκείνους
709 3506 802 3586 τινός
821 3511 1000 3593 δεομένους
1019 3508 1238 3594 δναλήψεωςς
