2625 4092
204 347 278 418 438·
547 351 873 430 [Λουειπιιον]

205 514 340 601 γνάμης
355 512 416 602 οὑχ
426 511 589 600 ήμαρτεν·
605 511 624 581 δ
637 511 702 598 γάρ
715 508 896 590 Ὀδυσσέως
908 509 1014 589 οὑτως
1025 506 1217 596 ἀγασθῆναι

206 615 335 700 λέγεται
361 613 519 697 τούτους,
550 610 633 680 κατά
660 611 783 678 πύστιν
805 617 866 677 τοῦ
889 609 1014 692 πατρὸς
1040 615 1086 686 είς
1112 605 1217 676 αὑτὸν

207 710 408 798 άφιχμένος,
423 709 504 779 ὥστ’
520 717 625 781 εἰπεῖν
639 708 867 796 Πεισιστράτῳ
880 715 926 798 τῷ
939 711 1140 793 Νεστορίδη,

290 809 399 896 Ζηνός
414 835 483 877 που
498 811 610 895 τοιήδε
625 807 658 896 γ’
673 806 855 894 Ὀλυμπίου
870 811 1014 875 ἔνδοθεν
1030 803 1128 891 αὐλή.

135 923 189 980 634
207 906 308 986 αὑτός
323 905 363 976 θ’
380 905 398 975 δ
421 915 483 976 τοῦ
502 915 678 994 μειρακίου
698 904 805 992 πατὴρ
826 903 890 973 οὑκ
915 903 1021 972 ἄλλον
1040 930 1101 970 του
1118 903 1217 988 χάριν

206 1006 454 1092 μιλτοπαρήους
464 998 525 1092 ήγε
539 1002 598 1084 τὰς
607 1011 692 1084 ναῦς
702 1003 1009 1089 συστρατευόμενος
1021 999 1217 1086 τοίςἝλλη-

206 1126 261 1173 σιν
271 1106 324 1173 έπδ
337 1111 462 1189 Τροίαν
474 1099 494 1190 ή
504 1101 595 1183 ὅπως
605 1103 685 1182 τούς
699 1101 848 1186 δρῶντας
864 1103 1056 1188 ἐκπλήττειν
1071 1107 1139 1190 ἔχῃ.
1163 1102 1218 1168 καὶ

206 1200 325 1287 σχεδόν
338 1211 372 1272 εί
377 1229 427 1281 τις
435 1202 579 1288 ἑκάστην
589 1201 750 1282 ἐξετάζειν
760 1202 916 1288 βούλεται
928 1207 995 1268 τῶν
1005 1207 1143 1287 τεχνῶν,
1160 1195 1219 1265 εὑ-

205 1301 299 1388 ρήσει
315 1300 423 1378 πάσας
435 1303 470 1378 ές
485 1300 523 1368 τό
539 1300 662 1378 κάλλος
682 1297 813 1380 ὁρώσας
827 1300 882 1366 καὶ
898 1299 1021 1366 τούτου
1034 1298 1219 1383 τυγχάνειν

205 1405 266 1464 τοῦ
287 1396 412 1477 παντὸς
434 1401 621 1484 τιθεμένας.
650 1404 700 1466 26.
719 1403 881 1465 τοσοῦτον
898 1399 934 1463 δὲ
949 1392 986 1462 τδ
1009 1393 1133 1472 κάλλος
1150 1402 1220 1461 τῶν

205 1495 316 1563 ἄλλων
327 1494 487 1565 ἁπάντων
498 1494 673 1583 ὑπερέχειν
685 1501 790 1580 δοκεῖ,
807 1493 889 1562 ὥστε
900 1500 968 1562 τῶν
980 1494 1042 1578 μὲν
1053 1490 1073 1580 ἦ
1086 1498 1220 1560 δικαιο-

205 1594 310 1680 σὺνης
324 1589 347 1681 ή
360 1602 480 1680 σοφίας
495 1591 516 1681 ή
530 1593 685 1680 άνδρείας
695 1595 901 1681 μετεχόντων
916 1592 1022 1660 πολλά
1035 1618 1083 1669 τις
1099 1587 1145 1659 άν
1161 1590 1220 1658 εὑ-

206 1718 259 1774 ροι
275 1694 442 1780 τιμώμενα
458 1701 601 1778 μᾶλλον,
618 1700 686 1762 τῶν
697 1693 734 1761 δέ
743 1693 866 1778 ταύτης
879 1697 937 1777 τής
949 1694 1039 1768 ἰδέας
1054 1715 1220 1757 κεκοινω-

205 1792 359 1877 νηκότων
373 1794 506 1879 βέλτιόν
521 1795 609 1860 ἐστιν
623 1792 735 1876 εὑρεῖν
752 1788 868 1875 οὐδέν,
890 1787 1002 1873 οἵσπερ
1019 1786 1061 1875 δή
1078 1790 1136 1857 καί
1150 1797 1220 1856 τῶν

206 1883 250 1973 μή
268 1889 515 1974 μετεσχηκότων
534 1887 730 1975 άτιμότερον
744 1887 860 1957 οὐδέν·
882 1887 1010 1972 μόνους
1027 1894 1118 1973 γοῦν
1137 1884 1220 1966 τοὺς

205 1983 250 2071 μή
264 1983 388 2064 καλοὺς
402 1985 608 2074 ὀνομάζομεν
627 1988 799 2073 αἰσχρούς,
820 1985 864 2067 ὑς
881 1983 982 2054 ου’δὲν
997 1983 1054 2071 ὅν,
1077 1995 1112 2054 εί
1123 1993 1159 2053 τί
1170 2013 1220 2065 τις
1298 1987 1299 2011 ’

205 2089 290 2168 ἔχων
304 2085 397 2169 τύχοι
413 2089 642 2173 πλεονέκτημα
659 2096 727 2153 των
748 2086 859 2160 ἄλλων
876 2087 1022 2163 κάλλους
1035 2088 1218 2172 ἐστερημέ-

204 2207 271 2258 νος.
294 2186 346 2249 27.
362 2182 441 2260 τοὺς
452 2183 514 2268 μὲν
523 2178 588 2252 οὖν
600 2181 623 2270 ή
634 2187 957 2270 δημοκρατουμένοις
967 2180 1008 2251 τά
1020 2180 1120 2251 κοινά
1132 2187 1219 2250 διοι-

203 2286 348 2358 κοῦντος
360 2278 383 2367 ἢ
396 2283 577 2364 τυράννοις
590 2282 877 2370 ὑποτεταγμένους
890 2282 969 2361 τοὺς
982 2280 1045 2368 μέν
1056 2286 1217 2368 δημαγω-

203 2378 301 2463 γοός,
324 2379 402 2458 τοὺς
422 2381 458 2448 δὲ
478 2381 622 2461 κόλακας
638 2389 825 2469 καλοῦμεν,
847 2382 973 2468 μόνους
990 2381 1027 2451 δὲ
1046 2379 1128 2460 τοὺς
1148 2379 1216 2448 ὑπό

203 2476 309 2566 ταύτῃ
319 2485 359 2567 πή
370 2480 512 2566 δυνάμει
521 2485 724 2568 γενομένους
734 2482 949 2569 θαυμάζομέν
959 2509 994 2550 τε
1004 2483 1217 2569 φιλοπόνους
1297 2479 1298 2484 ’

202 2578 314 2646 τεκαὶ
337 2582 541 2664 φιλοκάλους
566 2579 775 2667 ὀνομάζομεν
799 2585 854 2650 καὶ
877 2579 1014 2660 κοινοὺς
1036 2589 1217 2668 νομίζομεν

203 2670 378 2761 εὐεργέτας
390 2674 470 2756 τοὺς
484 2687 552 2745 τῶν
568 2686 681 2748 καλῶν
695 2678 899 2767 ἐπιμελητάς.
922 2677 977 2747 ὅτε
994 2686 1114 2748 τοίνυν
1125 2678 1217 2746 οὕτω

203 2773 266 2859 μὲν
280 2777 406 2862 σεμνὸν
419 2775 456 2846 τδ
474 2781 596 2859 κάλλος
612 2785 718 2863 ἐστίν,
743 2775 832 2846 οὑτω
848 2778 884 2846 δὲ
897 2793 966 2857 τοῖς
980 2786 1085 2846 πᾶσιν
1102 2782 1141 2846 έν
1157 2778 1217 2846 εὑ-

201 2883 261 2960 χής
273 2879 367 2963 μέρει
381 2893 493 2964 τυχεῖν
505 2879 623 2962 κέρδος
635 2907 671 2946 τε
691 2883 861 2964 νομίζουσι
875 2873 914 2945 τδ
930 2878 1038 2968 τούτῳ
1049 2905 1080 2945 τι
1098 2883 1218 2946 διακο-

202 2981 303 3059 νῆσαι
323 2981 534 3063 δυνηθῆναι,
556 2984 627 3056 πῶς
647 2975 735 3064 ήμᾶς
751 2975 886 3055 είκότως
902 2973 965 3044 οὑκ
981 2976 1025 3044 ἄν
1047 3004 1099 3056 τις
1116 2982 1216 3064 έμέμ·

204 3087 299 3153 ψατο,
311 3079 342 3141 εί
347 3082 510 3143 τοσοῦτον
519 3081 648 3163 ἔχοντες
659 3081 776 3162 κέρδος
784 3081 973 3158 κερδαίνειν
982 3074 1092 3144 ἔπειθ’
1106 3079 1218 3146 ἑκοντὶ

202 3174 405 3257 προϊέμεθα,
422 3172 500 3259 μηδ’
513 3172 595 3243 αὑτδ
610 3183 710 3242 τοῦτο
726 3175 907 3244 αἰσθέσθαι
924 3178 1148 3262 δυνηθέντες,
1166 3176 1219 3244 ὅτι

202 3272 427 3358 ζημιούμεθας

131 3386 183 3444 635
287 3375 338 3437 28.
365 3377 536 3437 Τοσοῦτον
549 3372 612 3456 μὲν
628 3371 670 3458 δή
686 3371 779 3459 κάγιδ
799 3370 858 3440 τόν
874 3373 978 3458 λόγον
993 3371 1218 3458 ἐποιησάμην,

201 3464 308 3534 πολλά
330 3474 397 3533 τῶν
423 3469 570 3537 ένόντων
590 3498 647 3556 μοι
669 3473 744 3554 περὶ
770 3472 915 3549 κάλλους
937 3478 1042 3540 εἰπεῖν
1062 3469 1217 3558 άφελων,

202 3561 314 3649 ἐπειδή
330 3564 391 3648 τήν
407 3575 593 3636 συνουσίαν
608 3572 661 3637 ἐπὶ
677 3570 764 3638 πολὺ
779 3575 1067 3657 παρατεινομένην
1084 3571 1215 3654 ἑτέρων.
