2625 4092
274 283 578 356 ευιιιιοειοιι
600 302 626 354 ιι
648 292 879 358 ΛΑιιιεΑι.
1018 281 1082 366 329

74 468 132 535 θις
146 456 196 524 ἐπὶ
207 455 339 536 τούτοις
350 459 511 541 ἐγέλασαν
523 461 554 524 οἰ
569 456 751 542 συμπόται,
767 461 823 525 καὶ
836 460 874 538 δς
890 457 1080 550 ἀγανακτή-

74 573 136 634 σαςΙ
149 558 344 623 ἐπανίστατο
360 553 462 640 δριμὺ
476 557 530 623 καί
547 557 748 640 παράφορον
765 560 898 642 βλέπων
914 561 967 625 καὶ
983 565 1081 645 δῆλος

72 647 117 738 ῆν
132 649 243 722 οὐκέτι
260 653 397 740 εἰρήνην
418 654 516 733 ἄξων.
545 655 626 738 τάχα
645 651 678 720 δ’
693 652 737 720 ἀν
756 680 847 731 τινος
863 663 1020 724 καθίκετο
1040 665 1079 747 τῆ

73 758 251 840 βακτηρίᾳ,
272 757 302 818 εί
314 748 358 836 μή
373 749 455 816 κατά
471 747 590 832 καιρόν
602 751 842 834 εἰσεκεκόμιστο
859 760 1006 832 πλακοῦς
1022 753 1081 822 εό-

73 851 235 936 μεγέθης,
264 847 347 930 πρὸς
368 845 408 915 δν
431 845 621 935 ἀποβλέψας
641 846 848 934 ἡμερώτερος
871 851 999 934 ἐγένετο
1024 855 1080 922 καί

73 951 165 1031 ἔληξε
181 953 241 1012 τοῦ
256 953 373 1030 θυμοῦ
388 948 442 1012 καὶ
461 948 649 1028 ἐνεφορεῖτο
667 947 884 1030 συμπεριιών.
909 951 957 1016 17.
977 953 1081 1018 καλοί

72 1051 218 1110 πλεῖστοι
232 1045 379 1127 ἐμέθυον
393 1041 455 1129 ἤδη
467 1045 521 1109 καὶ
537 1049 617 1128 βοῆς
631 1040 753 1126 μεστόν
767 1037 810 1129 ἦν
820 1042 857 1109 τό
872 1048 1077 1131 συμπόσιον·
1097 1070 1144 1123 431

72 1139 90 1205 ό
108 1139 169 1225 Ιμὲν
185 1137 250 1224 γάρ
266 1140 526 1224 Διονυσόδωρος
540 1137 679 1225 ὁρήτωρ
695 1139 800 1208 αὐτοῦ
814 1142 924 1228 ῥήσεις
937 1143 1031 1224 τινὰς
1043 1150 1080 1213 ἐν

71 1243 164 1326 μέρει
180 1241 298 1328 διεξήει
313 1242 367 1306 καὶ
388 1242 538 1327 ἐπῃνεῖτο
555 1237 621 1306 ὑπό
637 1247 705 1306 τών
725 1241 866 1308 κατόπιν
883 1244 1079 1326 ἐφεστώτων

71 1343 226 1420 οἰκετῶν,
249 1335 267 1404 ὁ
284 1341 320 1404 δέ
338 1336 484 1416 Ἱστιαῖος
499 1335 517 1405 ὁ
534 1335 760 1423 γραμματικός
777 1341 964 1427 ἐρραψῴδει
981 1339 1078 1408 ἀστε-

71 1461 131 1518 ρος
145 1442 377 1518 κατακείμενος
393 1437 445 1502 καλ
462 1441 646 1520 συνέφερεν
662 1439 694 1513 ές
708 1434 744 1502 τό
760 1434 841 1504 αὐτὸ
853 1435 892 1503 τά
904 1441 1078 1522 Πινδάρου

71 1535 126 1601 καί
136 1531 293 1601 Ἡσιόδου
303 1534 357 1600 καὶ
370 1530 613 1617 Ἀνακρέοντος,
625 1531 670 1612 ὡς
681 1537 713 1614 έξ
724 1533 885 1602 ἀπάντων
896 1545 976 1622 μίαν
987 1535 1078 1628 ώδηυ

71 1631 273 1718 παγγέλοιον
284 1629 535 1716 ἀποτελεῖσθαι,
553 1633 694 1717 μάλιστα
706 1631 737 1698 δ’
747 1636 857 1701 έκείυα
872 1631 982 1718 ὥσπερ
995 1663 1078 1719 προ-

70 1727 318 1813 μαντευόμενος
331 1727 371 1795 τά
387 1730 564 1814 μέλλοντα,

117 1827 181 1892 συν
196 1825 227 1893 δ’
243 1833 363 1914 ἔβαλον
378 1827 509 1911 ῥινούς·

71 1927 126 1992 καὶ

116 2031 200 2092 ἔνθα
218 2020 248 2090 δ’
267 2021 322 2104 ἀρ’
341 2027 467 2111 οἰμωγή
485 2052 519 2093 τε
537 2029 591 2095 καλ
609 2025 735 2114 εὐχωλὴ
751 2028 851 2096 πέλεν
868 2024 1013 2109 ἀνδρῶν.
1124 2053 1133 2064 ’

69 2123 88 2188 ό
114 2124 302 2208 Ζηνόθεμις
328 2122 358 2189 δ’
387 2122 590 2208 ἀνεγίνωσκε
616 2125 705 2208 παρά
733 2132 793 2194 τοῦ
821 2124 937 2203 παιδός
964 2120 1078 2212 λαβὼν

69 2219 327 2304 λεπτόγραμμόν
347 2249 377 2286 τι
401 2228 541 2308 βιβλίον.
567 2229 626 2292 18.
648 2226 872 2293 διαλιπόντων
893 2224 928 2292 δὲ
950 2221 1075 2310 ὀλίγον,

69 2317 183 2398 ώσπερ
202 2319 357 2402 εἰώθασι,
379 2326 446 2385 τῶν
468 2325 761 2406 παρακομιζόντων
779 2323 818 2391 τά
838 2323 905 2403 ὄψα
921 2348 1077 2408 μηχανω-

69 2442 170 2503 μευος
185 2415 423 2496 Ἀρισταίνετος
437 2416 514 2504 μηδ”
534 2424 663 2488 ἐκεῖνον
679 2419 802 2509 ἀτερπῆ
819 2422 885 2490 τόν
896 2419 1015 2501 καιρόν
1031 2420 1078 2486 εἶ-

69 2544 127 2584 ναι
150 2518 232 2602 μηδὲ
253 2515 354 2582 κενόν
378 2521 529 2586 ἐκέλευσε
555 2517 614 2587 τόν
635 2518 860 2605 γελωτοποιόν
883 2517 1077 2587 εἰσελθόντα

70 2621 174 2683 εἰπεῖν
190 2611 257 2701 τιή
280 2623 399 2698 πρᾶξαι
414 2627 562 2702 γελοίου,
589 2617 634 2696 ὡςΙ
652 2623 697 2685 ἔτι
720 2628 847 2704 μᾶλλον
863 2624 896 2685 οἱ
912 2615 1077 2701 συμπόται

68 2721 271 2800 διαχυθεῖεν.
302 2719 356 2782 καὶ
378 2724 553 2802 παρῆλθεν
566 2715 721 2802 ἀμορφός
735 2747 783 2796 τις
804 2720 1002 2802 ἐξυρημένος
1016 2714 1078 2802 τῆν

68 2816 238 2900 κεφαλήν,
256 2812 367 2900 ὀλίγας
383 2817 435 2883 ἐπί
449 2823 489 2904 τῆ
503 2823 635 2903 κορυφή
651 2824 761 2908 τρίχας
775 2814 882 2898 ὀρθάς
894 2822 992 2899 ἔχων·
1016 2807 1077 2882 οὗ·

67 2941 125 2990 τος
144 2912 312 2999 ώρχήσατό
328 2941 362 2980 τε
384 2921 557 2982 κατακλῶν
572 2913 693 2982 ἑαυτόν
707 2916 1005 2998 καλδιαστρέφωυ,
1032 2912 1076 2992 ως
1094 2933 1146 2988 432

66 3015 275 3100 γελοιότερος
286 3022 417 3100 φανείη,
431 3018 484 3081 καὶ
497 3014 683 3081 ἀνάπαιστα
695 3021 889 3100 συγκροτῶν
901 3018 1077 3098 διεξῆλθεν

66 3116 293 3198 αἰγυπτιάζων
316 3123 356 3202 τῆ
381 3123 494 3202 φωνῆ,
520 3117 576 3182 καὶ
603 3115 694 3191 τέλος
718 3115 926 3180 ἐπέσκωπτεν
946 3115 978 3190 ἐς
999 3111 1077 3189 τοὺς

67 3212 245 3292 παρόντας.
270 3219 317 3281 19.
331 3216 366 3280 οἰ
374 3215 434 3296 μὲν
446 3205 509 3278 οὖν
522 3212 616 3279 ἄλλοι
628 3214 752 3295 ἐγέλων
763 3208 863 3276 ὁπότε
874 3221 1076 3295 σκωφθεῖεν,

67 3310 140 3377 ἐπεὶ
151 3311 252 3379 δὲκαὶ
269 3318 314 3389 εἰς
329 3309 389 3378 τόν
400 3309 639 3396 Ἀλκιδάμαντα
654 3307 773 3393 ὅμοιόν
783 3336 814 3376 τι
829 3306 991 3391 ἀπέρριψε
1002 3316 1077 3387 Με-

67 3418 197 3477 λιταῖον
217 3414 371 3477 κυνίδιον
383 3408 581 3490 προσειπών
600 3406 726 3487 αὐτόν,Ι
744 3406 975 3494 ἀγανακτήσας
993 3411 1077 3476 έκεῖ-

66 3533 128 3586 νος
138 3549 180 3561 ·-
192 3512 246 3576 καί
257 3510 359 3576 πάλαι
372 3509 408 3578 δὲ
420 3513 518 3594 δῆλος
529 3499 573 3595 ἦν
585 3514 729 3592 φθονών
739 3504 829 3596 αὐτῷ
843 3505 1077 3592 εὐδοκιμοῦντι
