2625 4092
228 309 268 373 72
585 314 894 373 AOYKIANOY

226 500 262 540 τε
278 471 351 539 ὅσοι
368 470 440 557 μετ’
453 470 637 558 Εὐμόλπου
652 470 709 558 ἐφ’
725 472 810 558 ἡμᾶς
822 474 1044 554 ἐστράτευσαν
1058 476 1164 541 καλαί
1175 498 1242 557 γυ-

227 584 340 649 ναῖκες
355 570 453 657 ὑμῶν
469 575 505 637 αἱ
517 568 597 654 μετά
610 568 805 654 Ἱππολύτης
820 572 977 639 ἐλάσασαι
994 575 1045 639 ἐπὶ
1060 570 1122 656 τὴν
1137 572 1245 637 πόλιν

227 667 307 736 οὐδὲ
318 666 412 737 άλλοι
424 667 498 735 ὅσοι
510 666 605 754 ἡμῶν
617 671 653 735 έν
667 666 783 747 ὅπλοις
795 671 1034 757 ἐπειράθησαν.
1056 668 1150 756 ἡμεῖς
1160 671 1241 755 γάρ,

227 762 254 836 οἷ
271 768 429 854 μακάριε,
451 765 512 836 οόκ
535 772 669 851 ἐπείπερ
690 766 779 835 οὕτω
794 768 905 853 γυμνά
922 768 961 836 τά
983 769 1118 854 σώματα
1137 773 1243 837 ἐκπο-

226 876 355 954 νοῦμεν
370 874 439 935 τῶν
459 870 562 950 νέων,
585 865 640 933 διά
658 875 756 934 τοῦτο
778 871 833 935 καὶ
855 868 984 934 άυοπλα
1006 869 1166 953 ἐξάγομεν
1184 868 1241 934 ἐπὶ

226 966 305 1046 τούς
320 968 519 1051 κινδύνους,
543 963 618 1034 ἀλλ’
636 965 772 1033 ἐπειδάν
792 964 873 1033 καθ’
891 964 1015 1044 αύτούς
1031 964 1159 1049 άριστοι
1181 966 1241 1047 γέ-

226 1094 368 1150 νωνται,
391 1064 573 1133 άσκούνται
590 1062 626 1131 τό
648 1063 729 1151 μετά
744 1072 842 1132 τοῦτο
858 1064 919 1145 ξύν
936 1078 1004 1142 τοῖς
1025 1062 1156 1142 ὅπλοις.
1183 1062 1240 1128 καλ

226 1161 314 1232 πολύ
329 1163 470 1248 άμεινον
482 1160 655 1249 χρήσαιντ’
673 1160 717 1229 άν
734 1162 847 1241 αὐτοῖς
861 1161 949 1230 οὕτω
966 1168 1176 1247 διακείμενοι.

312 1270 449 1330 ΑΝΑΧ.
473 1265 539 1329 Καὶ
554 1269 621 1328 ποῦ
641 1269 740 1329 τοῦτο
757 1259 838 1347 ὑμῖν
855 1264 921 1328 ἐστι
938 1258 975 1328 τό
993 1263 1183 1345 γυμνάσιον
1200 1259 1240 1328 τό

227 1364 264 1429 ἐν
279 1376 346 1440 τοῖς
360 1360 492 1441 ὅπλοιςς
515 1357 557 1427 ού
568 1357 632 1446 γάρ
649 1358 739 1427 εἶδον
754 1366 857 1446 ἔγωγε
870 1364 906 1426 έν
921 1366 961 1447 τῇ
973 1358 1067 1425 πόλει
1081 1368 1241 1425 τοιοῦτον

227 1458 329 1527 οὐδὲν
343 1459 478 1527 άπασαν
494 1456 600 1544 αὐτὴν
615 1462 650 1525 ἐν
667 1459 780 1547 κύκλῳ
795 1459 994 1540 περιελθών.

312 1565 413 1626 ΣΟΛ.
433 1555 530 1627 Ἀλλά
545 1562 629 1637 ίδοις
643 1556 703 1642 όν,
720 1552 746 1624 ὦ
761 1558 950 1644 Ἀνάχαρσι,
969 1558 1021 1625 ἐπὶ
1038 1560 1141 1625 πλέον
1155 1555 1241 1643 ἡμῖν
1300 1613 1301 1630 .

157 1675 207 1728 915
226 1660 483 1740 συνδιατρίψας,
506 1659 560 1723 καὶ
583 1655 669 1723 ὅπλα
688 1657 813 1746 ἐκάστφ
829 1657 917 1742 μάλα
937 1658 1061 1740 πολλά,
1083 1652 1132 1735 οἷς
1148 1657 1240 1743 χριό-
1300 1673 1301 1744 η

226 1766 315 1844 μεθα
330 1752 457 1822 ὁπόταν
471 1752 656 1839 άναγκαῖον
671 1746 695 1841 ᾖ
703 1807 710 1833 ,
730 1756 784 1821 καὶ
803 1754 931 1837 λόφους
953 1757 1007 1822 καλ
1028 1756 1165 1840 φάλαρα
1181 1756 1239 1821 καὶ
1300 1747 1301 1816 ἶ

228 1858 353 1932 ἵππους
367 1856 422 1920 καὶ
437 1856 555 1931 ίππέιις
570 1850 690 1937 σχεδόν
706 1848 743 1919 τό
763 1856 920 1934 τέταρτον
934 1862 1001 1919 τῶν
1018 1861 1174 1921 πολιτῶν.
1199 1851 1238 1919 τό

227 1956 341 2037 μέντοι
358 1949 562 2037 ὁπλοφορεῖν
577 1949 628 2018 άελ
643 1952 697 2017 καὶ
715 1943 881 2037 ἀκινάκην
896 1957 1107 2033 παρεζῶσθαι
1122 1978 1240 2033 περιτ-

227 2048 287 2117 τόν
310 2052 347 2117 ἐν
370 2052 486 2137 εἰρήνη
508 2050 650 2135 οἰόμεθα
674 2047 775 2132 εἶναι,
801 2050 856 2117 καὶ
877 2051 1063 2135 πρόστιμόν
1083 2048 1117 2135 γ’
1135 2056 1238 2132 ἐστιν,

228 2146 319 2226 ὅστις
331 2150 367 2214 ἐν
378 2146 469 2215 ὅστει
484 2151 725 2233 σιδηροφοροίη
737 2150 842 2231 μηδὲν
852 2144 962 2233 δέουῆ
974 2147 1060 2216 ὅπλα
1072 2151 1240 2233 ἐξενέγκοι

228 2252 274 2322 είς
283 2243 320 2312 τό
332 2246 502 2330 δημόσιον.
516 2242 608 2329 ὑμεῖς
620 2248 655 2311 δὲ
666 2248 874 2329 συγγνωστοὶ
885 2249 922 2313 ἐν
933 2244 1048 2324 ὅπλοις
1059 2244 1109 2315 άελ
1121 2254 1239 2333 βιούν-

227 2369 294 2420 τες·
317 2344 355 2410 τό
370 2370 404 2410 τε
418 2344 482 2429 γάρ
505 2346 541 2411 ἐν
557 2342 717 2432 α’φράκτφ
736 2348 840 2410 οίκεῖυ
857 2345 975 2431 ῥηίδιον
992 2348 1024 2423 ἐς
1041 2345 1238 2431 ἐπιβουλήν,
1301 2355 1302 2404 λ

228 2446 282 2511 καὶ
301 2447 335 2510 οί
349 2446 499 2528 πολέμιοι
515 2444 604 2528 μάλα
622 2449 756 2524 πολλοί,
772 2443 827 2509 καλ
838 2440 964 2528 ἄδηλον
981 2440 1080 2510 ὁπότε
1099 2470 1149 2520 τις
1164 2446 1239 2510 ἐπι-

226 2543 306 2623 στάς
327 2570 537 2630 κοιμομενον
562 2542 773 2620 κατασπάσας
795 2540 860 2609 άπό
882 2552 939 2629 τῆς
960 2541 1086 2629 ἁμάξης
1109 2544 1240 2628 φονεύ-

226 2664 330 2711 σειεν
355 2640 423 2729 ἥτε
435 2639 517 2727 πρός
536 2639 701 2726 ἀλλήλους
719 2638 870 2725 άπιστία,
893 2639 1101 2725 αὐθαιρέτως
1119 2645 1174 2709 καὶ
1192 2639 1238 2729 μὴ

225 2746 263 2811 ἐν
274 2744 367 2831 νόμῳ
381 2745 731 2827 ξυμπολιτευομένων,
754 2737 937 2826 ἀναγκαῖον
954 2738 1005 2807 άεὶ
1021 2737 1080 2807 τόν
1096 2745 1240 2825 σίδηρον

227 2854 330 2922 ποιεῖ,
355 2837 398 2919 ὡς
410 2847 551 2924 πλησίου
563 2836 648 2905 εἶναι
661 2836 872 2923 ἀμυνοῦντα,
895 2846 928 2905 εί
934 2862 982 2915 τις
993 2838 1150 2924 βιάζοιτο.

310 2943 361 3005 35.
374 2945 511 3005 ΑΝΑΧ.
528 2935 620 3019 Εἶτα,
634 2928 661 3003 ὅ
673 2936 804 3019 Σόλων,
817 2941 1055 3021 σιδηροφορεῖν
1064 2940 1127 3023 μὲν
1138 2934 1237 3003 ούδε-

226 3035 285 3113 νός
297 3034 482 3121 άναγκαίου
495 3038 592 3103 ἕνεκα
609 3032 766 3118 περιττόν
776 3032 856 3119 ύμῖν
868 3035 1025 3103 δοκεῖκαὶ
1040 3044 1110 3101 τῶν
1121 3033 1237 3102 ὅπλων

227 3138 401 3220 φείδεσθε,
426 3132 469 3211 ὡς
486 3131 530 3219 μὴ
548 3130 603 3200 διά
623 3130 732 3219 χειρός
750 3131 831 3200 ὅντα
849 3142 1040 3218 φθείροιτο,
1064 3132 1148 3201 άλλά
1169 3160 1237 3219 φυ-

225 3234 357 3301 λάττετε
374 3229 577 3317 ἀποκείμενα
597 3229 640 3309 ὡς
658 3231 857 3317 χρησόμενοι
876 3231 950 3298 τότε
966 3238 1024 3317 τῆς
1041 3237 1154 3316 χρείας
1165 3233 1238 3299 ἐπι-

226 3330 361 3415 στάσης·
383 3327 424 3397 τά
447 3333 482 3397 δὲ
504 3331 639 3414 στόματα
658 3336 726 3395 τῶν
743 3332 830 3396 νέων
851 3326 990 3408 οὐδενός
1010 3333 1126 3396 δεινοῦ
1148 3332 1236 3397 ἐπεί-

225 3456 344 3517 γοντος
355 3445 570 3499 καταπονεῖτε
582 3436 734 3506 παίοντες
745 3430 799 3497 καὶ
810 3426 876 3495 ὑπό
889 3436 957 3495 τῶν
968 3432 1120 3508 ίδριιτωυ
1134 3454 1235 3493 κατα-

227 3534 455 3610 ναλίσκοντες,
489 3527 530 3594 ού
551 3527 785 3611 ταμιευόμενοι
808 3524 891 3609 πρός
911 3524 948 3593 τό
972 3523 1159 3609 άναγκαῖου
1178 3522 1237 3602 τάς
