2625 4092
236 276 298 338 160
585 279 893 340 ΛΟΥΚΙΑΝΟΤ

208 519 211 524 ,
234 437 325 516 ὅπως
338 437 399 506 τδν
413 442 569 524 τρέχοντα
585 436 730 525 ἐπισχὼν
743 433 765 523 ἢ
780 440 958 524 ἐμποδίσας
973 445 1173 527 ἐπιστομιεῖ,
1191 437 1241 522 ὥς,

235 542 265 602 εἰ
284 534 407 602 τούτου
426 537 618 621 διαμάρτοι,
643 534 706 604 ούκ
728 534 772 603 ἀν
793 561 872 604 ποτε
894 547 1027 625 νικῆσαι
1045 541 1241 624 δυνάμενος.
1303 622 1304 625 ¹

233 631 356 718 ὁμοίως
370 635 406 701 δὲ
417 635 548 713 τούτοις
563 631 628 701 κάν
637 648 708 712 ταῖς
723 641 848 720 φιλίαις
859 643 929 702 τοίυ
940 635 1153 723 εὐδαιμόνων
1164 637 1241 702 τού-

232 758 300 798 των
316 739 459 819 γίνεται·
489 730 506 800 ὁ
528 731 592 819 γάρ
613 737 764 817 προέχων
781 731 898 800 αὐτίκα
919 734 1173 821 ἐπιβουλεύεται
1190 733 1242 799 καλ

164 847 215 900 143
234 829 425 916 ἀφύλακτος
454 833 490 898 έν
512 833 600 921 μέσφ
623 832 764 916 ληφθεὶς
791 839 858 898 τῶν
887 837 1063 918 δυσμενῶν
1088 829 1242 917 ἀνηρπά-

233 937 317 1014 σθη,
335 933 370 995 oi
384 928 419 994 δέ
437 926 630 1012 ἀγαπῶνται
647 931 701 996 καλ
719 937 810 1013 φίλοι
827 934 985 996 δοκοῦσιν
1003 933 1035 1009 ἐξ
1053 923 1101 997 ὧν
1121 927 1242 1003 ἀλλους

231 1027 392 1115 βλάπτειν
406 1031 533 1106 ἔδοξαν.
558 1031 608 1092 13.
624 1026 662 1092 τό
680 1053 714 1092 τε
729 1024 921 1106 ἀξιόπιστον
936 1035 992 1114 τῆς
1008 1031 1167 1113 διαβολῆς
1184 1022 1242 1110 ούχ

234 1152 276 1202 τις
287 1130 404 1208 ἔτυχεν
415 1127 624 1206 ἐπινοοῦσιν,
641 1121 715 1191 ἀλλ’
731 1127 767 1190 έν
779 1126 886 1215 τούτφ
901 1124 937 1192 τὸ
950 1134 1017 1192 πᾶν
1029 1123 1141 1202 αὐτοῖς
1152 1127 1241 1191 ἐστιν

231 1227 331 1306 ἔργον
347 1222 511 1288 δεδοικόσι
533 1249 564 1287 τι
585 1223 756 1303 προσάψαι
776 1219 913 1312 ἀπῳδόν
934 1219 955 1309 ῆ
976 1225 1030 1290 καὶ
1051 1221 1240 1303 ἀλλότριον.

233 1317 275 1397 ἀς
289 1327 375 1404 γοῦν
386 1322 438 1387 ἐπὶ
449 1318 536 1388 πολι)
549 1317 590 1385 τά
601 1320 771 1401 προσόντα
783 1329 830 1405 τῷ
843 1324 1091 1412 διαβαλλομένῳ
1106 1318 1193 1402 πρὸς
1203 1318 1239 1384 τὸ

231 1433 342 1505 χεῖρον
356 1419 616 1504 μεταβάλλοντες
630 1415 692 1483 οὐκ
707 1415 897 1496 ἀπιθάνους
914 1427 1089 1488 ποιοῦνται
1104 1417 1164 1495 τάς
1179 1444 1240 1484 κα-

231 1524 401 1602 τηγορίας,
420 1512 493 1582 οἷον
505 1513 565 1583 τόν
581 1515 642 1600 μέν
658 1515 774 1599 ἰατρόν
789 1519 1028 1603 διαβάλλουσιν
1044 1515 1088 1594 ὡς
1104 1542 1241 1602 φαρμα-

232 1621 308 1700 κέα,
330 1612 390 1681 τόν
406 1613 571 1682 πλούσιον
586 1613 622 1679 δὲ
642 1611 685 1690 ὡς
701 1611 886 1698 τύραννον,
907 1611 967 1682 τόν
983 1612 1188 1696 τυραννικόν
1205 1615 1240 1680 δὲ

164 1738 212 1789 144
233 1712 277 1790 ὡς
292 1711 502 1793 προδοτικόν.
529 1717 576 1778 14.
596 1715 700 1779 εὐίοτε
717 1713 829 1795 μέντοι
845 1713 900 1780 καὶ
916 1709 932 1778 ὁ
949 1713 1162 1797 ἀκροώμενος
1178 1710 1240 1776 αύ-

232 1809 288 1890 τδς
302 1808 484 1898 ὑποβάλλει
499 1818 556 1896 τῆς
571 1816 728 1895 διαβολῆς
742 1806 800 1887 τάς
815 1807 986 1895 ἀφορμάς,
1009 1812 1063 1878 καλ
1080 1806 1163 1894 πρὸς
1180 1807 1241 1876 τόν

232 1914 363 1978 ἐκείνου
379 1910 505 1992 τρόπον
523 1914 557 2001 ολ
572 1908 752 1992 κακοήθεις
768 1906 863 1976 αὐτοὶ
885 1908 1105 1995 ἁρμοζόμενοι
1122 1905 1239 1974 εύστο·

230 2016 357 2096 χούσιν.
386 2004 429 2093 ῆν
444 2009 505 2093 μέν
519 2007 584 2093 γάρ
604 2007 789 2093 ζηλότυπον
806 2005 910 2074 αὐτόν
926 2006 1006 2074 ὅντα
1022 2013 1134 2091 ἴδωσι,
1156 2009 1240 2075 Διέ-

232 2128 346 2190 νευσε,
370 2113 468 2191 φασί,
491 2114 531 2192 τῆ
546 2113 685 2191 γυναικί
700 2126 763 2172 σου
778 2103 865 2188 παρά
883 2103 920 2173 τό
938 2111 1075 2173 δεῖπνον
1090 2108 1144 2172 καὶ
1160 2103 1241 2172 ἀπι-

231 2203 301 2271 διδν
316 2208 349 2282 ές
362 2203 468 2290 αύτῆυ
481 2207 646 2286 ἐστέναξε,
665 2205 719 2270 καὶ
731 2201 751 2288 ῆ
763 2211 971 2290 Στρατονίκη
983 2202 1069 2287 πρὸς
1081 2201 1186 2270 αὐτὸν
1198 2201 1240 2270 ού

229 2305 317 2390 μάλα
331 2301 455 2390 ἀηδοῦς·
478 2306 532 2371 καλ
548 2303 633 2381 ὅλως
646 2306 803 2386 ἐρωτικαί
816 2329 903 2380 τινες
921 2304 975 2370 καὶ
991 2305 1136 2389 μοιχικαὶ
1155 2301 1239 2385 πρὸς

230 2399 334 2470 αὐτόν
345 2408 381 2470 αἱ
394 2407 554 2489 διαβολαί.
576 2397 619 2488 ῆν
632 2404 668 2469 δὲ
684 2401 854 2489 ποιητικός
870 2397 957 2492 ῆκαὶ
968 2405 1020 2470 ἐπὶ
1035 2403 1142 2492 τούτῳ
1153 2405 1237 2488 μέγα

229 2509 357 2592 φρονῆ,
374 2499 434 2568 Mo}
446 2501 505 2570 Δί’
521 2502 677 2588 ἐχλεύασέ
691 2523 755 2570 σου
766 2503 945 2582 Φιλόξενος
962 2500 1001 2570 τά
1017 2507 1078 2588 ἔπη
1096 2503 1151 2569 καὶ
1169 2506 1238 2569 διέ·
1302 2535 1303 2538 “

228 2625 310 2685 συρε
331 2602 386 2668 καλ
402 2597 526 2685 ἀμετρα
543 2597 634 2667 εἶπεν
654 2598 738 2667 αύτά
755 2603 809 2667 καὶ
825 2599 1068 2668 κακοσύνθετα.
1100 2599 1185 2684 πρὸς
1200 2603 1237 2668 δὲ

227 2699 287 2767 τόν
303 2697 422 2786 εύσεβῆ
444 2701 499 2766 καλ
516 2701 682 2785 φιλόθεον
699 2697 742 2778 ὡς
759 2700 862 2778 ἀθεος
876 2703 930 2767 καὶ
952 2698 1089 2779 ἀνόσιος
1105 2697 1123 2769 ὁ
1140 2707 1237 2784 φίλος
1302 2697 1303 2702 ¹

228 2801 437 2885 διαβάλλεται
450 2802 504 2866 καὶ
517 2796 561 2878 ὡς
574 2798 611 2867 τὸ
623 2809 721 2866 θεῖον
732 2800 999 2885 παρωθούμενος
1009 2802 1063 2868 καὶ
1075 2797 1138 2887 τῆν
1151 2801 1236 2884 πρό-

161 2915 210 2968 145
229 2924 327 2964 νοιαν
341 2897 564 2982 ἀρνούμενος·
593 2896 664 2966 ὅδὲ
685 2897 831 2977 ἀκούσας
847 2897 953 2978 εὐθὺς
968 2899 1081 2984 μύωπι
1099 2897 1153 2966 διά
1175 2907 1235 2966 τοῦ

228 2995 310 3075 ὠτός
326 3000 437 3075 τυπεὶς
448 2999 659 3065 διακέκαυται
674 2995 763 3075 άςτό
776 2995 863 3076 ελκδς
874 3001 929 3065 καὶ
940 2995 1164 3081 ἀπέστραπται
1176 2996 1236 3066 τόυ

228 3105 327 3180 φίλον
344 3093 385 3160 οὐ
402 3104 593 3181 περιμείνας
609 3093 671 3162 τόν
686 3095 807 3183 ἀκριβῆ
823 3101 966 3182 ἔλεγχον.
998 3102 1046 3188 15.
1066 3095 1152 3174 ὅλως
1169 3095 1235 3185 γάρ

226 3193 265 3260 τὰ
282 3199 418 3260 τοιαῦτα
433 3196 604 3261 ἐπινοοῦσι
620 3198 674 3262 καλ
690 3198 862 3281 λέγουσιν,
881 3195 903 3263 ἀ
919 3197 1060 3282 μάλιστα
1075 3207 1187 3266 ἴσασιν
1204 3201 1237 3276 ἐς

226 3291 331 3378 ὀργῆν
352 3292 525 3376 δυνάμενα
545 3297 815 3377 προκαλέσασθαι
836 3293 896 3364 τόν
918 3293 1153 3381 ἀκροώμενον,
1181 3302 1257 3364 καὶ·

226 3398 312 3460 ε’νθα
332 3392 455 3475 τρωτός
474 3394 563 3458 έστιν
577 3394 714 3472 ἕκαστος
731 3396 959 3481 ἐπιστάμενοι,
983 3392 1034 3461 ἐπ’
1054 3399 1161 3463 έκεῖνο
1178 3423 1222 3463 το

227 3487 359 3565 ξεύουσι
380 3491 434 3557 καὶ
450 3487 679 3570 ἀκοντίζουσιν
701 3496 733 3571 ές
755 3493 854 3579 αύτό,
882 3493 965 3561 ὥστε
986 3502 1025 3583 τῆ
1047 3504 1234 3580 παραυτίκα
