2625 4092
210 298 272 361 390
572 298 869 359 AOYKIANOT

212 452 254 527 οὗ
269 465 288 527 δ
295 459 302 482 ’
316 453 378 527 οὖν
390 467 542 527 τοσοῦτοι
554 461 756 545 γεγόναμεν,
774 463 952 528 ἐπιδέδωκε
967 468 1098 547 μᾶλλον
1108 464 1219 544 ἐπιορ-

142 575 192 630 ⁵35
213 566 266 629 κία
281 561 336 629 καὶ
350 563 536 644 ίεροσυλία,
552 561 607 625 καὶ
618 557 704 634 ὅλως
719 561 1057 644 καταπεφρονήκασιν
1070 558 1172 645 ήμῶν
1187 553 1223 627 εί

211 666 394 736 ποιοῦντες.
420 664 470 726 13.
482 660 537 725 καὶ
549 664 651 723 ταῦτα
663 657 725 742 μὲν
735 666 809 739 περὶ
821 666 888 725 τῶν
899 659 1018 725 νόθων
1029 661 1086 727 καὶ
1097 685 1224 745 παρεγ-

210 758 379 842 γράπτων.
408 753 472 841 έγιδ
494 756 529 822 δὲ
551 756 605 822 καὶ
626 760 703 835 ξένα
719 751 867 840 ὀνόματα
885 754 991 824 πολλὰ
1006 754 1071 842 ήδη
1085 754 1224 825 ἀκούων

212 854 289 925 ούτε
306 854 415 923 όντων
432 860 535 922 τινῶν
552 852 630 938 παρ’
648 851 728 939 ήμῑν
745 853 823 922 ούτε
838 863 998 941 συστῆναι
1014 856 1104 935 ὅλως
1118 862 1225 925 δυνα-

212 957 341 1039 μένων,
359 954 466 1039 πύνυ,
485 946 604 1035 ύΖεῦ,
627 956 683 1022 καὶ
697 955 750 1022 ἐπὶ
763 954 894 1034 τούτοις
909 964 1004 1041 γελῶ.
1031 953 1054 1041 ή
1071 964 1145 1023 ποῦ
1159 955 1224 1041 γάρ

213 1056 302 1119 ἐστιν
312 1048 333 1137 ή
345 1050 600 1135 πολυθρύλητος
612 1050 712 1137 ἀρετή
726 1054 778 1119 καὶ
790 1053 892 1136 φύσις
907 1055 961 1121 καί
973 1057 1160 1138 εἱμαρμένη
1172 1054 1225 1119 καὶ

212 1150 310 1237 τύχη,
336 1147 549 1217 ἀνυπόστατα
573 1151 628 1217 καὶ
651 1148 732 1217 κενά
756 1151 960 1237 πραγμύτων
985 1149 1138 1237 ὀνόματα
1159 1147 1225 1218 ὑπὸ

212 1257 347 1336 βλακῶν
369 1246 564 1331 ἀνθρώπων
585 1256 652 1315 τῶν
679 1249 878 1334 φιλοσόφων
899 1253 1143 1336 ἐπινοηθέντος
1172 1252 1227 1317 καί

212 1347 301 1434 ὅμως
325 1345 519 1433 αὐτοσχέδια
546 1346 627 1414 ὅντα
649 1347 738 1415 οὕτω
764 1347 842 1427 τούς
864 1346 1030 1436 ἀνοήτους
1051 1354 1225 1429 πέπεικεν,

214 1447 298 1514 ὥστε
312 1444 422 1525 οὐδεὶς
440 1444 520 1532 ἡμῖν
541 1444 618 1513 ούδέ
633 1445 737 1513 θύειν
753 1446 923 1533 βούλεται,
949 1447 1044 1528 είδοές
1063 1446 1136 1530 ὅτι,
1161 1443 1228 1515 κάν

213 1550 333 1631 μυρίας
351 1546 533 1631 ἑκατόμβας
547 1546 758 1633 παραστήσῃ,
775 1543 865 1632 ὅμως
879 1545 941 1633 τήν
956 1549 1060 1633 τύχην
1069 1549 1227 1631 προέξου-

213 1668 276 1711 σαν
293 1643 333 1711 τὰ
351 1647 577 1730 μεμοιραμένα
592 1646 646 1711 καὶ
666 1641 688 1709 ἀ
703 1647 735 1722 ἐξ
752 1641 854 1731 ἀρχής
869 1646 996 1736 έκάστω
1011 1647 1224 1729 ἐπεκλύσθη.

211 1743 316 1829 ἡδέως
331 1738 375 1810 ἀν
389 1735 453 1810 οὖν
468 1746 604 1828 ἐροίμην
621 1763 674 1826 σε,
692 1736 718 1809 ὦ
732 1751 816 1827 Ζεῦ,
836 1754 869 1812 εί
880 1771 946 1813 που
962 1746 1046 1825 εἶδες
1059 1741 1083 1831 ή
1098 1742 1229 1829 ἀρετήν

213 1840 235 1929 ή
252 1842 358 1928 φύσιν
380 1837 635 1928 ήείμαρμένην;
659 1840 710 1908 ότι
729 1845 790 1928 μὲν
809 1841 873 1928 γάρ
887 1841 938 1912 ἀεὶ
953 1846 1008 1912 καὶ
1027 1842 1071 1911 σὺ
1087 1842 1229 1921 ἀκούεις
1299 1914 1300 1923 ,

213 1946 250 2009 ἐν
265 1954 334 2017 ταῖς
349 1947 416 2005 τῶν
431 1940 628 2026 φιλοσόφων
644 1944 841 2026 διατριβαῖς,
863 1940 952 2025 οἶδα,
978 1949 1007 2011 εί
1020 1940 1065 2028 μή
1082 1946 1139 2012 καὶ
1154 1968 1228 2010 κω-

214 2040 279 2127 φός
299 2066 347 2116 τις
364 2037 407 2121 εί,
432 2036 476 2117 ως
490 2039 649 2127 βοώντων
676 2036 788 2106 αὐτῶν
810 2039 854 2127 μή
875 2044 1010 2109 ἐπαΐειν.
1043 2037 1153 2107 πολλὰ
1176 2046 1228 2107 ἐτι

214 2144 299 2221 ἔχων
321 2143 425 2205 εἰπεῖν
443 2138 644 2203 καταπαύσω
664 2139 858 2224 τὸνλόγον·
881 2137 949 2221 ὁρῶ
970 2146 1057 2223 γοῦν
1074 2136 1229 2216 πολλούς

212 2235 422 2322 ἀχθομένους
438 2262 495 2324 μοι
515 2238 645 2321 λέγοντι
660 2240 715 2304 καί
736 2245 962 2323 συρίττοντας,
988 2239 1138 2312 ἐκείνους
1155 2236 1228 2319 μα’-

212 2344 323 2417 λιστα,
342 2326 390 2400 ὧν
403 2334 580 2420 καθήψατο
596 2330 617 2419 ή
633 2342 799 2418 παρρησία
814 2341 881 2401 των
894 2334 1015 2419 λόγων.
1050 2337 1099 2400 14.
1117 2338 1228 2414 πέρας

211 2439 297 2518 γοῦν
313 2438 343 2500 εί
359 2434 502 2515 ἐθέλεις,
526 2424 552 2497 ό
567 2438 650 2513 Ζεῦ,
674 2431 829 2517 ψήφισμά
844 2459 875 2500 τι
894 2433 969 2517 περὶ
989 2432 1118 2499 τούτων
1134 2429 1228 2496 ἀνα-

210 2532 382 2617 γνώσομαι
400 2528 462 2614 ήδη
481 2531 783 2614 ξυγγεγραμμένον.

294 2636 420 2698 ΖΕΥΣ.
440 2624 645 2713 Ἄνάγνωθι·
668 2625 710 2693 οὐ
724 2628 833 2695 πάντα
847 2625 912 2713 γάρ
930 2625 1060 2713 ἀλόγως
1079 2622 1224 2716 ήτιάσω.

210 2728 266 2795 καὶ
281 2731 333 2794 δεῖ
351 2723 390 2793 τά
413 2721 519 2793 πολλοὶ
538 2725 649 2796 αὐτῶν
665 2728 826 2812 ἐπισχεῖν,
850 2723 895 2804 ὡς
909 2724 953 2812 μή
972 2728 1023 2792 ἐπὶ
1042 2733 1162 2792 πλείου
1178 2720 1227 2789 ἀν

209 2831 369 2911 γίγνηται.

567 2972 866 3022 ΨΗΦΙΣΜΑ.

291 3102 418 3193 Ἀγαθή
439 3103 530 3191 τύχη.
550 3101 739 3189 Ἐκκλήσίας
753 3103 898 3189 ἐννόμου
914 3101 1078 3191 ἀγομένης
1093 3106 1225 3194 ἑβδόμη

210 3206 390 3290 ἱσταμένου
404 3202 422 3270 ὁ
438 3201 523 3280 Ζεύς
539 3204 744 3285 ἐπρυτάνευε
758 3205 814 3269 καὶ
829 3201 1015 3289 προήδρευε
1030 3207 1222 3285 Ποσειδῶν,

210 3301 377 3369 ἐπεστάτει
390 3299 576 3385 Ἀπόλλων,
592 3302 819 3387 ἐγραμμάτευε
834 3308 963 3387 Μῶμος
972 3297 1110 3379 Νυκτὸς
1125 3305 1185 3369 καί
1202 3299 1223 3367 ὁ

211 3397 332 3476 Ὕπνος
346 3396 408 3483 τήν
422 3399 561 3484 γνωμην
578 3397 679 3466 εἶπεν.
701 3396 812 3485 ἐπειδή
825 3401 941 3467 πολλοὶ
956 3405 1023 3465 τῶν
1037 3402 1162 3483 ξένων,
1179 3396 1223 3465 ού

211 3495 497 3583 μόνονἝλληνες,
515 3493 597 3564 ἀλλά
614 3500 669 3565 καὶ
684 3498 866 3583 βάρβαροι,
888 3495 1041 3582 οὐδαμῶς
1054 3494 1141 3577 ἄξιοι
1159 3495 1223 3563 ὅν-
