2625 4092
245 299 286 362 38
605 310 904 368 ΛΟΥΚΙΑΝΟΤ

246 479 312 548 λως
322 469 385 554 μὲν
399 469 529 556 τούσδε,
548 472 665 553 ἑτέρως
676 470 712 537 δὲ
722 467 843 536 τούσδε
857 484 1063 556 παρασιτεῖν,
1080 467 1164 539 οὐδέ
1172 479 1261 540 εἰσιν
1306 448 1308 466 ¹

248 566 292 645 (ὃς
313 574 400 635 ἔοικε
419 567 599 652 παράσιτοί
616 592 705 644 τινες
723 562 798 634 οἷον
819 570 965 636 Στωϊκοὶ
988 564 1010 654 ἦ
1034 564 1261 652 Ἐπικούρειοι

246 667 394 751 δόγματα
407 670 536 752 ἔχοντες
547 665 713 751 διάφορα,
729 664 813 735 άλλᾶ
824 673 906 734 πᾶσι
917 666 1001 753 πρὸς
1011 664 1162 745 ἅπαντας
1172 665 1262 754 ὁμο·

245 772 341 849 λογία
354 769 402 840 τίς
419 766 488 831 ἐστι
508 765 562 832 καὶ
576 771 756 849 συμφωνία
770 772 838 832 τῶν
855 771 964 850 ἔργων
983 768 1113 833 καὶτοῦ
1128 768 1259 844 τέλους.

246 861 330 931 (ὅστε
352 867 464 949 ἔμοιγε
486 867 581 929 δοκεῖ
601 859 622 948 ἡ
648 861 846 949 παρασιτικὴ
872 864 1086 932 κινδυνεύειν
1111 865 1197 932 κατά
1219 891 1260 950 γε

245 971 345 1033 τοῦτο
360 964 415 1030 καὶ
429 969 531 1047 σοφία
546 960 641 1029 εἶναι.

330 1066 381 1128 31.
401 1066 497 1129 TYX.
518 1059 619 1127 Πάνυ
630 1087 686 1145 μοι
701 1064 809 1138 δοκεῖς
820 1069 923 1129 ταῦτα
938 1066 1062 1138 ἱκανῶς
1076 1063 1259 1146 είρηκέναι.

246 1157 291 1235 ὡς
317 1157 353 1224 δὲ
377 1158 432 1224 καὶ
453 1154 493 1226 τά
514 1153 597 1224 άλλα
621 1164 743 1241 χείρων
762 1159 850 1225 ἐστὶν
869 1155 891 1244 ἡ
913 1165 1095 1243 φιλοσοφία
1114 1164 1173 1243 τῆς
1196 1165 1259 1244 σῆς

244 1258 376 1342 τέχνης,
392 1262 461 1333 πῶς
477 1252 728 1335 άποδεικυάεις;

329 1361 428 1422 ΠΛΡ.
453 1351 590 1422 Οὐκοῦν
610 1351 741 1439 ἀνάγκη
761 1359 895 1472 πρῶπον
916 1361 1021 1422 εἰπεῖν
1040 1354 1092 1422 ὅτι
1115 1365 1260 1440 φιλοσο-

245 1458 325 1540 φίας
341 1454 403 1537 μὲν
424 1449 583 1520 οὐδέποτε
603 1449 739 1540 ἠράσθη
755 1453 954 1538 παράσιτος,
979 1462 1198 1541 παρασιτικῆς
1218 1457 1259 1523 δὲ

173 1567 227 1625 860
244 1549 432 1637 πάμπολλοι
443 1550 710 1636 ἐπιθυμήσαντες
719 1550 1189 1636 μνημονεύονταιφιλόσοφοι,
1199 1556 1257 1660 καὶ

244 1651 338 1735 μέχρι
351 1675 389 1735 γε
404 1675 470 1716 νυν
482 1651 590 1731 ἐρωσι.

331 1753 428 1814 ΤΤΧ.
449 1749 515 1814 Καὶ
532 1754 623 1825 πίνας
637 1741 682 1814 άυ
696 1751 837 1812 είπεῖυ”
817 1771 903 1830 εχοις
918 1747 1128 1832 φιλοσόφους
1143 1773 1258 1832 παρα·
1306 1783 1308 1809 ι

244 1858 347 1912 σιτεῑν
361 1845 634 1926 σπουδάσαντας,

328 1949 427 2011 ΠΛΡ.
453 1941 620 2022 Ου’στινας
635 1945 766 2029 μέντοι,
782 1968 809 2008 ω
797 1933 986 2029 Τυχιάδης
1003 1942 1067 2022 οὓς
1081 1947 1134 2012 και
1143 1965 1187 2011 συ
1199 1972 1257 2030 γι-

244 2043 386 2108 νώσκων
401 2039 567 2131 ὑποκρίνῃ
584 2041 720 2128 ἀγνοεῖν
739 2036 822 2125 πρὸς
835 2039 935 2124 ἐμὲ“
907 2067 952 2119 ως
965 2068 1056 2120 τινος
1071 2039 1184 2119 αὐτοῖς
1198 2048 1257 2110 ac-

244 2138 368 2222 σχάνης
382 2141 543 2206 ἐντεῦθεν
559 2140 775 2225 γιγνομένης,
793 2134 866 2222 οὐχὶ
878 2145 982 2223 τιμῆς.

322 2243 427 2307 ΤΡΧ.
452 2235 506 2306 06
519 2237 565 2324 μὰ
582 2236 642 2305 τὸν
656 2245 740 2320 Δία,
758 2228 786 2302 ὦ
799 2242 934 2321 Σίμων,
950 2233 1034 2305 άλλά
1049 2239 1103 2305 καὶ
1118 2236 1257 2322 σφόδρα

244 2331 358 2416 ἀπορῶ
367 2333 529 2413 ὀὕστινας
543 2338 598 2404 καὶ
612 2333 714 2424 εὕρῃς
730 2339 843 2402 εἰπεῖν.

327 2437 427 2499 ΠΛΡ.
446 2425 485 2499 Ὠ
508 2447 657 2519 γενναῖε,
678 2432 722 2500 σά
741 2459 799 2519 μοι
814 2437 922 2514 δοκεῖς
937 2433 1081 2520 ἀνήκοος
1096 2433 1180 2503 εἶναι
1195 2439 1255 2502 καὶ
1306 2442 1307 2505 3

242 2539 311 2597 τοῖν
324 2527 593 2616 ἀναγραψάντων
609 2530 689 2611 τούς
704 2535 841 2600 ἐκείνων
851 2540 962 2620 βίους,
979 2536 1048 2601 ἐπεὶ
1063 2535 1197 2612 πάντως
1207 2530 1257 2600 άν
1306 2542 1307 2571 ÷

243 2632 297 2698 καὶ
314 2633 496 2716 ἐπιγνῶναι
512 2629 669 2710 οὕστινας
679 2635 767 2751 λέγω
782 2633 910 2700 δύναιο.

291 2737 424 2798 TPX.
446 2731 512 2798 Καὶ
523 2734 636 2815 μέντοι
649 2727 691 2816 νὴ
703 2730 763 2798 τόυ
771 2729 935 2815 Ἡρακλέα
949 2739 1048 2800 ποθω
1059 2730 1130 2818 66'
1111 2733 1257 2799 ακούειν

242 2835 329 2906 τίνες
342 2833 437 2896 είσίν.

326 2933 425 2994 ΠΛΡ.
451 2925 533 3014 Ἐγώ
555 2949 608 2996 σοι
631 2932 727 3008 δείξω
746 2929 800 2995 καὶ
822 2931 987 3008 καταλέξω
1007 2925 1130 3048 πίπους
1149 2924 1252 3005 ὄντας

135 3097 138 3102 ,
242 3021 315 3108 ουχὶ
325 3049 404 3102 τους
415 3027 657 3110 φαυλοταιους,
673 3024 747 3094 άλλ’
761 3052 805 3104 ως
816 3024 882 3110 ἐγω
893 3031 981 3093 δοκω
983 3025 1082 3108 ,τούς
1094 3025 1256 3111 ἀρίστους

241 3117 346 3189 καὶ
310 3146 370 3198 ους
386 3119 505 3207 ἥκιστα
521 3133 591 3192 οίει.
621 3130 672 3192 32.
688 3130 845 3210 Αἰσχίνης
860 3127 972 3210 μέντοι
988 3153 1005 3193 ο
995 3123 1254 3213 Σωκρατικός,

241 3211 340 3296 οὗτος
363 3217 381 3286 6
403 3216 483 3299 τους
499 3221 648 3308 μακροὺς
665 3223 754 3292 κάλ’
736 3231 887 3302 ασνείους
908 3229 1085 3312 διαλόγους
1106 3226 1253 3312 γράψας,

239 3311 302 3404 ἧκέ
319 3343 398 3385 ποτε
417 3327 463 3398 είς
476 3329 636 3390 Σικελίαν
651 3330 795 3409 κομίζων
812 3321 951 3410 αὐτούς,
969 3334 1011 3394 εί
1025 3351 1095 3404 πως
1109 3327 1254 3394 δυ’ναιτο

239 3415 286 3485 δι’
309 3415 422 3485 αὐτῶν
440 3427 638 3505 γνωσθῆναι
653 3429 827 3513 Διονυσίφ
848 3431 894 3511 τῷ
914 3425 1084 3513 τυράννῳ,
1110 3429 1166 3493 καλ
1187 3427 1254 3494 τὸυ

170 3531 221 3584 861
239 3516 473 3604 Μιλτιάδην’
454 3517 622 3605 αναγνούς
645 3523 703 3590 καὶ
727 3490 825 3603 δόξάς
847 3491 1102 3608 εάδοκιμηκίναι
1126 3525 1254 3593 λοιπόυ
