2625 4092
315 300 435 359 ΠΕΡΙ
457 302 554 360 TOY
570 302 846 361 ΗΛΕΚΤΡΟΤ.
1024 299 1086 362 133

75 468 193 543 μῦθον
214 457 400 545 διηγούμην
425 457 553 544 αὐτοῖς,
588 462 768 527 Φαέθοντα
791 462 951 546 γενέσθαι
970 459 1086 529 Ἡλίου

74 563 195 641 παῖδα,
213 561 399 628 καὶτούτον
415 562 448 637 ἐς
465 556 599 645 ἡλικίαν
615 559 760 625 ἐλθόντα
775 564 905 645 αἰτῆσαι
918 557 1010 643 παρὰ
1025 566 1086 626 τοῦ

76 655 203 743 πατρὸς
212 658 327 725 ἐλάσαι
341 654 379 725 τδ
390 654 496 743 ἀρμα,
513 655 557 735 ώς
572 658 721 743 ποιήσειε
732 659 789 725 καί
799 654 900 734 αύτδς
914 664 994 742 μίαν
1004 655 1086 742 ἡμέ-

74 780 157 838 ραν·
185 753 246 823 τὸν
262 758 298 823 δέ
316 759 452 838 δοῦναι,
471 754 532 823 τδν
550 757 586 824 δέ
606 754 793 823 ἀπολέσθαι
808 757 1085 841 ἐκδιφρευθέντα,

74 856 133 922 καὶ
148 852 206 932 τάς
220 852 366 940 ἀδελφάς
383 854 489 922 αὐτοῦ
503 855 697 932 πενθούσας
713 854 862 922 ένταύθά
878 879 963 937 που,
987 859 1085 939 ἔφην,

74 948 157 1035 παρ’
175 948 271 1037 ὑμῖν,
295 956 416 1038 ἵναπερ
430 954 485 1020 καλ
504 955 686 1020 κατέπεσεν
702 954 754 1019 ἐπὶ
773 958 818 1041 τῷ
829 949 1012 1043 Ἠριδανῷ,
1033 958 1087 1021 αἰ-

75 1056 210 1135 γείρους
220 1052 378 1135 γενέσθαι
389 1055 444 1118 καλ
458 1052 618 1136 δακρύειν
631 1056 679 1118 ἐτι
694 1049 747 1118 ἐπ’
760 1049 850 1141 αύτῷ
862 1049 899 1117 τδ
911 1048 1084 1138 ἤλεκτρον.

73 1156 106 1216 3.
128 1156 184 1227 Τίς
194 1149 298 1217 ταῦτα’
309 1172 379 1233 σοι,
394 1156 560 1235 ἔφασκον,
579 1149 759 1235 διηγήσατο
769 1148 924 1216 ἀπατεών
934 1152 989 1217 καί
1001 1163 1087 1231 ψευ-

75 1245 217 1331 δολόγος
229 1245 425 1328 ἀνθρωπος;
441 1244 533 1333 ἡμεῖς
544 1247 579 1315 δέ
589 1244 667 1313 ούτε
677 1246 815 1333 ἡνίοχόν
822 1274 897 1315 τινα
905 1251 1086 1316 ἐκπίπτον-

74 1372 116 1412 τα
132 1349 265 1431 είδομεν
275 1344 351 1413 ούτε
365 1344 424 1424 τάς
438 1352 605 1431 αἰγείρους
620 1342 659 1422 ἀς
675 1343 740 1430 φὴς
756 1351 883 1431 ἔχομεν.
906 1352 937 1413 εί
949 1347 985 1414 δὲ
1000 1339 1044 1432 ἦν
1055 1372 1087 1412 τι

74 1450 240 1528 τοιοῦτον,
260 1453 322 1511 οίει
333 1442 419 1530 ἡμᾶς
428 1451 525 1511 δυοῖν
536 1441 671 1530 ὀβολοῖν
682 1446 780 1511 ἕνεκα
790 1446 933 1527 ἐρέττειν
943 1440 1087 1531 ἀνῆέλ-

73 1567 149 1609 κειν
170 1539 210 1607 τά
231 1551 329 1609 πλοῖα
349 1541 433 1626 πρός
454 1546 605 1609 ἐναντίον
619 1540 656 1609 τδ
675 1540 784 1626 ὕδωρ,
810 1538 860 1621 οίς
879 1546 957 1629 ἐξῆν
978 1550 1086 1610 πλου-

73 1655 146 1707 τεῖν
157 1640 380 1727 ἀναλέγοντας
394 1650 461 1710 τῶν
473 1650 630 1729 αἰγείρων
640 1640 681 1710 τά
693 1643 840 1727 δόκρυα;
854 1653 953 1712 τούτο
964 1645 1086 1730 λεχθέν

74 1738 119 1805 ού
139 1748 278 1825 μετρίως
297 1767 364 1826 μου
381 1750 555 1826 καθίκετο,
581 1743 636 1809 καλ
657 1743 825 1829 ἐσιώπησα
846 1749 1085 1829 διαισχννθείς,

74 1837 129 1904 ὅτι
147 1841 283 1905 παιδίου
297 1836 388 1917 τινδς
402 1837 445 1917 ὡς
461 1836 596 1926 ἀληθῶς
612 1845 713 1925 ἔργον
727 1841 930 1909 ἐπεπόνθειν
947 1839 1086 1908 πιστεό-
1101 1857 1137 1912 89

74 1956 137 2013 σας
151 1948 219 2012 τοῖς
229 1952 379 2021 ποιηταῖς
390 1936 541 2005 ἀπίθανα
554 1936 662 2016 οὕτως
672 1941 908 2024 ψευδομένοις,
926 1936 970 2016 ώς
980 1942 1087 2024 μηδὲν

74 2032 169 2119 ὑγιές
183 2032 384 2116 ἀρέσκεσθαι
400 2034 520 2113 αὐτοῖς.
545 2045 621 2122 μιᾶς
633 2036 746 2123 μὲνδὴ
763 2038 885 2123 ταύτης
902 2040 1033 2113 ἐλπίδος
1044 2033 1086 2101 ού

74 2137 198 2216 μικρᾶς
213 2134 414 2217 ἐψευσμένος
429 2132 582 2220 ἠνιώμην
603 2137 758 2216 καθάπερ
773 2137 808 2201 ἐκ
822 2141 891 2202 τών
905 2140 1027 2219 χειρῶν
1046 2130 1085 2200 τό

75 2228 239 2315 ἤλεκτρον
258 2226 494 2315 ἀπολωλεκώς,
520 2230 557 2308 ὅς
574 2257 612 2315 γε
632 2230 696 2316 ἤδη
719 2230 925 2299 ἀνέπλαττον
945 2230 1008 2299 ὅσα
1031 2235 1088 2298 καὶ

73 2324 130 2395 οἷα
145 2328 308 2414 χρήσομαι
323 2328 422 2421 αὐτῷ.
444 2335 474 2397 4.
491 2334 598 2397 ἐκεῖνο
616 2330 654 2397 δέ,
666 2333 721 2398 καί
736 2333 828 2398 πάνυ
839 2328 974 2418 ἀληθείς
992 2327 1086 2419 ῷμην

74 2425 236 2512 εὑρήσειν
246 2427 325 2510 παρ’
337 2426 465 2514 αὐτοῖς,
483 2430 632 2509 κύκνους
643 2428 789 2509 πολλούς
800 2429 943 2521 ᾄδοντας
952 2434 1005 2498 ἐπί
1016 2444 1088 2507 ταῖς

74 2525 195 2611 ὄχθαις
209 2534 269 2593 τοῦ
287 2536 447 2613 ποταμοῦ.
470 2532 524 2595 καί
540 2521 643 2607 αὖθις
659 2528 800 2615 ἠρώτων
813 2527 893 2606 τούς
909 2529 1088 2606 ναύτας-

74 2624 283 2711 ἀνεπλέομεν
303 2624 367 2711 γάρ
384 2634 431 2695 ἔτι
447 2625 590 2695 -Ἀλλ’
612 2631 647 2695 οί
660 2656 700 2715 γε
719 2630 839 2695 κύκνοι
862 2634 985 2713 πηνίκα
1006 2624 1088 2711 ὑμῖν

74 2722 114 2791 τὰ
132 2722 275 2809 λιγυρὸν
292 2727 398 2791 έκεῖνο
416 2723 557 2814 ᾄδουσιν
573 2729 754 2812 ἐφεστῶτες
770 2735 816 2818 τῷ
833 2734 972 2815 ποταμῷ
986 2731 1088 2794 ἐνθεν

74 2826 131 2891 καὶ
144 2828 264 2904 ἔνθεος
285 2825 366 2907 φασδ
376 2831 462 2910 γοῦν
474 2822 681 2904 ’Λπόλλωνος
692 2830 880 2911 παρέδρους
891 2824 1015 2905 αύτούς
1029 2823 1089 2893 όν-

74 2950 134 2999 τας
149 2918 292 3013 ῷδικούς
306 2920 511 3008 ἀνθρώπους
526 2925 674 2993 ένταύθοί
689 2949 757 2992 που
771 2929 804 3003 ἐς
816 2921 857 2993 τά
872 2922 973 3011 ὄρνεα
987 2950 1089 3011 μετα-

74 3036 191 3089 πεσεῖν
214 3024 270 3090 καλ
290 3020 344 3089 διά
366 3030 464 3090 τοῦτο
489 3022 583 3112 ᾅδειν
608 3028 654 3091 ἐτι
678 3022 740 3091 ούκ
760 3027 1009 3110 ἐκλαθομένους
1029 3031 1088 3112 τῆς

74 3129 247 3207 μουσικῆς.
271 3127 300 3189 5.
318 3125 352 3187 οί
361 3124 396 3189 δὲ
412 3122 477 3191 σόν
491 3126 620 3208 γέλωτι,
635 3125 702 3210 Σύ,
717 3130 857 3211 ἔφησαν,
875 3120 1087 3211 ώάνθρωπε,

75 3219 118 3288 ού
134 3220 247 3307 παύση
265 3220 409 3306 τήμερον
424 3223 716 3307 καταψευδόμενος
729 3232 787 3308 τῆς
800 3225 909 3309 χώρας
922 3221 1019 3311 ἡμῶν
1032 3227 1089 3293 καί

75 3327 139 3387 τοῦ
154 3328 322 3405 ποταμούς
343 3318 436 3407 ἡμεῖς
451 3323 487 3389 δέ
502 3320 552 3390 ἀεὶ
575 3326 730 3400 πλέοντες
749 3324 803 3391 καὶ
819 3324 855 3390 ἐκ
868 3328 998 3391 παίδων
1012 3342 1089 3407 σχε-

75 3417 141 3485 δόν
163 3418 376 3503 ἐργαζόμενοι
395 3422 432 3486 ἐν
452 3428 498 3510 τῷ
518 3418 681 3511 Ἠριδανῷ
702 3418 837 3506 ὀλίγους
856 3420 918 3507 μέν
941 3421 1090 3498 κύκνους

76 3522 183 3584 ἐνίοτε
204 3514 337 3599 δρῷμεν
358 3520 394 3585 έν
411 3534 480 3599 τοῖς
494 3520 581 3587 ἕλεσι
598 3527 659 3588 τοῦ
676 3528 829 3605 ποταμοῦ
835 3571 845 3605 ,
868 3522 922 3587 καὶ
940 3519 1093 3602 κρώζου-
