2625 4092
405 296 752 353 ΦΙΛΟΨΕΓΔΗΣ.
1037 292 1079 353 99

71 459 165 539 δίαν,
187 459 242 525 καὶ
257 453 300 534 ώς
319 452 362 522 δι’
380 460 486 539 ἔρωτα
505 449 522 520 ό
537 450 622 530 Ζεύς
638 462 760 536 ταῦρος
774 451 795 539 ῆ
812 455 936 533 κύκνος
950 458 1078 539 ἐγένετο

70 556 124 620 καὶ
141 551 185 631 ὡς
200 556 235 621 ἐκ
248 552 409 639 γυναικός
422 578 471 629 τις
485 553 518 629 ἐς
530 545 686 636 ὅρνεονῆ
703 553 736 628 ἐς
749 550 874 633 άρκτον
889 558 1078 637 μετέπεσεν,

71 658 118 719 ἔτι
135 654 172 719 δέ
186 654 366 738 Πηγάσους
382 654 435 719 καί
444 657 608 735 Χιμαίρας
622 653 677 718 καί
688 651 859 737 Γοργόνας
869 652 925 720 καί
937 652 1080 719 Κύκλω-

71 774 135 826 πας
152 751 207 816 καλ
227 746 289 816 ὅσα
304 755 458 835 τοιαῦτα,
481 748 574 815 πάνυ
596 745 761 816 ἀλλόκοτα
777 751 831 817 καὶ
845 748 999 832 τεράστια
1013 776 1081 835 μν-

70 851 165 913 θίδια
177 851 306 913 παίδων
320 843 426 931 ψυχάς
437 854 551 930 κηλείν
564 844 738 930 δυνάμενα
750 852 796 913 ἐτι
806 843 869 932 τῆν
878 846 1010 932 Μορμώ
1026 846 1082 914 καὶ

71 943 132 1031 τῆν
144 948 278 1030 Λάμιαν
291 943 458 1011 δεδιότων.
482 948 511 1009 3.
522 950 629 1010 καίτοι
640 938 679 1007 τά
692 945 754 1027 μὲν
766 950 834 1010 τῶν
843 951 991 1028 ποιητῶν
1001 953 1081 1018 tow„-

70 1044 204 1128 μέτρια,
225 1039 261 1108 τό
278 1041 312 1109 δὲ
329 1044 384 1107 καί
404 1039 516 1117 πόλεις
531 1037 595 1125 ῆδη
611 1041 666 1107 καὶ
688 1045 773 1126 ἔθνη
787 1039 894 1109 πολλὰ
913 1047 1009 1131 κοινῆ
1025 1043 1081 1108 καί

72 1144 213 1228 δημοσίᾳ
229 1138 416 1220 ψεύδεσθαι
431 1147 501 1217 πώς
521 1136 563 1205 ού
577 1147 729 1223 γελοίους
751 1146 782 1206 εἰ
793 1147 922 1227 Κρῆτες
937 1141 999 1226 μέν
1019 1144 1080 1206 τού

73 1236 153 1316 Διός
167 1238 277 1323 τάφον
298 1237 511 1315 δεικνύοντες
525 1234 587 1304 ούκ
606 1238 838 1321 αἰσχύνονται,
860 1236 1029 1323 Ἀθηναῖοι
1044 1238 1080 1305 δέ

70 1335 130 1403 τδν
147 1334 356 1422 Ἐριχθόνιον
379 1336 415 1402 ἐκ
435 1340 493 1421 τῆς
513 1342 573 1421 γῆς
593 1332 808 1422 ἀναδοθῆναί
825 1356 908 1420 φασι
926 1338 981 1405 καὶ
1001 1331 1081 1413 τούς

72 1436 226 1523 πρώτους
239 1432 445 1521 ἀνθρώπους
459 1438 495 1502 ἐκ
509 1440 565 1518 τῆς
580 1432 723 1519 Ἀττικῆς
737 1429 911 1519 ἀναφῦναι
925 1436 1079 1518 καθάπερ

72 1532 110 1601 τά
126 1536 271 1619 λάχανα,
287 1529 374 1601 πολύ
390 1532 591 1620 σεμνότερον
606 1522 700 1599 οὗτοι
715 1539 783 1598 τών
799 1539 971 1619 Θηβαίων,
998 1539 1033 1599 οἳ
1047 1535 1080 1611 ἐξ

72 1631 180 1717 ὄφεως
194 1629 344 1699 ὀδόντων
361 1630 539 1714 Σπαρτούς
556 1656 648 1707 τινας
665 1628 990 1717 ἀναβεβλαστηκέναι
1005 1634 1078 1717 διη-
1093 1650 1128 1704 32

72 1737 219 1815 γοῦνται.
243 1727 280 1808 ὃς
297 1726 327 1796 δ’
347 1725 390 1795 ἀν
402 1720 467 1795 οὖν
486 1734 589 1794 ταῦτα
604 1731 831 1813 καταγέλαστα
848 1726 928 1795 ὄντα
943 1725 988 1813 μῆ
1007 1736 1080 1813 οἰη-

72 1854 123 1894 ται
138 1825 250 1913 ἀληθῆ
266 1825 365 1910 εἰναι,
380 1823 455 1895 ἀλλ’
473 1826 649 1912 ἐμφρόνως
665 1822 710 1892 ἀν
725 1825 882 1908 ἐξετάζων
895 1833 1000 1893 ταῦτα
1011 1833 1081 1894 Κο-

73 1933 191 2013 ροίβου
202 1922 292 2003 τινδς
302 1920 324 2011 ῆ
335 1930 514 2010 Μαργίτου
524 1930 649 2009 νομίζοι
660 1923 697 1991 τό
709 1932 889 1992 πείθεσθαι
901 1921 923 2010 ῆ
935 1924 1081 2009 Τριπτό-

73 2034 174 2110 λεμον
191 2023 305 2091 ἐλάσαι
326 2021 381 2090 διά
396 2029 456 2090 τοῦ
478 2020 574 2106 ἀέρος
596 2024 647 2091 ε’πί
668 2024 865 2106 δρακόντων
880 2021 1080 2106 ὑποπτέρων

72 2116 93 2207 ῆ
112 2128 211 2189 Πᾶνα
234 2118 330 2206 ῆκειν
348 2124 381 2201 ἐξ
397 2120 571 2206 Ἀρκαδίας
590 2121 766 2207 σύμμαχον
781 2126 814 2200 ἐς
835 2130 1038 2209 Μαραθῶνα
1058 2116 1080 2207 ῆ

71 2218 264 2306 Ὠρείθυιαν
276 2217 342 2287 ὑπό
353 2226 415 2288 τοῦ
425 2225 554 2303 Βορέου
565 2218 835 2307 ἀναρπασθῆναι,
849 2220 970 2309 ἀσεβῆς
982 2214 1081 2299 οὗτός

72 2344 108 2403 γε
116 2321 172 2388 καλ
181 2315 324 2404 ἀνόητος
337 2316 449 2399 αὐτοῖς
462 2322 574 2405 ἕδοξεγ
584 2316 673 2386 οὕτω
682 2320 862 2405 προδήλοις
872 2322 926 2387 καί
939 2316 1080 2406 ἀληθέσι

74 2416 265 2501 πράγμασιν
278 2414 444 2483 ἀπιστῶν·
467 2419 500 2494 ἐς
513 2422 676 2484 τοσοῦτον
692 2420 862 2499 ἐπικρατεῖ
872 2416 909 2483 τό
925 2421 1057 2496 ψεῦδος.

155 2519 185 2581 4.
203 2518 292 2581 ΦΙΛ.
308 2510 393 2582 Ἀλλ’
410 2518 445 2583 οί
456 2514 518 2601 μὲν
528 2520 671 2600 ποιηταί,
689 2507 716 2581 ώ
731 2516 888 2600 Τυχιάδη,
904 2516 959 2583 καί
970 2516 1080 2583 αἰπό-

74 2619 137 2689 λεις
151 2612 189 2678 δὲ
206 2611 404 2697 συγγνώμης
418 2612 616 2698 τυγχάνοιεν
630 2611 691 2698 ἀν,
706 2616 741 2680 οί
752 2611 814 2697 μὲν
829 2609 866 2679 τό
883 2614 919 2679 ἐκ
937 2619 998 2680 τοῦ
1013 2615 1081 2699 μύ·

74 2718 140 2775 θον
156 2709 301 2792 τερπνόν
312 2712 566 2796 ἐπαγωγότατον
577 2706 617 2777 όν
629 2710 927 2795 ἐγκαταμιγνύντες
941 2717 981 2797 τῆ
996 2736 1080 2795 γρα-

75 2813 136 2893 φῆ,
161 2798 267 2889 οὗπερ
282 2808 424 2893 μάλιστα
440 2810 571 2876 δέονται
586 2804 671 2892 πρός
687 2805 766 2886 τούς
781 2804 962 2892 ἀκροατάς,
978 2804 1080 2894 Ἀθη-

74 2917 160 2971 ναῖοι
176 2904 211 2971 δέ
225 2908 280 2971 καὶ
297 2912 436 2992 Θηβαῖοι
453 2908 508 2975 καί
523 2916 556 2974 εί
564 2932 652 2984 τινες
673 2905 767 2974 άλλοι
782 2907 981 2989 σεμνοτέρας
994 2901 1078 2972 ἀπο·

75 3008 249 3083 φαίνονται
270 2999 328 3080 τάς
349 3008 508 3087 πατρίδας
528 3007 565 3071 ἐκ
585 3012 653 3071 τών
673 3003 846 3071 τοιούτων.
881 3008 911 3071 εἰ
928 3009 1014 3088 γοῦν
1030 3029 1080 3079 τις

74 3095 190 3182 ἀφέλοι
206 3097 246 3166 τά
261 3101 404 3189 μυθώδη
418 3109 521 3169 ταῦτα
538 3105 573 3169 ἐκ
587 3109 644 3186 τῆς
652 3100 824 3185 Ἑλλάδος,
839 3098 940 3167 οὐδὲν
955 3096 999 3166 ἀν
1011 3126 1079 3166 κω-

74 3197 171 3263 λύσαι
191 3204 276 3288 λιμῷ
292 3194 372 3276 τούς
390 3198 589 3284 περιηγητὰς
610 3197 723 3267 αύτών
743 3203 974 3283 διαφθαρῆναι
996 3202 1078 3284 μηδὲ
1118 3272 1121 3277 ,

75 3291 190 3379 ἀμισθὶ
204 3303 272 3362 τών
287 3298 390 3377 ξένων
408 3294 552 3382 τάληθὲς
567 3295 704 3364 ἀκούειν
719 3297 962 3382 ἐθελησάντων.
993 3300 1028 3364 οί
1042 3294 1077 3361 δὲ
1093 3310 1128 3363 33

77 3395 156 3479 μηδὲ
183 3403 260 3481 μιάς
284 3396 381 3463 ἕνεκα
406 3397 559 3481 τοιαύτης
587 3399 691 3471 αἰτίας
719 3393 808 3480 ὅμως
837 3401 1008 3479 χαίροντες
1033 3398 1079 3480 τῷ

80 3491 239 3579 νεύσματι
254 3493 446 3576 παγγέλοιοι
461 3494 594 3571 εἰκότως
606 3495 739 3560 δοκοῖεν
753 3491 805 3558 άν.

895 3595 941 3659 7*

923 3844 1145 3945 15005Β
