2625 4092
247 291 309 356 386
603 296 906 355 AOYKIANOY

246 454 299 523 ότι
315 452 409 523 αὐτοὶ
424 459 596 541 μετέχουσι
608 462 677 522 τῶν
690 454 801 523 αὐτῶν
816 455 895 542 ἡμῖν
910 464 1094 542 ξυνεδρίων
1107 462 1163 528 καὶ
1174 457 1250 528 εύω

245 560 383 642 χοῦνται
398 550 450 620 ἐπ’
463 562 553 639 ῖοης,
567 555 622 621 καὶ
636 562 740 621 ταῦτα
751 559 872 641 θνητοὶ
883 560 916 636 ἐξ
927 556 1077 644 ἡμισείας
1089 557 1200 638 όντες,
1215 563 1252 624 ἔτι

246 652 395 731 καὶτοὺς
416 650 584 739 ὑπηρέτας
598 654 653 720 καὶ
670 653 839 730 θιασώτας
864 652 942 733 τούς
956 653 1069 722 αύτωυ
1086 655 1254 743 άνὴγαγον

246 756 278 830 ές
293 748 353 818 τόν
369 747 517 836 ούρανδυ
528 753 583 819 καλ
595 754 870 837 παρενέγραψαν,
885 754 940 821 καί
954 762 1019 820 νῦν
1030 751 1085 822 ἐπ’
1098 765 1175 841 ἴσης
1190 756 1253 818 δια-

249 851 351 937 νομάς
366 876 401 917 τε
415 853 572 938 νέμονται
593 854 648 923 καὶ
668 862 804 922 θυσιῶν
819 857 1028 943 μετέχουσιν,
1054 856 1135 925 οὐδὲ
1161 882 1253 922 κατα-

246 949 405 1035 βαλόντες
421 948 553 1036 ἡμῖντὸ
570 960 749 1037 μετοίκιον.

331 1056 458 1116 ΖΕΥΣ.
482 1050 604 1135 Μηδὲν
621 1056 888 1137 αἰνιγματωδῶς,
906 1045 934 1118 ῶ
949 1059 1072 1137 Μῶμε,
1093 1050 1185 1120 άλλᾶ
1205 1074 1257 1118 σε

247 1154 318 1232 φῶς
340 1150 393 1215 καὶ
415 1150 600 1234 διαρρήδην
616 1152 691 1233 λέγε
712 1152 905 1232 προστιθεὶς
925 1151 981 1217 καὶ
997 1149 1165 1233 τούνομα·
1201 1157 1259 1215 νῦν

245 1246 310 1335 γάρ
326 1252 358 1329 ἐς
372 1248 409 1317 τό
425 1252 528 1337 μέσον
544 1248 748 1336 α’πέρριπταί
758 1273 812 1319 σοι
826 1249 844 1318 δ
860 1252 976 1339 λόγος,
991 1250 1035 1330 ῶς
1049 1250 1206 1330 πολλούς
1219 1259 1257 1319 ελ·

246 1348 356 1429 κάζειν
370 1350 426 1417 καὶ
437 1350 636 1435 ἐφαρμόζειν
648 1347 766 1417 άλλοτε
778 1349 883 1417 άλλον
893 1364 961 1428 τοῖς
972 1352 1179 1436 λεγομένοις.
1203 1377 1257 1435 χρη

246 1448 282 1515 δέ
297 1445 547 1533 παρρησιαστὴν
562 1446 644 1515 όντα
659 1449 764 1533 μηδὲν
780 1445 893 1516 ὀκνεῖν
907 1451 1026 1534 λέγειν.

330 1550 359 1611 4.
376 1552 501 1612 ΜέλΜ.
528 1538 581 1613 Εύ
597 1573 651 1631 γε,
678 1539 704 1613 ῶ
718 1553 801 1630 Ζεῦ,
831 1545 882 1613 ότι
903 1551 957 1613 καὶ
979 1545 1211 1632 παροτρύνεις
1227 1572 1259 1628 με

245 1640 328 1724 πρός
337 1640 399 1727 τὴν
410 1651 615 1728 παρρησίαν·
632 1657 736 1721 ποιεῖς
747 1640 812 1727 γάρ
823 1651 921 1711 τοῦτο
931 1642 1105 1730 βασιλικόν
1116 1642 1167 1722 ῶς
1182 1642 1255 1727 ἄλη

244 1749 317 1819 θῶς
334 1742 388 1809 καὶ
404 1741 638 1827 μεγαλόφρον,
657 1738 740 1807 ῶστε
756 1743 820 1826 ἐρῶ
837 1744 891 1810 καὶ
907 1742 1063 1829 τοῦνομα.
1088 1740 1107 1810 ὁ
1122 1744 1194 1827 γάρ
1216 1770 1259 1809 τοι

245 1838 481 1926 γενναιότατος
505 1833 602 1920 οὗτος
623 1840 794 1917 Διόνυσος
814 1839 1054 1927 ἡμιάνθρωπος
1082 1840 1153 1925 ῶν,
1182 1840 1260 1909 οὐδὲ

246 1938 367 2024 Ἕλλην
388 1942 575 2027 μητρόθεν,
607 1936 692 2007 άλλδ
716 1941 966 2023 Συροφοίνικός
993 1966 1082 2017 τινος
1105 1942 1260 2026 ἐμπόρου

246 2045 307 2105 τοῦ
321 2038 463 2123 Κάδμου
482 2044 729 2125 θυγατριδοῦς,
752 2040 884 2120 ἐπείπερ
906 2034 1033 2124 ἡξιῶθη
1048 2044 1104 2121 τῆς
1119 2036 1200 2106 άθα
1208 2066 1257 2108 νο·

246 2144 333 2221 σίας,
357 2133 425 2215 οἶος
439 2141 500 2224 μέν
517 2136 616 2216 αύτός
633 2142 740 2222 ἐστιν,
764 2135 806 2203 ού
828 2139 928 2221 λέγω,
952 2135 1030 2203 οὔτε
1049 2133 1111 2221 τὴν
1135 2144 1255 2221 μίτραι

245 2233 321 2302 οὕτε
338 2233 400 2321 τὴν
419 2240 528 2322 μέθην
549 2234 626 2304 ούτε
645 2232 682 2303 τό
707 2236 869 2320 βάδισμα·
902 2233 1023 2311 πάντες
1044 2232 1126 2317 γάρ,
1156 2232 1257 2319 οἶμαι,

244 2331 342 2415 ὁρᾶτε
365 2331 408 2410 ῶς
427 2343 535 2419 θῆλυς
557 2338 820 2420 καὶγυναικεῖος
844 2329 1048 2418 τὴνφύσιν,
1073 2328 1256 2418 ἡμιμανής,

243 2431 392 2515 άκράτου
408 2435 516 2499 ἕωθεν
528 2431 724 2501 ἀποπνέων·
747 2429 765 2501 δ
784 2433 886 2500 δὲκαὶ
901 2430 984 2517 ὅλην
999 2439 1172 2517 φρατρίαν
1186 2435 1257 2500 ἐσε·

244 2539 382 2617 ποίησεν
406 2529 486 2617 ἡμῖν
512 2534 567 2600 καλ
591 2530 652 2599 τδν
678 2528 781 2617 χορόν
806 2531 1011 2616 ἐπαγόμενος
1033 2531 1179 2613 πάρεστι
1206 2534 1256 2598 καὶ

243 2628 347 2707 θεοὺς
368 2628 517 2715 άπέφηνε
533 2628 592 2696 τδν
606 2636 705 2695 Πᾶνα
725 2631 779 2696 καὶ
800 2625 859 2694 τόν
879 2627 1046 2714 Σειληνόν
1065 2633 1120 2695 καὶ
1140 2632 1255 2696 Σατύ-

173 2748 225 2801 530
245 2756 341 2815 ρους,
356 2728 534 2817 ἀγροίκους
549 2726 641 2806 τινάς
652 2731 707 2795 καὶ
719 2728 878 2804 αἰπόλους
889 2724 968 2804 τούς
978 2728 1144 2813 πολλούς,
1161 2750 1255 2811 σκιρ-

242 2830 396 2913 τητικοὺς
416 2826 620 2911 άνθρῶπους
634 2831 690 2894 καλ
704 2824 763 2904 τάς
777 2822 909 2910 μορφάς
926 2822 1150 2909 ἀλλοκότους,
1175 2818 1255 2893 ῶνό

242 2928 304 3013 μέν
324 2930 445 3009 κέρατα
461 2933 544 3012 ἔχων
561 2929 614 2995 καὶ
636 2925 717 2993 ὅσον
740 2929 773 3004 ἐξ
793 2922 942 3009 ἡμισείας
962 2928 995 3003 ές
1016 2921 1053 2991 τό
1076 2924 1172 2992 κάτω
1190 2930 1255 3011 alp*

243 3025 358 3104 εὀικῶς
373 3029 428 3094 καὶ
442 3032 572 3112 γένειον
588 3023 682 3114 βαθύ
696 3028 895 3110 καθειμένος
906 3022 1020 3108 ὀλίγον
1034 3024 1169 3108 τράγου
1184 3031 1257 3093 δια·

243 3127 357 3211 φέρων
371 3130 476 3211 ἐστίν,
492 3125 509 3194 ὁ
527 3127 562 3194 δέ
577 3123 748 3212 φαλακρὸς
761 3125 886 3208 γέρων,
905 3118 998 3207 σιμός
1011 3119 1076 3207 τὴν
1088 3125 1190 3208 ῥῖνα,
1207 3127 1256 3191 ἐπὶ

243 3223 326 3291 όυου
341 3224 381 3291 τά
397 3223 502 3293 πολλοὶ
524 3225 721 3310 ὀχούμενος,
742 3220 854 3299 Λυδός
868 3212 983 3305 οὗτος,
1004 3224 1039 3287 οί
1052 3220 1089 3287 δὲ
1099 3222 1255 3305 Σάτυροι

243 3320 326 3402 ὀξεῖς
340 3320 379 3388 τά
401 3316 484 3409 ῶτα,
513 3326 566 3391 καὶ
588 3320 683 3390 αὐτοὶ
700 3328 882 3407 φαλακροί,
910 3320 1083 3403 κεράσται,
1114 3316 1175 3389 οἷα
1190 3336 1256 3397 τοῖς

242 3420 316 3503 άρτι
330 3431 544 3505 γεννηθεῖσιν
560 3424 687 3505 ἐρίφοις
703 3418 744 3488 τά
760 3424 880 3504 κέρατα
894 3417 1101 3506 ὑποφύεται,
1119 3423 1258 3507 Φρύγες

241 3520 328 3594 τινὲς
344 3517 455 3594 ὅντες·
485 3524 596 3603 έχουσι
618 3520 654 3585 δέ
670 3522 725 3587 καὶ
741 3517 844 3604 οὐράς
860 3517 1010 3598 ἅπαντες.
1041 3516 1148 3604 ὁρᾶτε
1163 3525 1257 3598 οἵους
