2625 4092
196 233 258 297 114
550 237 855 303 ΛΟΤΚΙΑΝΟΤ
891 228 893 233 ’

195 399 304 463 νίδισν
321 391 386 462 ὑπό
402 402 441 485 τῇ
453 402 550 482 κλίνη
561 391 602 460 δν
614 400 799 462 Μελιταῖον
813 392 1015 482 ὑλάκτησεν,
1032 395 1102 484 ἡδὲ
1115 424 1206 484 ηφα-

195 500 298 580 νίσθη
319 492 403 577 πρός
424 491 485 580 τήν
507 490 651 578 ὑλακήν·
687 490 724 558 τό
746 495 859 577 μέντοι
878 495 1060 562 σανδάλιον
1081 490 1208 579 εὑρέθη

195 587 261 657 ὑπό
278 598 318 679 τή
332 598 464 680 κιβωτῷ
474 591 528 657 καί
540 590 733 675 κατεκαύθη
748 586 901 673 ὕστερον.
923 596 974 660 28.
991 597 1039 659 ἔτι
1054 589 1207 660 ἀπιστεῖν

193 692 338 771 τούτοις,
356 684 384 759 τό
401 692 565 778 Τυχιάδη,
582 690 676 771 ἀξιον
691 694 867 776 ἐναργέσιν
881 684 958 758 οὖσι
972 692 1028 759 καὶ
1043 688 1126 759 κατά
1142 689 1202 778 τήι

193 788 322 876 ἡμέραν
340 790 482 877 ἑκάστην
499 792 734 875 φαινομένοις;
756 788 817 855 Mo}
829 788 905 874 Δί’,
921 782 966 876 ήν
982 786 1013 855 δ’
1031 788 1112 875 ε’γιό·
1137 792 1207 856 ἐπεὶ

195 886 350 976 σανδάλῳ
367 913 405 973 γε
422 894 535 976 χρυσῷ
549 889 581 963 ἐς
596 884 654 963 τάς
671 886 780 973 πυγάς
797 885 908 972 ὥσπερ
925 885 964 955 τά
980 891 1095 955 παιδία
1110 892 1205 954 παίε-

196 996 278 1053 σθαι
297 984 383 1065 άξιοι
397 979 441 1051 ἀν
459 982 526 1052 εἷεν
547 988 581 1051 οί
598 981 816 1064 ἀπιστοῦντες
831 988 885 1053 καὶ
901 985 1008 1064 οὕτως
1022 982 1208 1069 ἀναισχυν-

195 1091 330 1161 τοῦντες
344 1080 428 1166 πρός
442 1080 504 1169 τήν
518 1080 692 1168 ἀλήθειαν.

279 1188 329 1250 29.
345 1179 413 1250 Ἐπὶ
432 1182 563 1259 τούτοις
583 1178 600 1248 ὁ
621 1181 861 1268 Πυθαγορικός
875 1180 1071 1266 Ἀρίγνωτος
1094 1188 1208 1267 εἰσήλ-

194 1292 277 1363 θεν,
295 1278 313 1348 ό
329 1280 490 1367 κομήτης,
509 1277 527 1347 ὁ
542 1277 665 1366 σεμνός
675 1276 739 1347 ἀπό
752 1288 814 1347 τοῦ
824 1280 1022 1363 προσώπου,
1035 1276 1135 1347 οἶσθα
1147 1274 1209 1345 τόν

195 1378 348 1463 ἀοίδιμον
360 1380 412 1445 ἐπὶ
423 1384 463 1468 τή
475 1383 594 1467 σοφίη,
610 1374 670 1444 τόν
683 1376 777 1460 ίερόν
792 1379 1089 1465 ἐπονομαζόμενον.
1112 1374 1207 1461 κάγώ

196 1481 257 1565 μὲν
271 1474 314 1554 ὡς
330 1474 420 1544 είδον
435 1472 556 1560 αύτόν,
581 1472 787 1559 ἀνέπνευσα,
808 1474 898 1544 τοῦτ’
916 1480 1023 1544 ἐκεῖνο
1039 1474 1135 1562 ήκειν
1150 1501 1204 1560 μοι

196 1583 349 1663 νομίσας,
366 1574 510 1643 πέλεκύν
521 1602 596 1643 τινα
608 1573 691 1642 κατά
702 1582 770 1641 τῶν
781 1578 1000 1661 ψευσμάτων·
1024 1579 1210 1659 ἐπιστομιεῖ

195 1671 261 1760 γάρ
278 1672 417 1757 αὐτούς,
434 1669 567 1757 ἔλεγον,
589 1669 606 1739 ὁ
623 1672 729 1757 σοφός
743 1671 829 1760 ἀνήρ
845 1672 934 1741 οὕτω
948 1675 1102 1758 τεράστια
1118 1676 1207 1752 διεξ-

198 1773 321 1857 ιόντας,
338 1775 392 1840 καὶ
403 1769 440 1839 τό
452 1779 513 1839 τοῦ
526 1770 641 1856 λόγου,
655 1768 741 1837 θεόν
752 1768 818 1839 ἀπό
829 1780 976 1860 μηχανῆς
988 1776 1207 1855 ἐπεισκυκλη-

148 1892 182 1948 56
198 1876 304 1957 θὴναί
317 1897 372 1957 μοι
383 1876 504 1937 τούτου
519 1867 613 1959 ρ’ίμην
627 1866 693 1937 ὑπό
710 1877 766 1956 της
781 1871 897 1956 Τύχης.
923 1868 941 1938 ὁ
958 1873 994 1937 δὲ
1005 1872 1074 1937 ἐπεὶ
1086 1870 1207 1935 ἐκαθέ-

199 1976 268 2051 ζετο
284 1967 508 2048 ὑπεκστάντος
519 1967 608 2059 αύτῷ
620 1976 681 2036 τοῦ
696 1972 911 2057 Κλεοδήμου,
926 1976 1040 2053 πρῶτα
1055 1968 1118 2053 μὲν
1131 1968 1206 2047 περὶ

196 2076 253 2154 τῆς
265 2068 370 2135 νόσου
382 2065 496 2153 ἤρετο,
515 2069 568 2135 καὶ
581 2065 624 2145 ὡς
638 2072 723 2157 ῥᾷον
737 2068 799 2156 ήδη
812 2076 899 2156 ἔχειν
909 2067 1033 2155 ήκουσε
1043 2063 1134 2148 παρά
1147 2072 1208 2132 τοῦ

197 2162 411 2247 Εὐκράτους,
436 2171 478 2232 Τί
491 2166 529 2233 δέ
535 2218 542 2241 ,
558 2171 641 2252 ἔφη,
659 2167 743 2250 πρός
757 2164 881 2245 αύτούς
897 2176 1127 2251 φιλοσοφεῖτε;
1148 2188 1207 2247 με·

198 2261 278 2345 ταξύ
290 2260 354 2349 γάρ
367 2260 479 2330 εἰσιών
491 2266 677 2350 ἐπήκουσα,
692 2274 751 2333 καί
757 2293 813 2352 μοι
825 2270 950 2333 δοκεῖτε
961 2271 1006 2342 είς
1017 2260 1122 2332 καλὸν
1134 2267 1208 2329 δια-

198 2362 402 2449 τεθήσεσθαι
420 2360 482 2449 τήν
499 2364 683 2450 διατριβήν.
709 2372 750 2431 Τί
764 2362 795 2431 δ’
812 2362 910 2442 ἀλλο,
929 2362 1021 2431 εἶπεν
1036 2360 1054 2431 ὁ
1071 2361 1207 2446 Εύκρά-

199 2489 271 2547 της,
287 2458 307 2547 ή
323 2464 456 2529 τουτονὶ
472 2462 531 2529 τόν
547 2460 777 2548 ἀδαμάντινον
794 2470 957 2547 πείθομεν
972 2504 1013 2513 -
1030 2466 1138 2540 δείξας
1152 2464 1211 2546 ἐμέ

200 2605 239 2614 -
258 2560 411 2649 ἡγεῖσθαι
437 2563 598 2649 δαίμονάς
613 2589 706 2640 τινας
727 2560 810 2629 εἶναι
832 2563 884 2628 καί
910 2560 1131 2646 φαντάσματα
1155 2562 1208 2627 καὶ
1293 2599 1294 2612 ÷

200 2667 330 2748 νεκρῶν
345 2660 452 2746 ψυχάς
467 2669 659 2745 περιπολεῖν
670 2658 754 2743 ὑπὲρ
769 2669 829 2748 γής
840 2662 894 2729 καὶ
905 2665 1087 2745 φαίνεσθαι
1104 2654 1153 2736 οἶς
1165 2653 1209 2723 ἀν

200 2762 370 2828 ἐθέλωσιν.
400 2758 463 2845 ἐγώ
478 2762 541 2848 μὲν
559 2754 623 2829 οὖν
638 2760 830 2848 ἠρυθρίασα
846 2760 901 2826 καὶ
915 2758 1006 2826 κάτω
1020 2762 1140 2824 ἔνευσα
1156 2762 1208 2823 αί-

200 2859 330 2935 δεσθεὶς
346 2855 406 2923 τόν
419 2855 628 2945 Ἀρίγνωτον.
661 2857 679 2927 ὁ
695 2862 745 2942 δέ,
758 2857 858 2942 Ὅρα,
881 2862 964 2943 ἔφη,
986 2848 1208 2941 άΕύκρατες,

200 2954 244 3042 μή
260 2958 358 3025 τοῦτό
374 2979 455 3044 φησι
473 2960 653 3045 Τυχιάδης,
674 2956 733 3036 τάς
747 2963 815 3023 τῶν
830 2962 945 3042 βιαίως
961 2953 1209 3022 ἀποθανόντων

200 3056 305 3140 μόνας
325 3056 433 3141 ψυχὰς
449 3074 674 3143 περινοστεῖν,
696 3053 769 3124 οἷον
791 3063 825 3121 εί
836 3080 885 3131 τις
900 3051 1067 3141 ἀπήγξατο
1086 3049 1109 3138 ή
1126 3051 1207 3120 ἀπε-

199 3154 312 3241 τμήθη
323 3152 384 3239 τήν
393 3152 544 3242 κεφαλήν
553 3151 575 3243 ή
584 3152 853 3239 ἀνεσκολοπίσθη
862 3150 884 3240 ή
894 3152 983 3242 ἄλλῳ
993 3154 1032 3239 γε’
1040 3178 1086 3243 τρι
1095 3152 1209 3241 τρόπῳ

200 3254 342 3339 τοιούτω
362 3250 515 3339 ἀπῆλθεν
536 3256 571 3321 ἐκ
586 3262 647 3321 τοῦ
663 3263 757 3341 βίον,
780 3252 839 3331 τὰς
856 3256 891 3320 δὲ
906 3260 974 3319 τῶν
989 3250 1070 3320 κατά
1087 3266 1209 3337 μοῖραν

201 3354 447 3421 ἀποθανόντων
463 3350 588 3420 οὐκέτι·
610 3350 654 3440 ήν
666 3354 729 3441 γάρ
743 3360 839 3421 τοῦτο
855 3356 951 3439 λέγη,
967 3350 1008 3419 ού
1020 3352 1113 3419 πάνυ
1124 3348 1209 3418 ἀπό-

201 3461 305 3538 βλητα
319 3449 427 3538 φήσει.
450 3448 511 3519 Mo}
527 3449 601 3537 Δί’,
626 3446 645 3536 ἦ
661 3451 691 3520 δ’
709 3450 747 3532 ὃς
761 3450 779 3521 ὁ
795 3452 1018 3539 Δεινόμαχος,
1040 3448 1114 3519 ἀλλ’
1131 3444 1208 3517 οὐδὲ
