2625 4092
364 302 484 360 ΠΕΡΙ
504 300 805 358 ΠΑΡΑΣΙΤΟΥ.
1045 301 1087 363 41

79 465 133 528 41.
156 457 255 540 άθρει
274 459 310 527 δὲ
330 457 433 527 πάλιν
455 455 598 544 μεταβὰς
621 455 682 525 τδν
702 456 887 539 παράσιτον
906 458 1020 539 ὁποῖός
1039 487 1089 540 τις

79 563 245 639 φαίνεται.
274 549 330 641 ἆρ’
353 554 414 640 οὐχ
429 554 447 624 ὁ
464 559 525 641 μὲν
544 551 582 622 to*
602 561 697 638 σῶμα
711 561 844 638 πρῶτον
859 554 967 635 πολδς
980 560 1035 625 καί
1048 554 1089 624 τδ

79 660 195 742 χρεόμα
209 650 308 739 ἡδύς,
324 651 366 720 οὐ
379 657 479 748 μέλας
493 653 529 720 δὲ
544 648 622 719 οὐδὲ
636 653 756 731 λευκός
766 691 809 703 -
821 652 859 720 τὸ
874 653 936 739 μὲν
947 651 1011 738 γάρ
1026 679 1090 736 γυ-

79 757 183 834 ναικί,
200 748 237 818 τδ
250 751 286 819 δὲ
301 750 412 841 δοάλφ
423 751 621 834 προσέοικεν
635 754 797 816 -ἒπειτα
811 751 1007 838 θυμοειδής,
1020 756 1089 818 δει-

82 847 145 916 νδν
159 849 293 937 βλέπων
312 846 430 918 ὁποῖον
449 847 558 934 ἡμεῖς,
580 850 664 932 μέγα
684 850 740 914 καί
760 845 930 934 ὕφαιμονς
960 846 1002 916 οὐ
1024 846 1089 934 γάρ

79 942 187 1014 καλὸν
208 946 379 1013 δεδοικότα
400 948 455 1013 καὶ
469 952 582 1030 θῆλυν
603 941 785 1030 ὀφθαλμὸν
799 951 848 1023 είς
860 947 1008 1033 πόλεμον
1027 948 1090 1032 φέ-

79 1069 164 1126 ρειν.
193 1035 249 1127 ἆρ’
269 1040 330 1129 οὐχ
351 1040 369 1111 ὁ
386 1050 536 1121 τοιοῦτος
552 1036 653 1119 καλὸς
667 1039 730 1126 μὲν
749 1040 872 1128 γένοιτ’
890 1039 934 1110 άν
954 1047 1010 1112 καὶ
1025 1050 1089 1126 ζῶν

79 1139 234 1227 ὁπλίτης,
257 1139 358 1220 καλὸς
372 1141 408 1208 δὲ
428 1141 483 1208 καί
503 1145 532 1207 εί
548 1136 720 1206 ἀποθάνοι
733 1147 859 1222 καλῶςς
889 1145 940 1209 42.
958 1139 1042 1212 άλλά
1058 1149 1092 1210 τί

79 1243 136 1308 δεῖ
146 1245 249 1306 ταῦτα
263 1237 403 1319 εἰκάζειν
414 1243 548 1322 ἔχοντας
560 1233 673 1304 αὐτῶν
688 1241 953 1323 παραδείγματος
974 1237 1089 1320 ἁπλῶς

77 1331 147 1421 γάρ
160 1340 280 1419 εἰπεῖν,
302 1337 339 1402 ἐν
353 1337 485 1426 πολέμφ
501 1341 570 1404 τῶν
588 1335 722 1401 πιόποτε
742 1338 896 1423 ρητόρων
910 1334 932 1424 ἦ
947 1338 1090 1424 φιλοσό-

78 1459 159 1520 φων
175 1438 210 1501 οί
221 1436 281 1519 μὲν
297 1430 376 1502 οὐδὲ
390 1431 476 1511 ὅλοις
490 1429 674 1519 ὑπέμειναν
685 1436 747 1514 ἔξω
757 1442 818 1501 τοῦ
829 1440 956 1520 τείχους
966 1443 1088 1516 προελ-
1105 1445 1155 1502 8⁶⁵

76 1542 175 1615 θεῖν,
200 1536 230 1598 εί
243 1533 282 1597 δέ
297 1556 346 1608 τις
359 1531 414 1598 καὶ
429 1527 654 1615 ἀναγκασθείς
668 1528 889 1616 παρετάξατο,
911 1533 995 1617 φημί
1010 1539 1089 1598 τοῦ·

80 1655 142 1697 τον
158 1635 317 1708 λείψαντα
333 1625 395 1713 τὴν
408 1627 501 1708 τάξιν
514 1625 749 1711 ὑποστρέφειν.

170 1733 265 1794 m.
287 1723 344 1803 Ὡς
364 1725 537 1810 θαυμάσια
552 1725 663 1792 πάντα
681 1726 736 1791 καί
756 1721 857 1791 οὐδὲν
873 1721 1017 1813 ὑπισχνῇ
1030 1727 1090 1810 με’·

60 1821 448 1909 ’ψωλψῶᾢπ

166 1929 267 1990 ΠΛΡ.
284 1927 360 1988 Τῶν
369 1923 432 2008 μὲν
441 1928 559 1989 τοίνυν
569 1921 721 2008 ῥητόρων
731 1918 918 2007 Ἰσοκράτης
928 1918 988 2006 οὐχ
999 1918 1090 1999 ὅπως

80 2028 130 2100 είς
158 2020 305 2106 πόλεμον
328 2021 449 2108 ἐξῆλθέ
471 2045 567 2104 ποτε,
594 2016 669 2088 άλλ’
699 2017 772 2086 οὐδ’
802 2022 854 2088 ἐπὶ
876 2022 1090 2107 δικαστήριον

80 2119 204 2207 άυέβη,
221 2116 276 2186 διά
288 2123 430 2202 δειλίαν,
449 2117 555 2204 οἶμαι,
572 2116 622 2186 ὅτι
636 2115 714 2186 οὐδὲ
725 2117 787 2205 τὴν
799 2118 919 2206 φωνην
930 2125 1090 2203 διαρκοῦ-

80 2242 149 2289 σαν
160 2216 232 2304 είχε.
255 2224 289 2286 τί
300 2223 364 2299 ἐτις
388 2216 461 2304 οὐχὶ
471 2219 633 2305 Δημάδης
647 2219 710 2303 μὲν
724 2220 778 2286 καί
789 2224 947 2306 Αἰσχίνης
961 2223 1014 2289 καὶ
1027 2228 1090 2288 Φι-

81 2317 247 2402 λοκράτης
261 2313 326 2384 ὑπὸ
346 2319 442 2395 δέους
457 2315 562 2395 εὐθὺς
577 2325 617 2405 τῇ
632 2327 830 2407 καταγγελίᾳ
843 2327 905 2387 τοῦ
920 2327 1090 2389 Φιλίππου

81 2419 234 2502 πολέμου
253 2415 313 2502 τὴν
328 2416 427 2483 πόλιν
444 2415 638 2501 προῦδοσαν
653 2420 708 2485 καί
725 2425 812 2504 σφᾶς
827 2416 950 2498 αὐτοδς
964 2426 1009 2510 τῷ
1027 2426 1091 2486 Φι-

83 2523 194 2605 λίππφ
206 2517 259 2582 καί
269 2517 455 2584 διετέλεσαν
468 2513 650 2603 Ἀθήνησιν
661 2514 712 2584 άεὶ
722 2514 760 2582 τά
774 2520 904 2584 ἐκείνου
914 2516 1091 2584 πολιτενό-
1153 2519 1155 2524 ’

82 2641 198 2703 μενοις
221 2611 300 2682 ὥστ’
319 2623 354 2684 εί
369 2639 406 2699 γε
427 2616 482 2683 καί
504 2613 603 2692 ἄλλος
618 2641 668 2692 τις
684 2611 861 2700 Ἀθηναῖος
880 2613 962 2684 κατά
985 2612 1089 2682 ταύτά

83 2715 254 2800 ἐπολέμει,
275 2708 426 2791 κάκεῑνος
446 2715 483 2780 ἐν
498 2711 610 2793 αὐτοῖς
630 2707 675 2799 ἦν
691 2721 795 2800 φίλος.
829 2712 846 2780 ὁ
867 2712 1037 2799 Ὑπερίδης
1054 2713 1091 2780 δὲ

83 2814 141 2882 καί
158 2815 382 2898 Δημοσθένης
399 2814 454 2880 καὶ
473 2818 688 2899 Λυκοῦργος,
714 2814 749 2879 οἵ
768 2836 807 2897 γε
827 2817 1006 2889 δοκοῦντες
1027 2807 1091 2878 άν-

83 2911 268 2996 δρειότεροι
285 2905 349 2978 κάν
363 2925 434 2990 ταῖς
448 2916 633 2997 ἐκκλησίαις
645 2909 695 2978 dez
705 2917 935 2998 θορυβοῦντες
950 2911 1005 2976 καὶ
1019 2918 1090 2977 λοι-

83 3010 286 3097 δορούμενοι
303 3017 348 3101 τῷ
361 3018 526 3102 Φιλίππῳ,
543 3017 577 3079 τί
589 3035 669 3077 ποτε
680 3006 923 3094 ἀπειργάσαντο
935 3023 1092 3093 γενναῖον

84 3115 123 3180 ἐν
143 3117 189 3197 τῷ
207 3109 290 3194 πρὸς
312 3107 418 3178 αὐτὸν
437 3113 585 3201 πολέμφς
606 3110 663 3178 καὶ
676 3107 847 3194 Ὑπερίδης
867 3110 929 3194 μὲν
948 3109 1004 3177 καί
1019 3116 1092 3178 Λν-

85 3217 230 3295 ιιοῦργος
243 3206 322 3277 οὐδὲ
334 3211 488 3295 ἐξῆλθον,
501 3206 574 3276 ἀλλ’
587 3206 666 3276 οὐδὲ
677 3205 762 3285 ὅλως
772 3209 958 3293 ἐτόλμησαν
969 3204 1092 3293 μικρὸν

85 3314 146 3390 ἔξω
163 3315 358 3393 παρακῦψαι
374 3315 441 3377 τῶν
461 3316 594 3391 πυλών,
622 3303 694 3372 ἀλλ’
718 3308 904 3392 ἐντειχίδιοι
923 3307 1090 3392 ἐκάθηντο
1108 3316 1161 3375 866

86 3407 165 3493 παρ’
187 3406 301 3487 αὐτοῖς
319 3407 383 3494 ἤδη
400 3405 678 3491 πολιορκούμενοι
693 3411 857 3491 γνωμίδια
873 3408 930 3474 καί
942 3414 1093 3493 προβου-

86 3509 246 3590 λευμάτια
270 3506 492 3582 συντιθέντες.
522 3501 598 3573 ὁδε
621 3504 662 3587 δὴ
686 3504 951 3588 κορυφαιότατος
969 3502 1092 3589 αὐτῶν,
