2625 4092
233 254 294 339 ιιι
580 231 926 331 [Λονιιιαοηί

231 423 314 503 μού,
337 416 398 483 τόν
417 414 453 483 δὲ
477 413 535 493 τάς
557 420 624 481 τῶν
644 419 813 499 πολεμίων
832 413 975 500 τριήρεις
990 416 1243 499 καταφλέξαντα

184 524 219 579 68
231 520 271 599 τῇ
286 516 392 601 τέχνη.
422 514 476 579 καὶ
491 518 600 599 Θαλῆς
615 512 651 579 δὲ
668 508 685 579 ὁ
704 514 870 596 Μιλήσιος
884 509 949 595 πρὸ
966 509 1079 580 αὐτων
1095 509 1243 597 ὑποσχό-

232 637 331 698 μενος
347 618 481 702 Κροίσῳ
495 608 641 698 ἀβροχον
656 610 865 697 διαβιβάσειν
880 609 940 678 τόν
954 608 1097 691 στρατὸν
1112 614 1244 697 ἐπινοίᾳ

233 708 373 778 κατόπιν
390 716 450 775 τοῦ
466 708 692 794 στρατοπέδου
709 714 768 796 μιᾷ
782 709 878 776 νυκτὶ
893 707 952 776 τὸν
961 706 1065 777 ’Ἅλυν
1080 708 1244 794 περιήγα-

233 832 308 894 γεν,
332 805 373 873 ού
388 803 567 893 μηχανικὸς
589 800 687 883 οὗτος
707 808 904 891 γενόμενος,
926 805 1032 892 σοφός
1048 807 1084 875 δὲ
1099 808 1154 874 καὶ
1168 811 1244 873 ἐπι-

233 914 350 992 νοῆσαι
360 907 416 973 καὶ
425 917 577 973 συνεῖναι
587 904 829 982 πιθανώτατος.
845 902 882 971 τό
893 906 955 991 μὲν
963 903 1028 991 γάρ
1038 912 1099 971 τοῦ
1110 902 1244 973 Ἐπειοῦ

232 1004 286 1071 καὶ
298 1004 390 1070 πάνυ
402 1000 550 1088 ἀρχαῖον,
565 998 602 1080 ὃς
614 999 656 1068 ού
667 1002 774 1088 μόνον
785 1002 1010 1088 τεχνήσασθαι
1023 1018 1091 1081 τοῖς
1103 1000 1243 1089 Ἀχαιοῖς

232 1098 292 1169 τόν
306 1102 427 1184 ἵππον,
449 1096 532 1166 ἀλλά
551 1100 605 1167 καὶ
620 1107 868 1187 συγκαταβῆναι
883 1096 996 1178 αὐτοῖς
1010 1103 1043 1179 ἐς
1064 1099 1169 1167 αύτόν
1187 1102 1240 1166 λέ-

232 1224 333 1285 γεται.
356 1202 385 1265 3.
399 1200 435 1263 έν
446 1196 486 1283 δή
500 1198 629 1274 τούτοις
641 1200 696 1264 καί
704 1196 833 1265 Ἱππίου
844 1201 979 1266 τουτουὶ
989 1205 1050 1266 τού
1060 1195 1143 1266 καθ’
1155 1196 1243 1283 ἡμᾶς

233 1303 423 1384 μεμνῆσθαι
437 1292 547 1380 ἀξιον,
565 1292 688 1379 ἀνδρὸς
699 1296 811 1380 λόγοις
824 1296 887 1383 μὲν
901 1295 982 1379 παρ’
997 1296 1113 1365 ὅντινα
1124 1297 1243 1384 βούλει

232 1402 300 1463 τῶν
316 1391 380 1475 πρὸ
394 1390 499 1470 αύτού
514 1399 791 1480 γεγυμνασμένου
803 1397 857 1463 καὶ
868 1403 1023 1464 συνεῖναί
1034 1424 1069 1463 τε
1084 1394 1176 1475 ὀξέος
1188 1396 1243 1460 καὶ

233 1495 433 1579 ἑρμηνεῦσαι
456 1493 684 1578 σαφεστάτου,
710 1492 750 1564 τά
773 1492 809 1561 δέ
830 1500 911 1580 ἔργα
931 1492 1019 1562 πολύ
1039 1502 1107 1561 τῶν
1128 1493 1243 1578 λόγων

233 1590 357 1677 ἀμείνω
374 1592 602 1675 παρεχομένου
616 1594 671 1659 καὶ
687 1590 748 1679 τήν
763 1601 820 1679 τῆς
833 1596 947 1680 τέχνης
958 1591 1140 1679 ὑπόσχεσιν
1155 1587 1242 1657 ἀπο-

233 1698 457 1777 πληροῦντος,
473 1688 535 1757 ούκ
550 1693 587 1758 ἐν
601 1690 769 1769 τοιαύταις
782 1691 844 1777 μὲν
855 1689 1073 1776 ὑποσχέσεσιν
1090 1693 1128 1758 έν
1142 1683 1197 1767 οἷς
1211 1691 1243 1755 οί

233 1786 298 1870 πρὸ
313 1784 418 1854 αὐτοῦ
432 1789 592 1872 γενέσθαι
608 1786 815 1873 ηὐτύχησαν,
835 1786 916 1855 κατὰ
934 1788 970 1856 δὲ
983 1784 1044 1853 τόν
1059 1811 1240 1872 γεωμετρι-

184 1899 219 1953 69
233 1885 295 1956 κόν
306 1886 410 1969 λόγον
421 1888 473 1953 ἐπὶ
486 1892 542 1971 τής
554 1890 724 1970 δοθείσης,
743 1892 862 1970 φασίν,
882 1882 1062 1963 εύθείαςτό
1074 1890 1241 1970 τρίγωνον

233 1981 378 2069 ἀκριβῶς
392 1985 646 2069 συνισταμένου.
670 1989 777 2050 καίτοι
792 1990 860 2049 τῶν
874 2008 912 2069 γε
926 1983 1038 2053 ἀλλων
1054 1984 1193 2059 ἕκαστος
1204 1983 1240 2047 ἕν

231 2110 261 2149 τι
279 2090 336 2166 τῆς
350 2081 527 2168 ἐπιστήμης
543 2089 641 2168 ἔργον
662 2080 908 2168 ἀποτεμόμενος
921 2086 959 2150 έν
975 2085 1090 2171 ἐκείνῳ
1106 2080 1240 2149 εύδοκι-

231 2181 337 2265 μήσας
352 2176 440 2246 είνοιί
454 2207 503 2257 τις
524 2179 613 2267 ὅμως
634 2184 764 2263 ἔδοξεν,
785 2178 857 2248 ὁδὶ
872 2188 1063 2267 μηχανικῶν
1078 2206 1113 2248 τε
1135 2175 1184 2247 τόν
1199 2178 1237 2246 τὰ

231 2285 344 2363 πρῶτα
362 2280 417 2346 καὶ
434 2288 680 2366 γεωμετρικόν,
707 2285 753 2346 ἔτι
771 2279 806 2348 δὲ
827 2276 1021 2364 ἁρμονικῶν
1041 2282 1097 2347 καὶ
1118 2301 1238 2365 μουσι-

231 2387 301 2447 κῶν
317 2383 485 2463 φαίνεται,
504 2382 558 2445 καὶ
574 2376 663 2463 ὅμως
678 2380 818 2445 ἕκαστον
833 2378 963 2445 τούτων
979 2377 1085 2457 ούτως
1099 2382 1239 2456 ἐντελῶς

232 2483 402 2546 δείκνυσιν
422 2475 466 2555 ὡς
482 2480 519 2545 ἓν
539 2475 620 2549 αύτό
637 2479 743 2563 μόνον
758 2477 990 2562 ἐπιστάμενος·
1019 2477 1080 2564 τήν
1094 2479 1158 2563 μὲν
1174 2479 1237 2562 γὰρ

233 2580 308 2657 περὶ
323 2574 467 2646 ἀκτίνων
484 2581 538 2645 καὶ
558 2575 775 2645 ἀνακλάσεων
792 2577 847 2664 καὶ
868 2576 1065 2658 κατόπτρων
1078 2586 1237 2662 θεωρίαν,

233 2682 279 2743 ἔτι
296 2674 332 2743 δὲ
346 2674 585 2763 ἀστρονομίαν,
604 2669 673 2767 ἕνῇ
687 2681 806 2752 παῖδας
821 2672 900 2753 τούς
913 2672 978 2757 πρό
990 2673 1096 2743 αὑτοῦ
1107 2673 1237 2760 ἀπέφη-

233 2804 308 2858 νεν,
326 2774 388 2845 ούκ
402 2776 518 2862 όλίγου
534 2780 660 2863 χρόνον
677 2772 785 2859 ἀνείη
802 2778 959 2841 ἐπαινεῖν.

317 2881 346 2943 4.
356 2874 395 2943 ”A
408 2876 444 2943 δὲ
456 2883 593 2962 ἔναγχος
604 2874 687 2944 ίδών
699 2873 804 2942 αὐτοῦ
815 2882 883 2941 τῶν
894 2880 1002 2958 ἔργων
1017 2874 1237 2959 κατεπλάγην,

233 2972 296 3041 ούιι
318 2971 449 3059 ὀκνήσω
471 2982 589 3043 εἰπεῖν·
623 2976 719 3060 κοινή
735 2975 797 3061 μὲν
817 2970 922 3059 γάρή
946 2970 1108 3051 ὑπόθεσις
1123 2975 1180 3041 καὶ
1196 3000 1238 3039 τι

233 3069 316 3140 καθ’
326 3070 412 3156 ἡμᾶς
423 3079 484 3161 βίφ
496 3072 588 3139 πάνυ
599 3074 715 3158 πολλή,
728 3080 909 3160 βαλανείου
922 3072 1125 3159 κατασκευή·
1146 3080 1239 3154 περί-

235 3196 308 3239 νοια
324 3172 425 3263 δὲκαὶ
438 3174 473 3238 ἐν
487 3179 533 3260 τῷ
547 3181 649 3261 κοινῷ
664 3173 769 3261 τούτῳ
784 3172 919 3251 σύνεσις
928 3172 1116 3259 θαυμαστή.
1139 3172 1239 3249 τόπος

233 3270 295 3355 μὲν
308 3262 352 3356 ἦν
367 3267 428 3336 οὐκ
445 3272 613 3354 ἐπίπεδος,
631 3268 715 3339 ἀλλὰ
731 3273 822 3339 πάνυ
838 3272 1027 3357 προσάντης
1041 3274 1096 3339 καλ
1109 3269 1237 3356 ὄρθιος,

186 3384 219 3441 70
234 3366 275 3437 όν
303 3366 508 3456 παραλαβών
530 3365 612 3436 κατὰ
634 3372 762 3453 θάτερα
787 3377 833 3448 εἰς
856 3368 1047 3457 ὑπερβολήν
1069 3370 1238 3454 ταπεινόν,

233 3469 390 3536 ἰσόπεδον
414 3472 546 3557 θατέρῳ
572 3466 742 3555 ἀπέφηνε,
768 3474 911 3555 κρηπῖδα
936 3471 998 3555 μὲν
1020 3468 1238 3556 βεβαιοτάτην
