2625 4092
213 429 423 513 ἱππόδρομον
436 425 606 496 ἀπιόντων
625 427 709 514 πρός
726 431 779 497 ἕω.
802 431 857 497 καὶ
872 432 941 496 ε’πεί
952 431 1089 516 τάχιοτα
1103 429 1220 517 ἀφικό-

213 535 318 611 μεθα,
330 525 630 614 καταλαμβάνομεν
642 524 755 610 πυράν
765 530 975 613 νενησμένην
985 530 1022 594 έν
1032 527 1135 615 βάθει
1145 528 1221 595 ὅσον

213 627 244 700 ἐς
262 619 405 710 όργυιάν
420 622 456 692 τδ
475 625 593 712 βάθος.
617 628 715 714 δᾷδες
729 617 817 710 ήσαν
831 621 872 691 τά
890 623 995 693 πολλά
1011 627 1067 692 καὶ
1083 630 1220 714 παρεβέ-

211 728 315 808 βυστο
336 729 403 789 τών
426 723 629 808 φρυγάνων,
655 721 700 802 ὡς
720 721 892 809 ἀναφθείη
918 724 1065 809 τάχιστα.
1098 732 1149 793 36.
1170 729 1219 793 καὶ

212 817 324 905 ἐπειδὴ
340 818 359 904 ἡ
376 821 499 906 σελήνη
513 819 687 890 ἀνέτελλεν
704 862 741 871 -
762 827 827 890 ἔδει
844 818 908 908 γάρ
923 821 1082 909 κάκείνην
1097 823 1219 891 θεάσα-

141 935 191 992 357
214 927 295 985 σθαι
326 917 362 985 τό
392 920 571 988 κάλλιστον
597 927 696 987 τοῦτο
720 926 821 1006 ἔργον
850 961 887 972 -
920 920 1074 1005 πρόεισιν
1100 923 1220 1000 ἐκεῖνος

213 1020 454 1102 ἐσκευασμένος
477 1021 509 1096 ές
524 1015 585 1086 τδν
606 1015 657 1086 ἀεὶ
676 1018 803 1102 τρόπον
825 1021 879 1086 καὶ
896 1020 957 1098 ξῦν
974 1017 1066 1108 αὐτῷ
1086 1017 1126 1086 τά
1148 1024 1218 1105 τέλη

213 1122 280 1182 τῶν
295 1124 428 1201 κυνῶν,
446 1121 500 1186 καὶ
516 1117 659 1204 μάλιστα
673 1115 692 1184 6
707 1119 874 1203 γεννάδας
889 1115 906 1184 6
926 1121 961 1186 έκ
979 1125 1125 1200 Πατρῶν
1139 1124 1218 1208 δᾷδα

212 1223 313 1303 ἔχων,
337 1217 378 1285 οῦ
399 1227 528 1303 φαῦλος
545 1219 863 1304 δευτεραγωνιστής·
893 1218 1092 1305 ἐδᾳδοφόρει
1114 1217 1150 1284 δέ
1168 1220 1217 1284 καὶ

212 1313 229 1382 6
245 1317 414 1399 Πρωτεύς.
438 1320 493 1384 καὶ
511 1315 758 1401 προσελθόντες
768 1315 869 1394 ἀλλος
885 1314 1074 1402 ἀλλαχόθεν
1089 1314 1218 1401 ἀνῆψαν

212 1412 248 1480 τό
266 1421 333 1497 πῦρ
355 1419 512 1500 μέγιστον
532 1415 589 1484 ἀτε
610 1413 675 1483 ἀπό
698 1416 813 1505 δᾴδων
833 1417 887 1482 καὶ
906 1415 1109 1501 φρυγάνων·
1140 1412 1156 1479 6
1174 1417 1216 1496 δέ,

211 1520 268 1581 καί
282 1539 337 1598 μοι
360 1515 452 1581 πάνυ
473 1515 536 1602 ήδη
559 1516 700 1600 πρόσεχε
721 1512 781 1581 τὸν
802 1520 905 1599 νοῦν,
932 1511 1141 1598 ἀποθέμενος
1159 1511 1218 1597 τήν

210 1610 323 1698 πήραν
338 1613 393 1679 καί
410 1610 446 1678 τό
468 1613 649 1701 τριβώνιον
665 1614 718 1678 καί
733 1609 770 1678 τδ
783 1607 981 1692 Ἡράκλειον
996 1613 1103 1678 έκεῖνο
1117 1611 1217 1693 ῥόπα-

211 1718 272 1778 λον
292 1716 369 1796 ἔστη
386 1715 422 1778 έν
440 1711 548 1801 ὀθόνη
563 1714 704 1800 βυπώση
719 1709 874 1798 ἀκριβῶς.
907 1709 974 1779 εἶτα
991 1709 1061 1798 ήτει
1077 1718 1218 1798 λιβανω-

210 1809 281 1894 τόν,
298 1807 342 1888 ώς
354 1810 504 1896 ἐπιβάλοι
517 1813 568 1880 ἐπί
578 1810 615 1880 τδ
628 1819 708 1895 πῦρ,
722 1812 776 1878 καὶ
787 1808 972 1887 ἀναδόντος
983 1807 1075 1888 τινός
1086 1811 1220 1896 ε’πέβαλέ

210 1910 316 1974 τεκαλ
332 1905 424 1973 εἶπεν
448 1910 480 1986 ἐς
499 1907 562 1995 τήν
582 1915 792 1996 μεσημβρίαν
810 1906 1014 1995 ἀποβλέπων
1029 1949 1071 1958 -
1087 1911 1141 1974 καί
1156 1905 1219 1993 γάρ

211 2007 380 2072 καὶτοῦτο
400 2005 483 2088 πρδς
497 2005 560 2094 τήν
575 2011 766 2097 τραγῳδίαν
780 1998 822 2093 ήυ
837 2004 858 2093 ή
875 2012 1062 2092 μεσημβρία
1081 2047 1119 2056 -
1136 2014 1219 2073 Δαί-

209 2128 308 2188 μουες
325 2111 473 2195 μητρῷοι
489 2110 544 2174 καὶ
559 2112 707 2195 πατρῷοι
724 2108 867 2184 δέξασθέ
881 2130 922 2190 με
939 2101 1097 2189 εόμενείς.
1119 2111 1220 2171 ταῦτα

209 2202 313 2270 είπών
334 2204 499 2290 ἐπήδησεν
522 2207 555 2284 ἐς
575 2203 611 2273 τό
634 2212 719 2288 πῦρ,
748 2203 789 2271 οῦ
815 2203 883 2290 μήν
904 2203 1030 2284 ἑωρᾶτό
1052 2227 1106 2288 γε,
1137 2197 1220 2270 ἀλλὰ

208 2305 405 2388 περιεσχέθη
421 2299 487 2370 ῦπδ
504 2310 561 2390 τής
576 2300 701 2389 φλογός
714 2311 838 2389 πολλής
851 2301 1006 2389 ἠρμένης.

293 2405 344 2470 37.
370 2394 481 2479 Αὖθις
501 2399 572 2484 όρώ
591 2403 741 2487 γελῶντά
759 2421 814 2486 σε,
842 2395 969 2468 ώκαλδ
992 2400 1136 2485 Κρόνιε,
1160 2398 1222 2487 τήν

209 2499 443 2586 καταστροφήν
459 2508 519 2568 τοῦ
537 2500 711 2586 δράματος.
744 2497 807 2585 ἐγώ
823 2499 860 2568 δδ
873 2496 953 2577 τοῦς
966 2500 1144 2589 μητρῴους
1160 2501 1221 2584 μὲν

138 2613 190 2670 868
209 2603 369 2684 δαίμονας
381 2599 611 2686 ἐπιβοώμενον
633 2597 679 2687 μά
696 2597 757 2667 τόν
771 2596 829 2666 Δί’
847 2594 889 2664 οῦ
906 2597 1038 2682 σφόδρα
1057 2595 1220 2686 ᾐτιώμην,

210 2695 264 2764 ὅτε
275 2698 311 2766 δὲ
323 2700 377 2767 καὶ
390 2698 467 2777 τοὺς
478 2701 654 2790 πατρῴους
667 2701 896 2782 ἐπεκαλέσατο,
912 2695 1142 2782 ἀναμνησθεὶς
1153 2705 1221 2764 τών

208 2798 284 2878 περὶ
299 2803 359 2864 τοῦ
375 2797 486 2881 φόνου
505 2802 688 2884 είρημένωυ
703 2796 782 2866 οῦδὲ
802 2803 951 2883 κατέχειν
966 2795 1147 2883 ήδυνάμηυ
1162 2796 1220 2864 τόν

208 2896 342 2980 γέλωτα.
367 2899 401 2962 οἱ
415 2901 556 2965 Κυνικοὶ
573 2897 609 2964 δὲ
623 2898 836 2979 περιστάντες
850 2895 911 2983 τήν
929 2895 1043 2981 πυράν
1060 2894 1124 2963 οὐκ
1142 2898 1220 2964 έδά·

209 3019 315 3077 κρυον
330 2997 407 3078 μέν,
425 3002 533 3084 σιωπή
545 2996 581 3062 δὲ
593 2998 821 3064 ἐνεδείκνυντο
833 2997 944 3082 λύπην
954 2992 1029 3061 τινά
1043 3001 1089 3072 είς
1100 2992 1137 3060 τό
1151 3001 1219 3076 πῦρ

209 3089 362 3177 δρῶντες,
378 3089 452 3177 ἀχρι
469 3093 508 3179 δή
525 3093 718 3181 ἀποπνιγεὶς
734 3094 783 3163 ἐπ’
798 3093 920 3180 αὐτοῖς,
933 3095 1107 3179 Ἀπίωμεν,
1122 3101 1219 3179 φημί,

211 3184 235 3256 ἀ
251 3191 397 3275 μάταιοι·
427 3190 468 3258 οῦ
483 3191 547 3278 γάρ
569 3191 634 3280 ἡδῦ
650 3192 686 3262 τό
704 3199 814 3281 θέαμα
829 3193 1024 3281 ὠπτημένον
1042 3193 1220 3277 γερόντιον

210 3286 293 3372 δρᾶν
315 3297 430 3377 κνίσης
453 3289 772 3379 ἀναπιμπλαμένους
789 3302 947 3379 πονηράς.
979 3287 1002 3378 ή
1025 3294 1218 3377 περιμένετε

211 3384 276 3456 ἔστ’
294 3384 338 3454 ἀν
351 3390 500 3473 γραφεύς
513 3418 562 3469 τις
574 3392 731 3480 Ιἐπελθών
746 3392 907 3481 ἀπεικάση
929 3389 1016 3477 ὑμᾶς
1031 3394 1125 3470 οἴους
1140 3388 1220 3468 τούς

210 3502 245 3554 εν
261 3492 305 3577 τῷ
324 3491 535 3580 δεσμωτηρίῳ
551 3493 702 3575 ἑταίρους
719 3501 764 3584 τῷ
778 3492 953 3577 Σωκράτει
970 3490 1219 3577 παραγράφου-

214 263 277 326 εει
568 268 872 338 Λουειικον
1226 343 1232 359 ‚
1295 286 1297 397 χ
