2625 4092
236 253 297 316 150
578 254 881 314 ΛΟΥΚΙΑΝΟΤ

173 454 176 458 1
233 417 309 500 περὶ
323 413 362 482 τά
379 421 490 502 βιβλία
501 418 667 500 σπουδης,
683 420 713 483 εί
724 419 779 484 καὶ
794 412 860 483 ύπδ
876 423 1021 496 νωθείας
1037 416 1101 504 ἐγώ
1115 419 1162 504 μὴ
1178 421 1243 486 πά-

233 523 287 582 λαι
305 516 471 580 κατεῖδον
495 510 604 597 σοφόν
616 513 698 597 γάρ,
717 511 760 592 ὡς
769 521 856 599 γοῦν
867 523 944 598 οίει,
959 512 1050 582 τοῦτ’
1065 517 1243 602 ἐπινενόη-

233 637 293 689 κας
311 614 365 678 καί
381 614 513 689 ἐλπίδας
529 609 571 678 ού
584 608 705 695 μικράς
720 616 801 696 ἔχεις
815 613 888 695 περὶ
906 619 967 678 τοῦ
983 615 1197 700 πράγματος,
1217 621 1246 680 εί

233 708 388 798 βασιλεὺς
402 710 508 795 μάθοι
521 717 624 777 ταῦτα
639 708 744 794 σοφὸς
758 707 843 795 ἀνὴρ
861 712 914 777 καί
930 717 1081 780 παιδείαν
1096 715 1244 798 μάλιστα

232 816 352 894 τιμῶν·
377 815 407 878 εί
422 810 457 876 δὲ
468 817 571 876 ταῦτα
582 807 667 893 ὑπὲρ
682 817 745 876 σού
759 813 883 888 ἐκεῖνος
897 808 1089 895 ἀκούσειεν,
1108 813 1154 893 ὡς
1172 813 1245 903 ὠνη

232 920 344 1002 βιβλία
359 915 413 981 καὶ
429 914 582 999 ξυνάγεις
595 915 719 997 πολλά,
733 914 842 981 πάντα
857 918 893 981 ἐν
905 922 1022 1001 βραχεῖ
1033 911 1113 998 παρ’
1130 911 1245 981 αὐτοῦ
1297 947 1298 950 “

235 1019 374 1080 ἔσεσθαί
382 1034 435 1078 σοι
447 1016 596 1097 νομίζεις.
621 1017 671 1080 23.
684 1009 769 1096 ἀλλ’,
786 1005 813 1078 τί
826 1012 1030 1098 κατάπυγον,
1043 1023 1105 1080 οίει
1115 1019 1244 1078 τοσοῦ-

232 1133 292 1175 τον
309 1107 546 1193 μανδραγόραν
567 1109 812 1192 κατακεχύσθαι
834 1106 955 1194 αὐτοῦ,
985 1106 1028 1186 ὡς
1049 1116 1152 1176 ταῦτα
1180 1107 1244 1193 μὲν

233 1203 386 1288 ἀκούειν,
403 1209 512 1273 ἐκεῖνα
529 1207 564 1272 δὲ
579 1204 623 1292 μὴ
639 1209 778 1290 είδίναι,
798 1203 867 1286 οἷος
881 1211 942 1293 μέν
957 1228 1020 1275 σου
1031 1205 1049 1274 ό
1062 1203 1138 1292 μεθ’
1158 1204 1244 1292 ἡμέ-

234 1327 298 1385 ραν
313 1310 400 1389 βίος,
425 1300 488 1371 οἷοι
510 1305 550 1370 δέ
563 1328 615 1370 σοι
631 1305 742 1381 πότοι,
767 1302 878 1372 ὁποῖαι
894 1306 929 1372 δὲ
946 1304 1064 1380 νύκτες
1080 1305 1133 1370 καὶ
1154 1307 1245 1381 οἵοις

232 1403 287 1469 καὶ
300 1398 426 1486 ἡλίκοις
442 1402 698 1487 ξυγκαθεύδειςς
715 1401 777 1470 ούκ
789 1403 889 1472 οἶσθα
902 1402 945 1482 ὡς
957 1396 1022 1470 ὦτα
1034 1407 1088 1471 καὶ
1101 1400 1243 1488 ὀφθαλ-

231 1504 287 1588 μοὶ
296 1503 411 1569 πολλοὶ
420 1500 648 1588 βασιλέωςςτά
659 1504 694 1571 δὲ
703 1501 745 1570 σά
755 1502 843 1572 οὕτω
852 1512 1019 1589 περιφανη
1030 1505 1117 1570 ἐστιν
1127 1501 1176 1581 ὡς
1187 1506 1244 1569 καὶ

231 1608 370 1684 τυφλοῖς
384 1598 469 1667 εἶναι
484 1602 538 1668 καὶ
552 1615 677 1685 κωφοῖς
691 1603 859 1688 γνώριμα·
882 1608 912 1670 εί
924 1599 989 1688 γάρ
1006 1603 1060 1668 καὶ
1072 1601 1242 1685 φθέγξαιο

232 1697 353 1784 μόνον.Ι
372 1703 402 1764 εί
411 1695 475 1783 γάρ
486 1702 540 1766 καὶ
551 1698 733 1783 λουόμενος
747 1697 950 1786 ἀποδύσαιο,
967 1698 1138 1786 μᾶλλονδὲ
1153 1697 1239 1783 μηδ’

232 1794 398 1881 ἀποδύση,
418 1801 448 1862 εί
462 1799 566 1877 δοκεῖ,
584 1801 617 1863 οί
630 1793 661 1861 δ’
681 1799 802 1864 οἰκέται
820 1799 927 1884 μόνον
942 1793 986 1884 ἢν
1000 1795 1244 1864 ἀποδύσωνταί

231 1914 311 1974 σον,
329 1898 362 1958 τί
374 1900 452 1974 οίει,
476 1888 521 1979 μὴ
540 1890 656 1960 αὐτίκα
674 1900 810 1962 ἔσεσθαι
828 1895 936 1963 πάντα
951 1917 1014 1962 σον
1029 1894 1183 1978 πρόδηλα
1200 1892 1242 1960 τά

230 1996 287 2074 τῆς
301 1986 421 2066 νυκτός
433 1987 619 2077 ἀπόρρητα;
641 1991 710 2060 stu&
722 2002 808 2080 γοῦν
822 2020 877 2080 μοι
890 1997 943 2061 καὶ
958 1995 1049 2075 τόδε,
1066 1999 1095 2060 εί
1103 1993 1244 2071 Βάσσος
1302 1991 1303 2002 ’

164 2101 212 2157 11⁹
231 2085 248 2154 ὁ
268 2085 426 2171 ὑμέτερος
447 2091 570 2167 ἐκεῖνος
589 2087 747 2175 σοφιστὴς
767 2086 788 2177 ἦ
809 2093 956 2169 Βάταλος
974 2089 991 2158 ὁ
1014 2087 1156 2175 αὐλητὴς
1181 2087 1241 2175 ἢὸ

230 2189 377 2261 κίναιδος
393 2181 563 2270 Ἡμιθέων
586 2183 603 2251 ὁ
625 2194 835 2274 Συβαρίτης,
861 2185 897 2267 ὃς
917 2187 996 2267 τούς
1017 2184 1242 2272 θαυμαστοὺς
1303 2205 1304 2210 ’

230 2281 310 2368 ύμῖν
324 2282 450 2368 νόμους
465 2288 690 2370 συνέγραφεν,
710 2283 753 2364 ὡς
769 2284 830 2373 χρὴ
849 2294 1037 2355 λεαίνεσθαι
1055 2288 1108 2354 καὶ
1124 2311 1241 2367 παρα·
1303 2309 1304 2356 ζ

228 2390 398 2451 τίλλεσθαι
419 2387 473 2451 καί
493 2386 631 2469 πάσχειν
648 2386 703 2452 καί
719 2402 826 2454 ποιεῖν
847 2390 971 2471 ἐκεῖνα,
998 2393 1028 2454 εί
1041 2385 1170 2452 τούτων
1191 2413 1242 2464 τις

229 2485 307 2550 νυνί
321 2491 461 2566 λεοντῆν
473 2485 754 2570 περιβαλλόμενος
765 2487 820 2554 καὶ
833 2486 982 2573 ῥόπαλον
1000 2491 1082 2571 ἔχων
1095 2488 1240 2570 βαδίζοι,

228 2588 263 2650 τί
277 2591 338 2650 οίει
359 2589 541 2667 φαίνεσθαι
564 2596 630 2659 τοῖς
652 2579 794 2667 ὁρώσαις
821 2581 983 2665 Ἡρακλέα
1006 2581 1089 2652 είναι
1110 2579 1240 2672 αύτόν;
1303 2607 1304 2674 g

231 2678 308 2765 ούκ,
331 2689 363 2748 εί
373 2707 410 2766 γε
427 2678 471 2766 μὴ
490 2681 624 2766 χύτραις
639 2688 807 2767 λημῶντες
823 2682 1027 2767 τυγχάνοιεν.
1050 2687 1149 2766 μυρία
1169 2684 1240 2768 γάρ
1302 2723 1304 2784 η

230 2783 298 2847 ἐστι
307 2778 346 2847 τά
355 2777 665 2866 ἀντιμαρτυροῦντα
675 2787 720 2867 τῷ
731 2782 879 2866 σχήματι,
888 2780 1031 2866 βάδισμα
1042 2783 1095 2847 καὶ
1104 2787 1241 2866 βλέμμα
1303 2843 1304 2848 ,

229 2880 284 2944 καὶ
300 2876 396 2963 φωυη
408 2879 462 2945 καὶ
473 2877 633 2963 τράχηλος
647 2880 922 2964 ἐπικεκλασμένος
935 2881 990 2947 καὶ
1002 2879 1169 2964 ψιμύθιον
1181 2881 1238 2946 καὶ

229 2985 367 3062 μαστίχη
382 2978 436 3044 καὶ
450 2985 575 3062 φῦκος,
591 2971 640 3054 οἷς
653 2975 748 3062 ὑμεῖς
764 2987 958 3062 κοσμεῖσθε,
976 2981 1029 3043 καὶ
1047 2975 1132 3054 ὅλως
1148 2977 1240 3044 κατὰ

229 3072 290 3158 την
308 3083 504 3160 παροιμίαν,
525 3083 652 3144 θάττον
675 3071 718 3142 ἀν
735 3077 831 3142 πέντε
845 3077 1025 3158 ἐλέφαντας
1040 3072 1105 3140 ύπό
1126 3075 1240 3160 μάλης

210 3250 215 3260 ⁴
230 3173 390 3253 κρύψειας
400 3171 422 3259 ἢ
434 3176 491 3240 ἕνα
507 3178 668 3241 κίναιδον.
691 3172 758 3241 είτα
772 3171 792 3260 ἡ
808 3182 925 3258 λεοντῆ
938 3173 999 3258 μὲν
1009 3171 1069 3242 τόν
1081 3180 1236 3241 τοιοῦτοι

229 3269 291 3338 ούκ
314 3267 358 3337 ἀν
378 3278 518 3357 ἔκρυψε,
540 3270 583 3340 σύ
607 3270 638 3338 δ’
663 3282 724 3341 οίει
744 3274 858 3358 λη’σειν
879 3273 1082 3356 σκεπόμενος
1099 3278 1239 3362 βιβλίφ;

229 3369 301 3439 ἀλλ’
319 3370 361 3438 ού
379 3371 540 3439 δυνατόν·
569 3372 735 3456 προδώσει
751 3371 815 3456 γάρ
831 3392 867 3437 σε
889 3374 942 3437 καὶ
964 3368 1173 3449 ἀποκαλύψει
1196 3371 1238 3437 τά

226 3469 311 3537 ἀλλα
329 3466 425 3554 ὑμῶν
441 3476 661 3555 γνωρίσματα.
693 3475 743 3538 24.
760 3467 796 3536 τό
813 3467 843 3535 δ’
861 3467 941 3536 ὅλον
955 3465 1089 3553 ἀγνοεῖν
1104 3493 1159 3550 μοι
1178 3474 1238 3536 δο-
