2625 4092
232 293 294 357 102
588 296 892 356 AOYKIANOY

231 459 334 542 δέρμα
352 454 451 540 εἶναι,
474 458 558 526 διότι
577 453 646 523 ὠκύ
664 462 801 541 ἔλαφος·
830 461 966 541 ἔναγχος
983 457 1019 524 δὲ
1035 464 1141 545 Λίβυς
1154 456 1246 543 άνὴρ

230 549 337 636 σοφός
354 550 394 619 τά
414 563 550 622 τοιαῦτα
568 558 759 640 μετεδίδαξέ
768 580 809 638 με
831 552 934 621 εἰπάν
949 553 1137 637 ὠκυτέρους
1157 554 1246 623 εἶναι

229 658 297 717 τῶν
313 652 449 736 ἐλάφων
466 650 544 732 τούς
567 656 710 730 λέοντας.
743 650 872 736 άμέλει,
899 657 981 739 ἔφη,
1008 655 1062 721 καὶ
1085 658 1245 738 αίροῦσιν

229 745 332 827 αὐτάς
346 750 531 828 διώκοντες.
560 750 725 837 ἐπῄνεσαν
739 754 774 817 οί
790 748 951 832 παρόντες
969 748 1014 831 ὡς
1029 744 1068 819 εὖ
1089 752 1245 831 εἰπόντος

228 856 291 917 τοῦ
303 853 437 934 Λίβυος.
461 853 491 917 8.
505 845 569 935 ἐγώ
584 852 624 917 δέ
627 900 637 933 ,
656 855 781 917 Οίεσθε
796 849 875 933 γάρ,
897 856 1000 936 ἔφην,
1019 855 1160 944 ἐπφδαῖς
1175 875 1241 921 τισι

230 948 271 1016 τά
293 952 429 1013 τοιαῦτα
449 947 617 1016 παύεσθαι
644 942 666 1031 ἢ
686 961 754 1026 τοῖς
775 952 903 1028 ἔξωθεν
925 952 1158 1037 παραρτήμασι
1182 959 1245 1018 τοῦ

230 1054 337 1115 κακοῦ
360 1051 459 1114 ἔνδον
480 1051 723 1134 διατρίβοντοςς
745 1049 906 1131 ἐγέλασαν
924 1052 976 1116 ἐπί
995 1058 1044 1138 τῷ
1063 1050 1153 1141 λόγφ
1175 1077 1244 1136 μου

228 1146 285 1211 καί
307 1148 401 1231 δῆλοι
421 1138 509 1231 ἦσαν
528 1143 771 1231 κατεγνωκότες
793 1171 859 1230 μου
880 1144 1007 1231 πολλὴν
1027 1147 1089 1232 τὴν
1107 1145 1240 1230 άνοιαν,

228 1242 298 1309 ἐπεὶ
314 1240 359 1328 μὴ
377 1245 571 1327 ἐπισταίμην
584 1238 624 1309 τά
647 1243 878 1327 προδηλότατα
891 1244 945 1309 καὶ
967 1245 1041 1324 περί
1055 1235 1104 1310 τόν
1118 1238 1164 1310 άν
1180 1240 1241 1310 ού-

229 1343 296 1419 δείς
310 1348 449 1426 φρονῶν
466 1338 614 1411 ἀντείποι
629 1339 673 1425 μὴ
689 1338 762 1426 ούχὶ
780 1339 886 1419 οὕτως
904 1347 999 1427 ἔχειν.
1022 1340 1040 1409 ὁ
1059 1345 1174 1428 μέντοι
1189 1348 1204 1410 ί
1225 1382 1244 1394 -

229 1435 307 1523 πρός
325 1436 509 1523 Ἀντίγονος
531 1441 639 1507 ἐδόκει
662 1464 718 1524 μοι
737 1437 885 1526 ἡσθῆναι
910 1447 950 1527 τῇ
975 1440 1133 1526 ἐρωτήσει
1156 1466 1243 1526 μου·

231 1534 334 1603 πάλαι
347 1533 411 1620 γάρ
428 1533 596 1622 ἠμελεῖτο,
618 1534 725 1621 οἶμαι,
742 1543 884 1623 βοηθεῖν
898 1536 1001 1617 άξιων
1017 1546 1063 1628 τῷ
1074 1536 1242 1622 Εὐκράτει

227 1632 308 1719 μετὰ
329 1640 386 1720 τῆς
407 1636 522 1719 τέχνης
547 1643 644 1703 ολνου
663 1659 699 1700 τε
720 1639 960 1719 παραγγέλλων
982 1632 1164 1720 ἀπέχεσθαι
1186 1638 1241 1703 καὶ

230 1731 356 1816 λάχανα
373 1740 537 1798 σιτεῖσθαι
554 1732 608 1798 καί
623 1727 708 1808 ὅλως
722 1728 881 1815 ὑφαιρεῖν
895 1739 958 1799 τοῦ
972 1732 1083 1799 τόνου.
1118 1730 1136 1800 ὁ
1153 1739 1243 1819 γοῦν

228 1832 422 1914 Κλεόδημος
436 1827 642 1915 ὑπομειδιῶν
657 1828 737 1917 ἅμα,
758 1837 801 1897 Τί
811 1835 925 1916 λέγεις,
940 1836 1015 1917 ἔφη,
1033 1824 1060 1899 ὦ
1075 1833 1241 1919 Τυχιάδης

177 1937 212 1995 37
229 1925 371 1994 άπιστον
395 1925 483 1994 εἶναί
496 1946 550 1993 σοι
570 1932 665 1995 δοκεῖ
683 1926 720 1994 τὸ
742 1931 777 1994 ἐκ
798 1930 1043 1998 τῶντοιούτων
1063 1936 1244 2015 γίγνεσθαί

228 2052 320 2104 τινας
335 2024 496 2111 ὠφελείας
515 2028 548 2105 ές
561 2024 601 2094 τά
624 2028 809 2113 νοσήματας
828 2025 979 2113 Ἔμοιγε,
999 2021 1043 2114 ἦν
1057 2026 1089 2095 δ’
1106 2029 1189 2114 ἐγώ,
1214 2035 1245 2096 εί

229 2122 274 2211 μὴ
289 2124 381 2191 πάνυ
394 2126 456 2211 τὴν
469 2128 545 2213 βῖνα
560 2126 702 2212 κορύζης
712 2124 831 2213 μεστός
846 2136 935 2214 ελην,
954 2126 998 2206 ὡς
1011 2130 1185 2198 πιστεύειν
1200 2128 1240 2196 τά

228 2227 290 2303 ἔξω
307 2226 361 2291 καὶ
377 2224 481 2310 μηδὲν
495 2232 726 2295 κοινωνοῦντα
740 2240 808 2304 τοῖς
822 2230 966 2294 ἔνδοθεν
979 2228 1189 2311 ἐπεγείρουσι
1200 2226 1240 2293 τὰ

228 2321 400 2409 νοσήματα
413 2324 495 2409 μετδι
511 2328 696 2411 ῥηματίων,
720 2323 765 2403 ὥς
782 2349 882 2410 φατε,
905 2326 960 2391 καί
980 2332 1132 2410 γοητείας
1145 2322 1240 2401 τινός

228 2424 377 2505 ἐνεργεῖν
393 2424 448 2489 καί
462 2417 524 2513 τὴν
541 2432 630 2490 ίασιν
646 2426 843 2507 ἐπιπέμπειν
857 2423 1130 2508 προσαρτώμενα.
1151 2418 1191 2489 τό
1204 2418 1236 2487 δ’
1295 2417 1296 2420 “

229 2516 291 2585 ούκ
306 2514 351 2586 άν
361 2522 503 2606 γένοιτο,
518 2517 595 2588 οὐδ’
605 2516 650 2605 ἢν
662 2523 694 2598 ἐς
705 2527 766 2587 τοῦ
774 2525 924 2605 Νεμείου
936 2521 1072 2598 λέοντος
1082 2517 1119 2587 τό
1132 2522 1239 2603 δέρμα
1295 2607 1296 2612 ¹

229 2617 352 2707 ἐνδήσῃ
361 2644 411 2695 τις
422 2620 595 2687 ἑκκαίδεκα
610 2624 761 2703 μυγαλᾶς
771 2616 867 2695 ὅλας·
885 2614 949 2704 ἐγω
963 2624 1049 2704 γοῦν
1060 2614 1167 2684 αὐτόν
1178 2613 1238 2681 τὸν

229 2717 346 2782 λέοντα
358 2714 449 2783 εἶδον
459 2716 618 2795 πολλάκις
628 2715 818 2802 χωλεύοντα
827 2711 887 2782 ὑπ’
899 2713 1097 2801 άλγηδόνων
1109 2716 1146 2782 ἐν
1157 2712 1238 2782 ὁλο·
1295 2733 1296 2742 ’

229 2819 341 2907 κλήρῳ
357 2824 402 2907 τῷ
419 2815 526 2886 αὑτοῦ
543 2819 689 2904 δέρματι.
723 2823 752 2886 9.
769 2817 868 2885 Πάνυ
886 2814 949 2902 γάρ
967 2814 1116 2903 ἰδιότης,
1138 2811 1236 2901 έφηὸ

228 2916 451 2999 Δεινόμαχος,
468 2912 498 2982 εἶ
510 2916 564 2983 καλ
578 2913 619 2982 τά
634 2922 771 2982 τοιαῦτα
782 2914 845 2983 οὐκ
860 2918 998 3002 ἐμέλησέ
1008 2935 1062 2983 σοι
1075 2918 1237 3000 ἐκμαθεῖν

229 3009 346 3077 ὅντινα
361 3010 487 3092 τρόπον
498 3009 623 3097 ὠφελεῖ
634 3024 703 3090 τοῖς
712 3011 876 3099 νοσήμασι
891 3012 1165 3098 προσφερόμενα,
1182 3016 1238 3079 καὶ

229 3135 285 3195 μοι
304 3112 411 3186 δοκεῖς
425 3106 504 3177 οὐδὲ
514 3107 554 3176 τά
564 3112 820 3195 προφανέστατα
835 3107 878 3178 άν
892 3113 1142 3196 παραδέξασθαι
1154 3116 1238 3177 ταῦ-

229 3233 286 3290 τα,
308 3212 376 3273 τῶν
393 3209 429 3275 ἐκ
445 3208 605 3292 περιόδου
622 3217 778 3292 πυρετῶν
797 3209 855 3288 τάς
874 3205 1075 3294 άποπομπάς
1094 3210 1150 3275 καὶ
1169 3214 1238 3274 τοῖν

229 3305 377 3383 ἑρπετῶν
391 3302 449 3383 τάς
463 3310 676 3385 καταθέλξεις
687 3308 739 3375 καὶ
753 3307 940 3394 βουβώνων
951 3308 1055 3386 ἰάσεις
1066 3308 1121 3374 καί
1131 3298 1237 3373 τᾶλλα

229 3403 337 3469 ὁπόσα
353 3404 458 3471 καλαί
477 3410 577 3489 γρᾶες
595 3402 659 3490 ἤδη
674 3412 840 3472 ποιοῦσιν.
869 3410 900 3473 εί
912 3405 949 3472 δὲ
965 3406 1075 3472 ἐκεῖνα
1088 3408 1236 3489 γίγνεται

199 3544 203 3553 ·
228 3497 374 3584 ἅπαντα,
390 3507 425 3569 τί
437 3503 479 3588 δή
491 3527 570 3569 ποτε
582 3501 653 3586 οὐχὶ
667 3509 771 3570 ταῦτα
784 3503 881 3589 οίήση
897 3510 1074 3589 γίγνεσθαι
1088 3498 1156 3568 ὑπὸ
1169 3507 1238 3569 τῶν
