2625 4092
223 285 263 344 30
577 281 879 340 ΛΟΥΚΙΑΝΟΤ

311 451 404 512 m.
424 442 548 528 Ἀληθῆ
564 443 677 526 λέγεις.

302 549 400 608 ΠΛΡ.
411 537 507 607 Ἀλλά
517 540 630 624 μέντοι
640 535 720 604 οὐδὲ
730 534 860 621 ἀτεχνία
871 540 974 601 ἐστίν·
988 533 1083 619 ἡγὰρ
1096 532 1221 620 ἀτεχνία
1298 542 1299 565 ¹

223 638 382 707 οὐδέποτε
404 636 505 705 οὐδέν
522 644 686 717 κατορθοῖ
705 640 751 723 τῷ
767 635 964 720 κεκτημένῳ.
993 635 1074 716 φέρε
1093 631 1173 717 γάρ,
1196 638 1222 700 εἰ

223 739 393 820 ἐπιτρέψαι
414 762 463 814 τις
485 737 590 822 ἑαυτῷ
613 738 701 797 ναῦν
723 735 759 798 ἐν
781 730 930 814 θαλάττῃ
949 731 1004 796 καί
1025 735 1159 814 χειμῶνι
1178 730 1221 814 μή

223 835 438 920 ἐπιστάμενος
452 838 638 917 κυβερνᾶν,
655 835 780 913 σωθείη
795 827 855 906 άνς

310 938 405 998 m.
430 927 501 1019 Οάχ
515 926 629 1005 οὕτως.

306 1037 406 1097 ΠΑΡ.
432 1035 473 1095 Τί
488 1027 528 1112 δή
544 1050 640 1109 ποτε,
657 1020 736 1114 ἢτῷ
746 1020 790 1109 μὴ
803 1028 889 1107 ἔχειν
901 1024 1035 1107 τέχνην,
1051 1021 1096 1088 δι’
1114 1013 1153 1106 ἧς
1164 1024 1226 1085 δυ-

223 1128 359 1215 νήσεται
374 1126 491 1206 στάζειν
505 1123 642 1202 ἑαυτόυ;

311 1231 405 1293 TYX.
429 1225 494 1291 Καὶ
511 1223 606 1308 μάλα.

305 1329 404 1389 ΠΑΡ-
429 1318 566 1388 Οάκοῦν
580 1321 634 1385 καὶ
651 1318 831 1403 παράσιτος
845 1315 911 1383 ὑπὸ
927 1324 984 1401 τῆς
998 1323 1227 1401 παρασιτικῆς,

224 1430 316 1502 εἰπερ
330 1412 373 1504 ἦν
390 1417 539 1505 ἀτεχνία,
555 1415 617 1484 οὐκ
632 1411 677 1483 άυ
690 1415 841 1496 έσάζετος

311 1525 405 1586 TYX.
429 1525 505 1586 Ναί,

306 1623 404 1684 ΠΑΡ-
429 1615 566 1682 Οὐκοῦν
582 1617 678 1698 τέχνη
692 1612 843 1697 σώζεται,
859 1611 990 1699 ἀτεχνίᾳ
1006 1612 1041 1677 δὲ
1056 1609 1115 1690 οὕς

312 1722 406 1782 ΤΤΧ.
428 1714 527 1778 Πάνυ
544 1711 606 1797 μέν
622 1704 694 1776 οὖν,

307 1820 404 1878 ΠΑΡ.
430 1814 534 1894 Τέχνη
550 1808 614 1890 ἄρα
632 1811 720 1874 ἐστὶν
736 1806 756 1893 ἡ
771 1807 979 1892 παρασιτική,

312 1916 405 1975 ΤῬΧ.
433 1911 553 1993 Τέχνη,
571 1904 614 1984 ὡς
630 1911 747 1972 ἔοικεν.

307 2013 405 2072 ΠΛΡ.
428 2008 491 2070 Καὶ
507 2003 573 2090 μὴν
592 2003 799 2088 κυβερνήτας
814 2005 876 2086 μὲν
892 1999 1043 2086 ἀγαθοὺς
1058 2003 1111 2066 καὶ
1128 1997 1231 2086 ἡνιό-

222 2134 301 2193 χους
312 2113 457 2191 τεχνίτας
469 2104 668 2182 ἐκπεσόντας
679 2111 745 2170 των
757 2108 886 2188 δίφρων
896 2101 969 2169 οἶδα
979 2101 1043 2188 ε’γά
1053 2104 1228 2186 πολλάκις,

223 2206 278 2272 καὶ
291 2202 369 2280 τούς
381 2201 444 2287 μέν
454 2203 701 2288 ξυντριβέντας,
715 2199 794 2279 τούς
807 2201 842 2266 δὲ
857 2203 912 2267 καὶ
922 2200 1061 2284 πάμπαν
1075 2204 1229 2284 διαφθα-

223 2304 355 2384 ρέντας,
370 2305 556 2382 παρασίτου
572 2302 608 2366 δὲ
623 2298 788 2383 ναυάγιον
802 2297 910 2376 οὐδεὶς
928 2304 992 2382 ἔχει
1006 2306 1161 2365 τοιοῦτον
1179 2305 1229 2366 εί-

151 2421 205 2476 846
224 2414 308 2466 πεῖν.
336 2396 463 2466 οὐκοῦν
485 2402 513 2463 εί
532 2397 612 2482 μήτε
633 2395 765 2482 άτεχυία
786 2401 874 2466 ἐστὶν
895 2395 1127 2484 ηπαρασιτική
1144 2398 1231 2484 μήτε

223 2497 380 2582 δύναμις,
395 2496 546 2580 σύστημα
557 2497 596 2563 δέ
604 2523 635 2563 τι
647 2498 683 2563 έκ
698 2499 916 2583 καταλήψεων
928 2500 1230 2583 γεγυμνασμένων,

221 2601 316 2682 τέχνη
331 2599 435 2679 δῆλον
451 2593 502 2663 ὅτι
520 2595 762 2682 διωμολόγηται
776 2593 855 2681 ἡμῖν
871 2596 1023 2681 τήμερον.

305 2700 333 2760 9.
353 2700 448 2762 T‘PX.
463 2691 564 2763 Ὅσον
576 2698 611 2761 ἐκ
625 2696 748 2761 τούτου
763 2695 894 2775 εἰκάζω·
916 2691 988 2761 ἀλλ’
1002 2697 1119 2779 έκεῖνο,
1133 2693 1230 2773 ὅπως

222 2795 276 2862 καὶ
291 2791 374 2877 ὅρον
388 2790 468 2878 ἡμῖν
481 2819 556 2860 τινα
573 2808 730 2876 γενναίου
745 2791 877 2882 ἀποδῷς
890 2800 948 2878 τῆς
962 2800 1190 2878 παρασιτικῆς.

305 2899 405 2959 ΠΛΡ.
424 2888 551 2974 Ὀρθως
561 2891 605 2957 σύ
619 2917 656 2975 γε
668 2895 782 2976 λέγων.
807 2895 900 2958 δοκεῖ
911 2889 977 2977 γάρ
988 2893 1030 2977 δή
1046 2917 1102 2978 μοι
1117 2890 1230 2970 οὕτως

221 2986 266 3057 δυ
280 2990 422 3074 μάλιστα
437 2987 596 3072 ὡρίσθαι
619 2990 818 3075 παρασιτική
833 2992 900 3057 ἐστι
914 2993 1010 3075 τέχνη
1025 2994 1153 3057 ποτέων
1170 2993 1231 3058 καὶ

221 3090 377 3175 βρωτέων
397 3090 539 3154 καὶτῶν
562 3085 616 3154 διά
637 3095 740 3154 ταῦτα
763 3091 922 3171 λεκτέων,
947 3091 1038 3165 τέλος
1061 3087 1096 3154 δὲ
1122 3087 1231 3175 αὐτῆς

220 3183 258 3253 τὸ
273 3182 348 3270 ἡδύ.

307 3290 401 3351 m.
419 3281 592 3367 Ὑπέρευγε
610 3309 666 3368 μοι
684 3289 790 3363 δοκεῖς
806 3283 983 3366 ὁρίσασθαι
1003 3282 1065 3371 τὴν
1080 3293 1231 3352 σεαυτοῦ

220 3405 354 3468 τεχνην·
382 3378 456 3449 ἀλλ’
474 3383 580 3448 έκεῖνο
600 3382 733 3468 σκόπει,
756 3381 800 3469 μὴ
816 3382 900 3466 πρός
915 3385 1023 3462 ένίους
1038 3392 1107 3450 τοῖν
1123 3392 1229 3467 φιλο-

219 3480 338 3565 σόφων
354 3479 440 3565 μάχη
456 3499 508 3547 σοι
524 3484 598 3564 περὶ
615 3488 676 3548 τοῦ
689 3483 804 3560 τέλους
818 3475 851 3569 ᾗ
