2625 4092
227 268 290 332 336
596 271 886 332 AOYKIANOY

229 429 299 498 λάν
314 437 360 510 είς
379 430 417 500 τό
441 436 544 518 μέσον
558 430 671 513 ὥσπερ
686 459 716 498 τι
737 438 844 517 μῆλον
865 429 907 498 οὐ
927 439 1007 518 μείω
1027 441 1084 518 τῆς
1102 431 1238 510 Ἰλιάδος
1295 448 1296 527 ᾗ

230 527 315 596 κακά
337 529 586 614 ἐξεργάσασθαι.
620 534 671 596 36.
691 527 732 595 οῦ
747 526 812 614 γάρ
829 529 1015 596 ἐπαύσαντο
1030 534 1065 595 οἱ
1079 525 1168 615 ἀμφὶ
1181 528 1239 596 τόν
1295 604 1296 609 1

229 628 423 712 Ζηνόθεμιν
439 627 498 694 Υκαὶ
520 627 719 713 Κλεόδημον
739 634 1028 712 φιλονεικοῦντες,
1054 630 1122 694 ἐπεὶ
1139 632 1238 712 μέσος
1295 638 1296 715 f

228 723 375 792 αύτῶνὸ
395 723 632 807 Ἀρισταίνετος
650 729 797 810 ἐγένετο·
820 724 922 809 ἀλλά,
939 731 1017 794 Νῦν
1034 726 1113 809 μέν,
1134 730 1200 810 ἐφη
1221 723 1238 792 ὁ
1295 736 1296 761 ¹

229 824 433 908 Κλεόδημος,
446 823 575 906 ἱκανόν,
592 829 622 891 εί
631 826 837 909 ἐλεγχθείητε
848 821 988 907 ἀμαθεῖς
999 820 1102 906 ὅντες,
1118 821 1238 905 αὔριον
1295 836 1296 839 ’

231 925 267 988 δέ
284 918 476 1006 ἀμυνοῦμαι
494 919 580 1006 ύμᾶς
596 919 712 988 ὅντινα
733 922 787 987 καὶ
801 918 862 1005 χρῆ
884 920 1026 1002 τρόπον·
1058 921 1241 1003 ἀπόκριναί

230 1047 286 1105 μοι
306 1013 387 1104 οὖν,
410 1011 638 1106 ιόΖηνόθεμι,
660 1013 681 1104 ἢ
703 1019 747 1084 σύ
766 1012 822 1104 ῆὸ
845 1018 1068 1102 κοσμιώτατος
1084 1026 1240 1103 Δίφιλος,
1295 1090 1296 1107 χ

164 1134 211 1186 443
231 1115 310 1185 καθ’
331 1115 349 1182 ὅ
371 1144 401 1182 τι
423 1113 612 1200 ἀδιάφορον
628 1113 712 1182 εἶναι
729 1118 881 1200 λέγοντες
901 1122 970 1182 τῶν
984 1117 1164 1202 χρημάτων
1179 1113 1242 1200 τῆν

231 1223 347 1302 κτῆσιν
360 1212 460 1282 οὐδέν
472 1209 544 1282 ἀλλ’
557 1208 578 1300 ῆ
590 1221 689 1280 τοῦτο
698 1217 731 1291 ἐξ
741 1210 900 1279 ἁπάντων
910 1228 1060 1280 σκοπεῖτε
1075 1211 1122 1292 ὡς
1137 1221 1242 1281 πλείω

231 1314 395 1398 κτήσεσθε
413 1315 467 1379 καὶ
488 1309 543 1378 διά
564 1318 662 1378 τοῦτο
685 1309 770 1395 ἀμφὶ
785 1308 864 1388 τοῦς
881 1318 1061 1386 πλουσίους
1078 1309 1129 1377 ἀεὶ
1152 1317 1243 1395 ε’χετε

231 1416 285 1478 καὶ
300 1416 461 1490 δανείζετε
475 1413 530 1478 καὶ
545 1418 780 1495 τοκογλυφεῖτε
794 1411 849 1476 καλ
865 1411 917 1475 ἐπὶ
928 1417 1039 1496 μισθῷ
1051 1411 1242 1484 παιδεύετε,

230 1511 333 1578 πάλιν
344 1535 378 1576 τε
394 1501 438 1575 αὖ
450 1506 511 1595 τῆν
522 1506 649 1594 ἡδονὴν
664 1514 839 1593 μισοῦντες
855 1508 909 1573 καλ
923 1513 990 1573 τῶν
1004 1505 1244 1588 Ἐπικουρείων

231 1614 493 1692 κατηγοροῦντες
509 1603 603 1674 αι’πολ
623 1603 663 1672 τά
684 1615 833 1690 αἴσχιστα
855 1601 977 1690 ἡδονῆς
999 1607 1096 1672 ἕνεκα
1116 1620 1241 1672 ποιεῖτε

230 1708 285 1772 καὶ
311 1705 469 1789 πάσχετε,
503 1702 768 1790 ἀγανακτοῦντες
795 1712 828 1770 εἴ
852 1722 901 1780 ’τις
924 1701 968 1787 μῆ
993 1706 1165 1770 καλέσειεν
1190 1707 1242 1770 ἐπὶ

230 1807 381 1869 δεῖπνον·
405 1807 435 1870 εί
448 1801 484 1870 δὲ
496 1805 550 1870 καὶ
561 1809 747 1889 κληθείητε,
759 1807 903 1868 τοσαῦτα
914 1800 976 1885 μέν
987 1805 1171 1882 ἐσθίοντες,
1186 1828 1243 1866 το-

232 1908 336 1970 σαῦτα
358 1901 394 1968 δέ
410 1914 477 1978 τοῖς
494 1903 636 1977 οἰκέταις
656 1900 859 1976 ἐπιδιδόντες
876 1953 883 1965 .
899 1952 905 1966 .
919 1952 947 1965 ..
972 1901 1026 1971 καλ
1046 1898 1115 1984 ἅμα
1131 1902 1244 1984 λέγων

230 1998 292 2085 τῆν
309 1997 440 2084 ὀθόνην
457 2006 621 2081 περισπᾶν
637 2001 811 2081 ἐπεχείρει,
829 1995 872 2081 ἣν
888 1993 906 2063 ὁ
924 2011 1000 2074 παῖς
1016 1995 1078 2080 εἶχε
1095 2004 1159 2063 τοῦ
1174 2005 1242 2082 Ζη-

230 2100 418 2182 νοθέμιδος,
434 2097 557 2183 μεστῆν
569 2092 676 2165 οὖσαν
688 2100 911 2162 παντοδαπῶν
921 2104 1039 2177 κρεῶν,
1055 2098 1111 2163 καὶ
1124 2102 1244 2180 ἔμελλε
1294 2160 1295 2167 ,

230 2196 333 2272 λύσας
350 2192 566 2280 ἀπορρίπτειν
582 2193 665 2262 αῦτά
683 2201 728 2274 είς
742 2192 779 2260 τὸ
798 2198 937 2279 ἔδαφος,
958 2192 1031 2261 ἀλλ’
1048 2190 1065 2258 ὁ
1082 2208 1163 2271 παῑς
1180 2192 1244 2260 οῦκ

230 2294 332 2378 ἀνῆκε
348 2302 515 2376 καρτερῶς
532 2291 759 2379 ἀντεχόμενος.
790 2299 840 2362 37.
856 2296 911 2361 καὶ
925 2289 1099 2379 όἝρμων,
1123 2287 1180 2360 Εὖ
1193 2321 1242 2379 με,
1294 2312 1295 2385 χ

230 2399 311 2477 ἔφη,
344 2384 370 2458 ά
396 2394 586 2477 Κλεόδημε,
620 2392 807 2460 εἰπάτωσαν
834 2386 967 2472 οὗτινος
992 2395 1089 2460 ἕνεκα
1115 2392 1244 2478 ἡδονῆς

230 2498 473 2576 κατηγοροῦσιν
489 2490 582 2560 αὐτοὶ
599 2490 742 2576 ἥδεσθαι
758 2490 842 2572 ὑπὲρ
859 2490 939 2571 τούς
960 2489 1082 2568 ἀλλους
1099 2489 1242 2575 ἀξιοῦν·
1293 2502 1294 2555 1

229 2615 290 2667 τες.
315 2587 403 2674 Οὔκ,
422 2587 504 2656 ἀλλά
520 2591 579 2670 σύ,
597 2584 618 2676 ἦ
634 2589 664 2657 δ’
683 2590 719 2669 ὃς
733 2588 751 2657 ὁ
763 2591 967 2676 Ζηνόθεμις,
984 2592 1070 2673 εἰπέ,
1089 2583 1241 2657 &Klai-

231 2691 328 2772 δημε,
351 2685 430 2754 καθ’
451 2685 470 2752 ό
491 2715 520 2754 τι
542 2686 603 2756 ούκ
624 2687 814 2774 ἀδιάφορον
833 2686 897 2777 ῆηῆ
914 2688 975 2756 τόν
991 2696 1149 2757 πλοῦτον.
1189 2687 1241 2757 Ού

230 2789 291 2871 μὲν
313 2780 392 2872 οῦν,
415 2785 498 2856 ἀλλά
514 2789 565 2855 σύ.
599 2792 652 2856 καὶ
675 2791 726 2856 ἐπὶ
748 2787 835 2856 πολύ
855 2795 952 2855 τοῦτο
971 2780 1033 2875 ῆν,
1060 2786 1137 2874 ἀχρι
1156 2787 1239 2874 δῆὸ

229 2883 307 2954 Ἴων
329 2888 504 2969 προκύψας
524 2891 557 2964 ές
578 2885 614 2953 τό
637 2890 903 2971 ἐμφανέστερον,
927 2888 1132 2971 Παύσασθε,
1156 2894 1239 2974 ἔφη·

230 2982 294 3068 ἐγώ
310 2986 362 3066 δέ,
379 2990 409 3052 εί
421 2989 527 3070 δοκεῖ,
544 2986 655 3071 λόγων
666 2984 821 3071 ἀφορμάς
832 2984 912 3071 ὑμῖν
923 2984 1024 3068 ἀξίων
1037 2993 1095 3072 τῆς
1106 2989 1241 3072 παρού-

229 3103 288 3168 σης
304 3084 416 3168 ἑορτῆς
429 3087 609 3169 καταθήσω
620 3088 653 3164 ἐς
667 3083 703 3151 τό
720 3088 837 3171 μέσον·
860 3085 953 3172 ὑμεῖς
966 3087 1003 3154 δέ
1015 3084 1241 3170 ἀφιλονείκως

159 3195 212 3247 444
230 3182 330 3262 ἐρεῖτε
345 3183 399 3248 καὶ
411 3181 599 3252 ἀκούσεσθε
612 3182 722 3267 ὥσπερ
734 3181 845 3269 ἀμέλει
857 3187 912 3252 καὶ
927 3181 1017 3265 παρά
1032 3190 1078 3274 τῷ
1087 3180 1241 3273 ἡμετέρᾳ

229 3281 385 3348 Πλάτωνι
399 3277 420 3366 ἡ
442 3291 577 3368 πλείστη
593 3280 746 3369 διατριβὴ
764 3285 892 3370 ἐγένετο
908 3286 945 3350 έν
960 3284 1080 3370 λόχοις.
1115 3283 1242 3362 πάντες

230 3378 395 3463 ἐπῄνεσαν
407 3383 440 3444 οί
449 3380 626 3464 παρόντες,
642 3385 695 3448 καὶ
707 3381 847 3466 μάλιστα
859 3386 893 3449 οί
904 3378 989 3466 ἀμφὶ
1000 3382 1061 3448 τόν
1072 3378 1242 3464 Ἀρισταί-

230 3473 328 3539 νετόν
344 3476 454 3542 τεκαὶ
473 3475 655 3561 Εὔκριτον,
682 3479 929 3560 ἀπαλλάξεσθαι
942 3487 1000 3566 τῆς
1014 3479 1132 3567 ἀηδίας
1148 3481 1241 3548 οὕτω
