2625 4092
102 291 220 348 ΠΕΡΙ
242 294 336 350 TO'I‘
353 295 432 349 MH
451 295 569 348 ΡΑιΔ.
589 293 717 349 ΠΙΣΤ.
741 295 995 351 ΔΙΑΒΟΛΗι.
1042 296 1099 354 161

97 449 183 534 ὀργή
200 454 443 536 τεταραγμένον
458 455 570 535 μηκέτι
587 448 709 536 σχολήν
727 451 821 534 άγειν
837 459 875 538 τη
890 453 1031 530 ἐξετάσει
1046 461 1103 540 της

96 544 273 630 ἀληθείας
302 545 385 615 ἀλλά
400 543 464 614 κάν
480 550 565 633 θέλη
581 573 630 624 τις
645 543 902 633 ἀπολογεῖσθαι,
926 548 969 635 μή
985 559 1101 632 προσί-

96 653 197 710 εσθαι
213 652 259 733 τῳ
275 647 450 734 παραδόξῳ
462 652 517 729 τῆς
532 641 721 724 ἀκροάσεως
737 641 780 719 ὡς
792 642 915 730 ἀληθεῖ
926 672 1102 728 προκατει-

97 743 277 824 λημμένον.
308 748 355 810 16.
372 741 622 825 ἀνυσιμώτατον
634 740 698 824 γάρ
717 738 752 806 τό
768 739 852 818 εἶδος
870 746 926 828 τῆς
947 750 1102 830 διαβολῆς

97 833 133 902 τό
154 834 354 906 ὑπεναντίον
368 846 425 925 τῆς
439 846 498 904 τοῦ
517 836 699 915 ἀκούοντος
714 839 944 924 ἐπιθυμίας,
929 841 1028 908 οπότε
1045 846 1099 908 και
1122 861 1174 913 146

97 943 188 1014 παρα
209 942 401 1026 Πτολεμαίῳ
422 945 467 1024 τῷ
487 935 646 1023 Διονύσῳ
668 938 921 1020 ἐπικληθέντι’
905 939 1034 1024 εγένετό
1055 967 1102 1018 τις

97 1027 135 1108 ὃς
158 1031 363 1117 διέβαλλε
329 1059 389 1099 τον
408 1002 632 1100 Πλατωνικὸν
640 1033 894 1119 Δημήτριον,
882 1039 933 1102 ότι
954 1034 1045 1120 ύδωρ
1067 1063 1101 1102 τε

97 1138 188 1198 πίνει
203 1135 257 1197 καλ
274 1132 377 1216 μόνος
392 1141 457 1198 των
474 1131 586 1200 ἀλλων
603 1147 775 1215 γυναικεῖα
792 1129 853 1198 ούκ
869 1135 1081 1200 ένεδύσατο’
1065 1160 1101 1202 εν

96 1243 167 1306 τοῖς
178 1237 387 1308 Διονυσίοις·
409 1235 462 1296 καὶ
476 1240 508 1298 ελ
516 1256 553 1314 γε
564 1228 608 1315 μὴ
621 1231 754 1314 κληθεὶς
767 1231 875 1296 ἕωθεν
890 1236 963 1298 ἔπιέ
969 1258 1002 1298 τε
1015 1234 1100 1299 πάν-

96 1352 167 1392 των
184 1325 341 1407 ὁρώντων
359 1333 412 1395 καὶ
431 1326 544 1413 λαβών
560 1331 805 1409 ταραντινίδιον
826 1329 1024 1415 ἐκυμβάλισε
1046 1332 1099 1396 καὶ
1123 1347 1167 1398 147

96 1426 373 1510 προσωρχήσατο,
396 1423 560 1493 ἀπολώλει
583 1420 626 1490 ἀν
648 1421 692 1500 ώς
715 1421 775 1508 οὐχ
796 1423 957 1509 ἡδόμενος
974 1433 1019 1514 τῷ
1039 1433 1100 1515 βίῳ

99 1528 161 1588 τοῦ
174 1525 348 1608 βασιλέως,
369 1520 443 1590 ἀλλ’
460 1518 695 1606 ἀντισοφιστὴς
711 1515 759 1586 ών
774 1522 827 1587 καὶ
844 1519 1030 1606 ἀντίτεχνος
1045 1530 1100 1607 τῆς

97 1624 307 1701 Πτολεμαίου
326 1628 464 1705 τρυφῆς,
509 1624 557 1686 17.
578 1614 667 1702 παρά
687 1621 721 1684 δὲ
743 1615 943 1707 Ἀλεξάνδρῳ
964 1629 1098 1704 μεγίστη

96 1717 177 1783 ποτὲ
192 1725 308 1783 πασῶν
323 1713 366 1783 ἀν
382 1716 518 1804 διαβολή
534 1720 679 1801 λέγοιτο,
702 1722 732 1784 εί
743 1718 850 1783 ἕλοιτο
866 1745 914 1794 τις
927 1715 971 1802 μή
988 1721 1097 1804 σέβειν
1122 1735 1167 1786 148

97 1811 180 1894 μηδὲ
194 1829 396 1894 προσκυνεῖν
411 1813 471 1881 τόν
487 1811 729 1898 Ἡφαιστίωνα·
760 1817 827 1880 ἐπεὶ
847 1813 910 1899 γάρ
929 1812 1099 1882 ἀπέθανεν

101 1911 334 2038 Ηφαιστίωγ,
316 1910 381 1981 υπό
393 1921 454 1980 τοῦ
465 1920 584 1994 ἔρωτος
597 1913 682 1992 Ἀλέξ
668 1918 806 1995 ξανδρος
820 1913 987 2000 ἐβουλήθη
999 1941 1099 1998 προς--

89 2021 208 2076 θεῖναι
228 2013 281 2078 και
299 2037 396 2078 τουτο
412 2019 450 2098 τῇ
467 2018 565 2099 λοιπή
579 2016 804 2098 μεγαλουργία
820 2013 873 2078 καὶ
890 2010 974 2077 θεόν
990 2038 1095 2096 χειρο-

97 2114 234 2192 τονῆσαι
250 2107 310 2174 τόν
327 2109 587 2235 τετελευτηκότα
613 2103 718 2184 εόθός
733 2111 797 2172 οὐν
814 2109 896 2184 νεώς
910 2135 944 2174 τε
959 2107 1098 2194 ἀνέστη·
1171 2142 1174 2155 2

96 2228 162 2272 σαν
180 2233 213 2273 αι
206 2205 340 2285 ’πόλεις
356 2211 410 2274 και
428 2213 545 2291 τεμένη
560 2206 762 2286 καθιδρύετο
778 2231 832 2272 και
822 2207 952 2291 βωμοὶ
966 2233 1019 2273 και
1010 2209 1098 2273 θυ-

96 2311 165 2371 σίαι
178 2308 232 2372 καὶ
246 2307 354 2388 ἑορταὶ
372 2314 416 2394 τῷ
431 2312 534 2391 καινῳ
552 2303 658 2392 τούτῳ
675 2310 745 2391 θεῷ
758 2305 988 2389 ἐπετελοῦντο,
1012 2304 1098 2372 καὶὸ

95 2406 248 2488 μέγιστος
265 2402 363 2485 ὅρκος
378 2399 422 2491 ἦν
442 2404 565 2470 ἀπασιν
579 2401 791 2481 Ἡφαιστίων.
827 2409 856 2470 εί
872 2406 910 2470 δέ
926 2431 973 2480 τις
989 2400 1010 2490 ἢ
1027 2432 1096 2489 μει-

96 2502 222 2569 διάσειε
237 2503 319 2583 πρὸς
333 2501 373 2570 τά
390 2505 549 2589 γινόμενα
567 2499 587 2588 ή
603 2500 647 2586 μή
664 2508 814 2585 φαίνοιτο
833 2501 924 2567 πάνυ
939 2499 1097 2588 εὐσεβῶν,

97 2599 244 2678 θάνατος
260 2604 404 2668 ἐπέκειτο
419 2599 439 2688 ἡ
456 2608 559 2687 ζημία.
584 2599 877 2686 ὑπολαμβάνοντες
895 2600 931 2668 δέ
947 2606 980 2668 οί
996 2604 1097 2668 κόλα-

95 2723 152 2775 κες
169 2696 229 2782 τήν
243 2701 444 2786 μειρακιώδη
463 2700 587 2785 ταύτην
603 2707 663 2766 τοῦ
682 2697 899 2782 Ἀλεξάνδρου
914 2701 1097 2783 ἐπιθυμίαν

97 2800 335 2874 προσεξέκαιον
351 2795 456 2875 εὐθὺς
470 2802 523 2865 καὶ
539 2795 777 2880 ἀνεζωπύρουν
792 2793 945 2878 ὀνείρατα
961 2797 1098 2882 διηγού-

95 2920 192 2979 μενοι
210 2903 271 2960 τοῦ
281 2893 537 2981 Ἡφαιστίωνος,
559 2898 750 2981 ἐπιφανείας
769 2895 878 2979 τινάς,
904 2898 957 2962 καὶ
978 2897 1098 2979 ίάματα

95 2992 341 3075 προσάπτοντες
352 2989 442 3082 αύτῷ
457 2998 510 3060 καὶ
521 3002 674 3078 μαντείας
690 2996 953 3078 ἐπιφημίζοντες·
977 2995 1031 3062 καὶ
1045 2996 1098 3062 τέ-

95 3099 152 3167 λος
166 3095 272 3157 έθυον
285 3095 436 3180 παρέδρῳ
447 3093 502 3159 καὶ
513 3090 692 3181 ἀλεξικάκῳ
704 3101 782 3180 θεῷ.
805 3091 823 3159 ὁ
837 3093 872 3159 δὲ
886 3091 1098 3180 Ἀλέξανδρος
1120 3114 1165 3167 ¹49

95 3187 193 3275 ἥδετό
214 3213 248 3254 τε
273 3187 407 3255 ἀκούων
428 3191 482 3256 καὶ
508 3187 547 3254 τά
571 3200 740 3258 τελευταῖα
762 3195 910 3258 ἐπίστευε
935 3195 988 3260 καὶ
1015 3197 1097 3278 μέγα

95 3288 232 3371 ἐφρόνει
251 3284 371 3354 ώσανελ
386 3284 426 3354 ού
438 3295 523 3354 θεοῦ
538 3302 612 3364 παῖς
628 3283 675 3353 ών
692 3288 814 3374 μόνον,
832 3288 915 3359 ἀλλά
930 3295 982 3358 καὶ
995 3293 1097 3368 θεοὺς

93 3397 204 3450 ποιεῖν
220 3385 413 3469 δυνάμενος.
438 3386 562 3462 πόσους
573 3394 690 3454 τοίνυν
704 3387 852 3471 οἰώμεθα
867 3395 934 3454 τών
946 3389 1097 3469 Ἀλεξάν-

95 3487 180 3568 δρου
208 3488 316 3564 φίλων
344 3482 432 3565 παρά
455 3481 515 3549 τόν
538 3482 656 3565 καιρόν
682 3487 811 3551 ἐκεῖνον
832 3483 1018 3633 ἀπολῖιύσαι
1041 3496 1097 3570 τῆς

180 3592 283 3628 nucum.
305 3576 349 3630 111.
943 3577 952 3632 l
