2625 4092
381 306 504 363 ΠΕΡΙ
522 306 771 366 ΠΕΝΘΟΥΣ
1041 302 1083 365 79

71 467 251 547 Πλούτων,
277 462 322 543 ῶς
337 468 457 533 ἐκεῖνοι
473 470 620 551 ἔφασαν,
647 466 736 552 καὶὴ
755 467 956 553 Φερσεφόνη
978 472 1083 533 δυνα-

69 560 227 629 στεύουσι
241 565 296 632 καὶ
311 560 454 650 τὴντῶν
470 561 561 631 ὅλων
575 570 771 633 δεσποτείαν
786 571 938 651 ἔχουσιν,
955 562 1082 650 ὑπηρε-

69 670 164 731 τοῦσι
181 658 213 730 δ’
236 662 348 742 αὐτοῖς
367 667 422 731 καὶ
439 661 500 749 τὴν
517 662 624 751 ἀρχὴν
639 665 966 752 συνδιαπράττουσιν
988 661 1083 749 ὄχλος

70 759 177 839 πολύς
195 759 343 845 Ἐρινύες
363 788 398 829 τε
418 765 472 829 καὶ
495 766 617 831 Ποιναὶ
638 767 693 831 καί
711 766 817 851 Φόβοι
838 766 893 831 καὶ
916 759 934 829 ὃ
955 759 1083 848 Ἑρμῆς,

71 850 171 938 οὗτος
189 866 251 945 μέν
264 888 303 946 γε
318 857 381 928 οὐκ
398 858 449 929 ἀεὶ
466 860 660 947 συμπαρῶν.
695 867 724 931 7.
741 860 885 947 ὕπαρχοι
902 859 938 927 δέ
951 862 1006 927 καὶ
1022 880 1082 925 σα-

71 959 194 1043 τράπαι
208 961 263 1028 καὶ
281 960 431 1027 δικασταὶ
443 960 610 1045 κάθηνται
626 962 706 1045 δύο,
721 967 840 1037 Μίνως
854 985 890 1026 τε
904 959 959 1026 κιιί
970 956 1082 1026 Ῥαδά·

71 1066 208 1140 μανθυς
229 1060 263 1124 οἰ
274 1064 418 1142 Κρῆτες,
441 1055 535 1135 ὄντες
550 1062 616 1126 υίοί
636 1066 697 1125 τοῦ
712 1061 804 1137 Διός.
840 1049 934 1123 οὗτοι
954 1056 989 1123 δὲ
1004 1052 1084 1133 τούς

71 1156 133 1239 μὲν
147 1152 299 1239 ἀγαθούς
320 1162 388 1221 τῶν
404 1152 539 1240 ἀνδρῶν
558 1158 612 1224 καὶ
632 1161 783 1237 δικαίους
799 1158 854 1225 καί
869 1153 942 1223 κατ’
962 1151 1084 1239 ἀρετὴν

71 1251 450 1340 βεβιωκότας,.ε’πειδάν
472 1263 703 1323 συναλισθῶσι
723 1263 855 1336 πολλοί,
881 1254 1035 1336 καθάπερ
1052 1256 1084 1330 ἐς

71 1352 230 1422 ἀποικίαν
245 1356 320 1421 τινὰ
334 1357 524 1442 πέμπουσιν
542 1360 575 1434 ές
587 1354 624 1424 τδ
644 1355 803 1425 Ἠλύσιον
817 1359 934 1423 πεδίον
948 1361 993 1443 τῶ
1010 1352 1084 1436 ἀρι-

70 1474 137 1543 στφ
152 1458 215 1543 βίω
231 1457 485 1539 συνεσομένους.
509 1462 539 1523 8.
556 1451 600 1519 ἀν
615 1458 653 1522 δέ
666 1481 757 1531 τινας
771 1461 839 1520 τῶν
850 1460 1010 1538 πονηρῶν
1022 1451 1084 1518 λα’-

69 1559 172 1638 βωσι,
195 1566 266 1631 ταῖς
283 1550 429 1637 Ἐρινύσι
446 1554 653 1637 παραδόντες
668 1556 700 1631 ἰς
714 1550 774 1619 τὸν
788 1560 856 1619 τῶν
873 1549 1004 1638 ἀσεβῶν
1017 1556 1083 1635 χῶ-

71 1676 134 1731 ρον
152 1654 357 1736 ε’σπέμιιουσι
377 1650 459 1718 κατά
481 1653 584 1738 λόγον
604 1659 662 1737 τῆς
682 1649 810 1728 ἀδικίας
831 1650 1083 1733 κολασθησομέ-

70 1774 161 1826 νους.
193 1754 278 1815 ένθα
295 1749 334 1835 δη
350 1758 383 1817 τί
402 1758 515 1819 κακῶν
530 1748 571 1817 ού
590 1750 753 1834 πάσχουσι
775 1745 1035 1834 στρεβλούμενοί
1047 1768 1084 1810 τε

70 1846 125 1911 καὶ
141 1844 301 1930 καόμενοι
317 1849 369 1913 καὶ
386 1844 450 1913 ὑπὸ
466 1855 585 1933 γυπῶν
601 1846 793 1931 ἐσθιόμενοι
806 1846 860 1911 καί
875 1849 981 1931 τροχῷ
997 1863 1084 1926 συμ-

70 1944 332 2028 περιφερόμενοι
344 1948 397 2013 καί
408 1953 528 2023 λίθους
539 1944 795 2025 ἀνακυλίοντεςς
810 1941 902 2026 ὁμὲν
913 1939 977 2027 γάρ
994 1938 1084 2006 Τόν·-

69 2050 169 2120 ταλος
190 2039 243 2109 ἐπ’
262 2041 346 2131 αὐτῇ
367 2052 405 2132 τη
427 2053 526 2133 λίμνη
547 2038 630 2124 αὖος
650 2046 766 2130 ἕστηκε
782 2041 994 2110 κινδυνεύων
1016 2036 1081 2104 ὑπὸ
1098 2045 1153 2100 026

69 2147 132 2207 τοῦ
149 2139 297 2219 δίψουςδ
313 2147 526 2229 κακοδαίμων
541 2141 740 2211 ἀποθανεῖν.
763 2147 792 2207 9.
812 2145 845 2208 οἰ
855 2140 891 2207 δὲ
905 2148 967 2205 τοῦ
980 2141 1085 2223 μέσου

69 2245 161 2325 βίον,
178 2241 295 2305 πολλοὶ
311 2237 403 2318 ὄντες
415 2234 518 2326 οὗτοι,
534 2244 570 2310 έν
584 2249 629 2330 τῷ
645 2247 781 2326 λειμῶνι
795 2246 985 2305 πλανῶνται
1001 2234 1085 2302 ἀνευ

69 2344 140 2403 τῶν
158 2337 322 2421 σωμάτων
337 2341 427 2407 σκιαί
440 2340 617 2426 γενόμενοι
633 2342 689 2409 καὶ
704 2337 770 2406 ὑπό
787 2345 827 2427 τη
842 2335 912 2426 ἀφῇ
928 2336 1083 2418 καθάπερ

70 2431 202 2511 καπνὸς
214 2432 459 2523 ἀφανιζόμενοι.
482 2440 661 2523 τρέφονται
678 2442 714 2507 δὲ
728 2437 792 2522 ἀρα
808 2452 879 2514 ταῖς
892 2435 973 2518 παρ’
988 2435 1084 2521 ημῶν

67 2548 164 2620 χοαῖς
180 2536 233 2601 καί
250 2549 317 2611 τοῖς
331 2542 606 2623 καθαγιζομένοις
623 2543 759 2608 ἐπὶτῶν
775 2535 910 2621 τάφων·
933 2533 978 2611 ῶς
996 2544 1029 2600 εἰ
1038 2560 1084 2618 τῳ

68 2631 115 2720 μὴ
135 2641 186 2718 εἰη
199 2638 496 2721 καταλελειμμένος
507 2634 591 2719 ὑπὲρ
602 2645 662 2723 γῆς
673 2630 803 2723 φίλοςῆ
819 2634 994 2720 συγγενής,
1010 2631 1083 2699 ἀσι-

67 2762 127 2813 τος
150 2728 249 2813 οὗτος
271 2734 390 2818 νεκρός
410 2742 465 2805 καί
486 2738 659 2822 λιμώττων
677 2738 714 2801 ἐν
731 2732 844 2811 αὐτοῖς
865 2733 1081 2800 πολιτεύεται,

69 2842 122 2903 10.
148 2842 252 2901 ταῦτα
283 2833 389 2915 οὕτως
414 2842 557 2921 ἰσχυρῶς
578 2833 800 2919 περιελήλυθε
826 2831 904 2910 τούς
927 2831 1083 2909 πολλούς,

69 2934 158 3001 ῶστε
174 2935 309 3002 ἐπειδάν
323 2962 373 3015 τις
389 2932 548 3021 ἀποθόνη
567 2944 634 3001 τῶν
651 2938 801 3010 οἰκείων.
818 2938 933 3013 πρῶτα
944 2933 1007 3016 μὲν
1023 2936 1085 3014 ‘pe'—

68 3059 189 3114 ροντες
202 3031 326 3119 όβολδν
341 3036 374 3113 ές
388 3031 425 3101 τό
441 3035 546 3119 στόμα
561 3036 750 3119 κατέθηκαν
766 3029 873 3120 αύτῷ,
894 3028 1023 3117 μισθόν
1038 3041 1084 3115 τῴ

70 3143 224 3219 πορθμεῖ
241 3139 297 3218 τῆς
314 3141 483 3211 ναυτιλίας
499 3134 745 3219 γενησόμενον,
774 3131 817 3198 ού
833 3132 998 3215 πρότερον
1016 3134 1085 3211 έξε·

67 3232 232 3309 τάσαντες
244 3229 362 3299 ὁποῖον
376 3231 413 3299 τὸ
424 3234 570 3319 νόμισμα
583 3238 747 3317 νομιζεται
759 3233 815 3299 καί
829 3236 988 3317 διαχωρεῖ
993 3232 1085 3311 παρὰ

68 3346 139 3409 τοῖς
156 3330 263 3414 κάτω,
284 3333 338 3398 καὶ
354 3337 385 3400 εἰ
402 3332 544 3399 δύναται
558 3328 638 3413 παρ’
659 3335 796 3407 ἐκείνοις
809 3327 954 3411 Ἀττικός
966 3328 989 3418 ἢ
1003 3338 1085 3397 Μα-

69 3428 246 3507 κεδονικός
259 3426 281 3515 ἢ
292 3436 463 3514 Αἰγιναῖος
479 3429 614 3516 ὀβολός,
632 3427 709 3497 οὐδ’
727 3427 778 3496 ότι
794 3428 881 3496 πολύ
892 3432 1029 3498 κάλλιον
1039 3420 1083 3503 ἦν

69 3529 115 3615 μὴ
128 3536 218 3615 ἔχειν
228 3528 268 3595 τά
280 3539 448 3615 πορθμεῖα
460 3538 675 3616 καταβαλεῖν·
691 3527 780 3596 οὕτω
789 3528 855 3613 γάρ
866 3523 910 3594 ἀν
921 3526 962 3593 ού
974 3552 1083 3605 παρα-
