2625 4092
98 347 219 404 ΠΕΡΙ
240 345 336 403 ΤΗΣ
353 341 673 403 ΠΕΡΕΓΡΙΝΟΤ
694 342 966 400 ΤΕΛΕΥΤΗΣ.
1009 338 1072 404 277

69 505 137 573 εἶτα
164 511 222 589 τῆς
247 505 374 582 πόλεως
395 500 759 589 ἀντιπρεσβευσαμένης
785 499 885 568 οὐδέν
910 501 1072 589 ἐπράχθη,

68 598 142 670 ἀλλ’
161 604 314 686 ἐμμένειν
325 600 508 686 ἐκελεύσθη
524 594 571 676 οἷς
583 595 669 677 άπαξ
682 600 802 683 διέγνω
818 595 961 684 μηδενός
972 626 1073 668 κατα-

69 698 306 783 ναγκάσαντος.
344 701 393 766 17.
419 705 509 782 τρίτη
531 699 581 764 έπλ
604 695 734 774 τούτοις
755 693 922 782 ἀποδημία
946 702 990 775 είς
1010 707 1073 764 Αί-

67 819 197 882 γυπτον
210 796 300 877 παρά
311 793 371 862 τόν
382 793 648 881 Ἀγαθόβουλον,
665 795 785 878 ἵναπερ
796 790 859 880 τὴν
873 793 1073 881 θαυμαστὴν

68 892 211 977 ἀσκησιυ
226 893 399 980 διησκητο,
416 894 597 978 ξυρόμενος
608 894 670 978 μὲν
681 899 738 977 τῆς
748 900 895 978 κεφαλῆς
908 890 944 960 τὸ
959 891 1073 978 ἥμισυ,

67 992 243 1076 χριόμενος
253 993 289 1058 δὲ
300 999 393 1080 πηλῷ
404 989 441 1058 τό
454 991 651 1074 πρόσωπον,
668 993 705 1057 έν
714 997 826 1075 πολλῷ
838 993 874 1058 δὲ
884 998 952 1058 τῶν
962 1017 1072 1075 περιε-

68 1089 205 1156 στῶτων
221 1087 312 1179 δήμῳ
327 1087 489 1175 ἀναφλῶν
503 1087 540 1156 τό
557 1094 685 1156 αίδοίον
701 1093 755 1158 καὶ
769 1086 806 1156 τό
829 1087 1017 1175 ἀδιάφορον
1033 1090 1073 1174 δὴ

67 1193 166 1253 τούτο
182 1187 391 1272 καλούμενον
406 1188 690 1272 ἐπιδεικνύμενος,
708 1185 775 1254 εἶτα
790 1194 899 1254 παίων
910 1190 963 1255 καὶ
975 1189 1071 1254 παιό-
1091 1200 1143 1254 342

67 1309 169 1369 μενος
187 1283 331 1374 νάρθηκι
353 1291 398 1364 είς
414 1283 471 1363 τάς
490 1282 598 1369 πυγάς
612 1286 668 1352 καλ
686 1280 769 1352 ἀλλα
790 1283 896 1352 πολλά
912 1283 1073 1352 νεανικῶ-

67 1406 146 1462 τερα
156 1390 428 1466 θαυματοποιῶν.
453 1389 500 1452 18.
514 1387 644 1451 ἐκεῖθεν
656 1384 692 1450 δὲ
703 1381 791 1451 ούτω
805 1385 1075 1468 παρεσκευασμέ-

68 1506 126 1556 νος
138 1481 190 1547 έπὶ
203 1477 339 1548 Ἰταλίαν
351 1487 489 1550 ἔπλευσε
504 1484 558 1549 καὶ
567 1479 696 1568 ἀποβάς
706 1488 762 1567 τῆς
773 1479 857 1559 νεῶς
871 1478 977 1558 εύθύς
989 1483 1073 1548 ἐλοι-

68 1582 208 1661 δορεῖτο
221 1587 300 1646 πάσι
321 1581 375 1649 καλ
391 1580 532 1665 μάλιστα
553 1587 598 1668 τῶ
618 1586 750 1666 βασιλεῖ
763 1580 950 1668 πρᾳότατον
971 1574 1075 1645 αὐτὸν

68 1676 124 1743 καὶ
146 1673 358 1761 ἡμερώτατον
376 1678 488 1761 είδῶς,
515 1675 597 1744 ῶστε
618 1675 776 1762 ἀσφαλῶς
795 1677 933 1762 ἐτόλμα·
961 1678 1076 1764 ἐκείνῳ

68 1777 152 1862 γάρ,
176 1773 220 1854 ῶς
239 1778 341 1860 είκός,
366 1775 481 1864 ὀλίγον
498 1785 591 1864 ἔμελε
608 1785 676 1846 τῶν
696 1785 918 1865 βλασφημιῶν
936 1780 991 1845 καὶ
1014 1775 1076 1844 ούιι

67 1872 165 1959 ἠξίου
186 1873 249 1960 την
270 1884 474 1963 φιλοσοφίαν
492 1875 728 1961 ὑποδυόμενόν
752 1903 825 1943 τινα
851 1874 1002 1956 κολάζειν
1025 1877 1073 1942 ἐπὶ

68 1971 193 2058 ῥήμασι
208 1975 262 2038 καὶ
273 1973 414 2057 μάλιστα
425 1979 543 2061 τέχνην
554 1973 591 2042 τό
605 1979 832 2055 λοιδορεῖσθαι
842 1975 1073 2060 πεποιημένον.

69 2069 178 2156 τούτῳ
193 2067 229 2136 δὲ
245 2072 299 2136 καὶ
315 2068 380 2137 ἀπὸ
397 2074 526 2140 τούτων
540 2072 579 2140 τά
596 2079 652 2158 τῆς
669 2074 765 2157 δόξης
779 2071 957 2157 ηύξάνετο·
986 2068 1076 2153 παρά

68 2173 156 2252 γοῦν
176 2180 244 2245 τοῖς
260 2166 405 2248 ίδιιόταις
421 2173 476 2238 καὶ
497 2177 712 2257 περίβλεπτος
727 2163 770 2255 ἦν
790 2171 843 2236 ἐπὶ
862 2177 902 2258 τῇ
922 2168 1075 2258 ἀπονοίᾳ,

69 2267 164 2350 μέχρι
181 2262 220 2350 δὴ
241 2263 258 2330 ὁ
279 2264 341 2351 τὴν
361 2268 460 2335 πόλιν
481 2268 756 2353 ἐπιτετραμμένος
773 2265 859 2354 ἀνὴρ
874 2265 978 2352 σοφός
995 2264 1072 2334 ἀπέ-

69 2375 201 2449 πεμψεν
213 2361 317 2431 αὐτόν
331 2363 478 2450 ἀμέτρως
491 2370 707 2451 ἐντρυφῶντα
719 2374 763 2454 τῷ
775 2367 958 2452 πράγματι,
975 2364 1077 2433 είπῶν

69 2460 115 2549 μὴ
138 2466 269 2530 δεῖσθαι
286 2462 348 2549 τὴν
363 2463 460 2532 πόλιν
478 2464 631 2532 τοιούτου
654 2466 853 2550 φιλοσόφου.
888 2465 975 2551 πλὴν
992 2463 1074 2533 ἀλλά
1094 2476 1146 2532 343

69 2564 126 2628 καὶ
141 2567 239 2628 τοῦτο
256 2558 391 2629 κλεινδν
406 2560 511 2631 αύτού
526 2565 580 2630 καλ
596 2561 650 2630 διά
666 2563 828 2648 στόματος
840 2555 883 2648 ἦν
898 2561 1038 2644 ἅπασιν,
1058 2560 1077 2629 ὁ

70 2662 259 2747 φιλόσοφος
273 2658 327 2727 διά
346 2658 407 2747 τὴν
428 2669 615 2748 παρρησίαν
631 2663 686 2729 καὶ
703 2658 763 2746 τὴν
780 2659 866 2746 ἀγαν
882 2665 1078 2744 ἐλευθερίαν

71 2764 256 2840 ἐξελαθείς·
289 2762 344 2828 καὶ
366 2761 579 2847 προσήλαυνε
601 2757 683 2825 κατά
699 2767 797 2825 τοῦτο
817 2765 864 2848 τῷ
884 2766 1079 2849 Μουσωνίῳ

71 2861 127 2927 καλ
145 2865 251 2928 Δίωνι
268 2861 323 2927 καὶ
342 2857 519 2952 Ἐπικτήτῳ
535 2862 589 2929 καὶ
611 2868 643 2927 εί
660 2886 708 2936 τις
724 2857 822 2935 ἀλλος
837 2860 874 2924 έν
890 2858 1079 2940 περιστάσει

70 2959 210 3045 τοιαύτη
222 2960 360 3042 έγένετο.
385 2962 434 3026 19.
448 2958 536 3026 ούτω
547 2957 587 3045 δὴ
600 2959 652 3025 έπλ
663 2955 723 3040 τὴν
735 2955 875 3024 Ἐλλάδα
885 2955 995 3023 έλθῶν
1006 2955 1079 3040 ἀρτι

71 3058 135 3142 μὲν
150 3053 287 3134 Ἠλείοις
304 3061 517 3145 ἐλοιδορεῖτο,
542 3059 616 3142 ἀρτι
632 3057 669 3124 δὲ
684 3053 930 3141 τούςἝλληνας
944 3061 1079 3124 ἔπειθεν

71 3155 284 3238 ἀντάρασθαι
304 3154 391 3225 ὅπλα
402 3156 587 3243 Ῥωμαίοις,
611 3158 686 3242 ἀρτι
701 3157 737 3225 δδ
752 3157 858 3241 ἀνδρα
879 3161 1011 3244 παιδείᾳ
1026 3160 1080 3225 καλ

71 3253 232 3340 ἀξιῶματι
248 3253 452 3339 προύχοντα,
470 3257 554 3323 διότι
569 3260 624 3324 καλ
639 3261 675 3323 ἐν
689 3271 756 3334 τοῖς
767 3254 880 3333 ἀλλοις
893 3246 932 3322 εύ
947 3258 1080 3340 έποίησε

72 3352 136 3439 τὴν
153 3351 292 3422 Ἐλλάδα
310 3357 364 3420 καὶ
385 3353 477 3438 ὕδωρ
495 3355 639 3443 ἐπήγαγε
658 3363 696 3444 τη
711 3355 869 3444 Ὀλυμπία
886 3355 940 3421 καλ
957 3359 1080 3421 έπαυσε

73 3459 164 3532 δίψει
176 3451 428 3538 ἀπολλυμένους
438 3449 516 3531 τούς
527 3453 785 3540 πανηγυριστάς,
800 3458 909 3528 κακῶς
917 3449 1081 3538 ἠγόρευεν

74 3550 119 3630 ῶς
132 3552 411 3637 καταθηλύναντα
422 3551 501 3631 τούς
509 3551 687 3639 Ἕλληνας,
705 3554 782 3618 δέον
792 3549 870 3628 τούς
880 3548 1004 3627 θεατάς
1014 3557 1081 3614 τῶν
