<?xml version="1.0" encoding="UTF-8"?>
<!DOCTYPE html PUBLIC "-//W3C//DTD XHTML 1.0 Transitional//EN"
    "http://www.w3.org/TR/xhtml1/DTD/xhtml1-transitional.dtd">
<html xmlns="http://www.w3.org/1999/xhtml" xml:lang="en" lang="en">
 <head>
  <title>
</title>
<meta http-equiv="Content-Type" content="text/html;charset=utf-8" />
  <meta name='ocr-system' content='tesseract 3.04.00' />
  <meta name='ocr-capabilities' content='ocr_page ocr_carea ocr_par ocr_line ocrx_word'/>
</head>
<body>
  <div class='ocr_page' id='page_1' title='image "./lucianisamosate04jacogoog/lucianisamosate04jacogoog_0401.png"; bbox 0 0 2625 4092; ppageno 0'>
   <div class='ocr_carea' id='block_1_1' title="bbox 277 276 1082 341">
    <p class='ocr_par' dir='ltr' id='par_1_1' title="bbox 277 276 1082 341">
     <span class='ocr_line' id='line_1_1' title="bbox 277 276 1082 341; baseline 0.002 -2"><span class='ocrx_word' id='word_1_1' title='bbox 277 279 877 340; x_wconf 75' lang='grc' dir='ltr'><strong><em>ΠΕΡΙΤΗΣΣΤΡΙΗΣΘΕΟΤ.</em></strong></span> <span class='ocrx_word' id='word_1_2' title='bbox 966 276 1082 341; x_wconf 71' lang='grc'><strong><em>’345</em></strong></span> 
     </span>
    </p>
   </div>
   <div class='ocr_carea' id='block_1_2' title="bbox 14 432 1152 3595">
    <p class='ocr_par' dir='ltr' id='par_1_2' title="bbox 14 432 1152 3595">
     <span class='ocr_line' id='line_1_2' title="bbox 79 432 1082 559; baseline 0 -50"><span class='ocrx_word' id='word_1_3' title='bbox 79 463 141 509; x_wconf 86' lang='grc' dir='ltr'><strong><em>σιν.</em></strong></span> <span class='ocrx_word' id='word_1_4' title='bbox 163 440 180 508; x_wconf 89' lang='grc' dir='ltr'><strong>ὁ</strong></span> <span class='ocrx_word' id='word_1_5' title='bbox 198 442 234 509; x_wconf 83' lang='lat'><strong><em>66</em></strong></span> <span class='ocrx_word' id='word_1_6' title='bbox 248 448 357 527; x_wconf 86' lang='grc' dir='ltr'><strong><em>μῦθος</em></strong></span> <span class='ocrx_word' id='word_1_7' title='bbox 374 432 438 507; x_wconf 68' lang='lat'><strong><em>666</em></strong></span> <span class='ocrx_word' id='word_1_8' title='bbox 453 445 532 527; x_wconf 75' lang='grc' dir='ltr'><strong><em>ἔχει·</em></strong></span> <span class='ocrx_word' id='word_1_9' title='bbox 555 436 670 526; x_wconf 78' lang='grc' dir='ltr'><strong><em>ἥοεὴ</em></strong></span> <span class='ocrx_word' id='word_1_10' title='bbox 666 465 764 526; x_wconf 88' lang='grc' dir='ltr'><strong><em>γενεη</em></strong></span> <span class='ocrx_word' id='word_1_11' title='bbox 753 438 815 509; x_wconf 87' lang='grc' dir='ltr'><strong><em>οί</em></strong></span> <span class='ocrx_word' id='word_1_12' title='bbox 826 447 892 508; x_wconf 87' lang='grc' dir='ltr'><strong><em>νῦν</em></strong></span> <span class='ocrx_word' id='word_1_13' title='bbox 905 437 1082 559; x_wconf 80' lang='grc' dir='ltr'><strong><em>άμθρφποι</em></strong></span> 
     </span>
     <span class='ocr_line' id='line_1_3' title="bbox 79 534 1083 634; baseline -0.001 -27"><span class='ocrx_word' id='word_1_14' title='bbox 79 538 120 607; x_wconf 93' lang='grc' dir='ltr'><strong><em>οὐ</em></strong></span> <span class='ocrx_word' id='word_1_15' title='bbox 140 546 264 624; x_wconf 79' lang='grc' dir='ltr'><strong><em>πρῶτοι</em></strong></span> <span class='ocrx_word' id='word_1_16' title='bbox 287 540 456 625; x_wconf 77' lang='grc' dir='ltr'><strong><em>ἐγένοντο,</em></strong></span> <span class='ocrx_word' id='word_1_17' title='bbox 489 534 562 606; x_wconf 78' lang='grc' dir='ltr'><strong><em>ἀλλ’</em></strong></span> <span class='ocrx_word' id='word_1_18' title='bbox 588 540 703 623; x_wconf 90' lang='grc' dir='ltr'><strong><em>έκείνη</em></strong></span> <span class='ocrx_word' id='word_1_19' title='bbox 717 535 819 623; x_wconf 74' lang='grc' dir='ltr'><strong><em>μὲν</em></strong></span> <span class='ocrx_word' id='word_1_20' title='bbox 800 564 820 625; x_wconf 96' lang='grc' dir='ltr'><strong><em>η</em></strong></span> <span class='ocrx_word' id='word_1_21' title='bbox 841 539 937 634; x_wconf 77' lang='grc' dir='ltr'><strong><em>γενεὴ</em></strong></span> <span class='ocrx_word' id='word_1_22' title='bbox 961 538 1083 616; x_wconf 88' lang='grc' dir='ltr'><strong><em>πάντες</em></strong></span> 
     </span>
     <span class='ocr_line' id='line_1_4' title="bbox 79 629 1082 722; baseline -0.002 -16"><span class='ocrx_word' id='word_1_23' title='bbox 79 641 236 706; x_wconf 83' lang='grc' dir='ltr'><strong><em>όλοντο.</em></strong></span> <span class='ocrx_word' id='word_1_24' title='bbox 241 629 335 704; x_wconf 88' lang='grc' dir='ltr'><strong><em>οὐτοι</em></strong></span> <span class='ocrx_word' id='word_1_25' title='bbox 350 638 385 705; x_wconf 82' lang='lat'><strong><em>66</em></strong></span> <span class='ocrx_word' id='word_1_26' title='bbox 401 638 514 722; x_wconf 81' lang='grc' dir='ltr'><strong><em>γένεος</em></strong></span> <span class='ocrx_word' id='word_1_27' title='bbox 528 661 589 703; x_wconf 90' lang='grc' dir='ltr'><strong><em>του</em></strong></span> <span class='ocrx_word' id='word_1_28' title='bbox 577 638 764 718; x_wconf 79' lang='grc' dir='ltr'><strong><em>δευτέρου</em></strong></span> <span class='ocrx_word' id='word_1_29' title='bbox 782 641 860 721; x_wconf 77' lang='grc' dir='ltr'><strong><em>εἰσί,</em></strong></span> <span class='ocrx_word' id='word_1_30' title='bbox 882 636 919 703; x_wconf 84' lang='grc' dir='ltr'><strong><em>τό</em></strong></span> <span class='ocrx_word' id='word_1_31' title='bbox 938 631 1032 715; x_wconf 90' lang='grc' dir='ltr'><strong><em>αὐτις</em></strong></span> <span class='ocrx_word' id='word_1_32' title='bbox 1046 639 1082 705; x_wconf 77' lang='grc' dir='ltr'><strong><em>ἐκ</em></strong></span> 
     </span>
     <span class='ocr_line' id='line_1_5' title="bbox 78 731 1082 822; baseline -0.005 -18"><span class='ocrx_word' id='word_1_33' title='bbox 78 741 313 813; x_wconf 80' lang='grc' dir='ltr'><strong><em>Δευκαλίωνος</em></strong></span> <span class='ocrx_word' id='word_1_34' title='bbox 334 738 367 813; x_wconf 83' lang='grc' dir='ltr'><strong><em>ἐς</em></strong></span> <span class='ocrx_word' id='word_1_35' title='bbox 382 732 519 822; x_wconf 85' lang='grc' dir='ltr'><strong><em>πληθύν</em></strong></span> <span class='ocrx_word' id='word_1_36' title='bbox 542 731 686 801; x_wconf 87' lang='grc' dir='ltr'><strong><em>ὐπίκετο.</em></strong></span> <span class='ocrx_word' id='word_1_37' title='bbox 717 736 855 801; x_wconf 79' lang='grc' dir='ltr'><strong><em>ἐκείνων</em></strong></span> <span class='ocrx_word' id='word_1_38' title='bbox 871 733 907 802; x_wconf 81' lang='lat'><strong><em>66</em></strong></span> <span class='ocrx_word' id='word_1_39' title='bbox 924 736 998 817; x_wconf 89' lang='grc' dir='ltr'><strong><em>πέρι</em></strong></span> <span class='ocrx_word' id='word_1_40' title='bbox 1015 740 1082 800; x_wconf 79' lang='grc' dir='ltr'><strong><em>τῶν</em></strong></span> 
     </span>
     <span class='ocr_line' id='line_1_6' title="bbox 78 830 1083 919; baseline -0.001 -19"><span class='ocrx_word' id='word_1_41' title='bbox 78 832 273 916; x_wconf 76' lang='grc' dir='ltr'><strong><em>ἀνθρώπων</em></strong></span> <span class='ocrx_word' id='word_1_42' title='bbox 287 834 363 899; x_wconf 74' lang='grc' dir='ltr'><strong><em>τάδε</em></strong></span> <span class='ocrx_word' id='word_1_43' title='bbox 374 835 574 919; x_wconf 77' lang='grc' dir='ltr'><strong><em>μυθέονται·</em></strong></span> <span class='ocrx_word' id='word_1_44' title='bbox 598 830 750 919; x_wconf 80' lang='grc' dir='ltr'><strong><em>ὑβρισταὶ</em></strong></span> <span class='ocrx_word' id='word_1_45' title='bbox 763 833 868 917; x_wconf 90' lang='grc' dir='ltr'><strong><em>κάρτα</em></strong></span> <span class='ocrx_word' id='word_1_46' title='bbox 879 833 989 911; x_wconf 84' lang='grc' dir='ltr'><strong><em>ἐόντες</em></strong></span> <span class='ocrx_word' id='word_1_47' title='bbox 1000 830 1083 901; x_wconf 83' lang='grc' dir='ltr'><strong><em>ὐθέ·</em></strong></span> 
     </span>
     <span class='ocr_line' id='line_1_7' title="bbox 78 928 1082 1017; baseline -0.003 -18"><span class='ocrx_word' id='word_1_48' title='bbox 78 952 175 1017; x_wconf 89' lang='grc' dir='ltr'><strong><em>μιστα</em></strong></span> <span class='ocrx_word' id='word_1_49' title='bbox 191 936 271 1017; x_wconf 80' lang='grc' dir='ltr'><strong><em>ἔργα</em></strong></span> <span class='ocrx_word' id='word_1_50' title='bbox 292 937 474 1016; x_wconf 78' lang='grc' dir='ltr'><strong><em>ἔπρησσον,</em></strong></span> <span class='ocrx_word' id='word_1_51' title='bbox 498 928 575 998; x_wconf 90' lang='grc' dir='ltr'><strong><em>οὐτε</em></strong></span> <span class='ocrx_word' id='word_1_52' title='bbox 591 928 655 1015; x_wconf 80' lang='grc' dir='ltr'><strong><em>γὰρ</em></strong></span> <span class='ocrx_word' id='word_1_53' title='bbox 679 928 776 1016; x_wconf 87' lang='grc' dir='ltr'><strong><em>ὅρκια</em></strong></span> <span class='ocrx_word' id='word_1_54' title='bbox 795 932 986 1016; x_wconf 78' lang='grc' dir='ltr'><strong><em>ἐφύλασσον</em></strong></span> <span class='ocrx_word' id='word_1_55' title='bbox 1005 929 1082 998; x_wconf 90' lang='grc' dir='ltr'><strong><em>οὐτε</em></strong></span> 
     </span>
     <span class='ocr_line' id='line_1_8' title="bbox 78 1020 1084 1114; baseline 0.003 -20"><span class='ocrx_word' id='word_1_56' title='bbox 78 1034 207 1107; x_wconf 84' lang='grc' dir='ltr'><strong><em>ξείνους</em></strong></span> <span class='ocrx_word' id='word_1_57' title='bbox 224 1028 376 1095; x_wconf 77' lang='grc' dir='ltr'><strong><em>ἐδέκοντο</em></strong></span> <span class='ocrx_word' id='word_1_58' title='bbox 393 1026 469 1095; x_wconf 89' lang='grc' dir='ltr'><strong><em>οὐτε</em></strong></span> <span class='ocrx_word' id='word_1_59' title='bbox 484 1031 619 1097; x_wconf 76' lang='grc' dir='ltr'><strong><em>ἱκετέων</em></strong></span> <span class='ocrx_word' id='word_1_60' title='bbox 635 1026 823 1114; x_wconf 81' lang='grc' dir='ltr'><strong><em>ἠνείχοντο,</em></strong></span> <span class='ocrx_word' id='word_1_61' title='bbox 847 1026 920 1095; x_wconf 79' lang='grc' dir='ltr'><strong><em>ἄντ’</em></strong></span> <span class='ocrx_word' id='word_1_62' title='bbox 938 1020 987 1096; x_wconf 75' lang='lat'><strong><em>66</em></strong></span> <span class='ocrx_word' id='word_1_63' title='bbox 1004 1036 1084 1114; x_wconf 91' lang='grc' dir='ltr'><strong><em>σφί-</em></strong></span> 
     </span>
     <span class='ocr_line' id='line_1_9' title="bbox 78 1122 1082 1213; baseline 0 -20"><span class='ocrx_word' id='word_1_64' title='bbox 78 1123 162 1212; x_wconf 81' lang='grc' dir='ltr'><strong><em>σιυη</em></strong></span> <span class='ocrx_word' id='word_1_65' title='bbox 173 1126 299 1212; x_wconf 90' lang='grc' dir='ltr'><strong><em>μεγάλη</em></strong></span> <span class='ocrx_word' id='word_1_66' title='bbox 310 1124 466 1213; x_wconf 73' lang='grc' dir='ltr'><strong><em>συμφορὴ</em></strong></span> <span class='ocrx_word' id='word_1_67' title='bbox 479 1122 623 1193; x_wconf 88' lang='grc' dir='ltr'><strong><em>άπίκετο.</em></strong></span> <span class='ocrx_word' id='word_1_68' title='bbox 640 1123 757 1192; x_wconf 89' lang='grc' dir='ltr'><strong><em>αὐτίκα</em></strong></span> <span class='ocrx_word' id='word_1_69' title='bbox 768 1123 788 1211; x_wconf 79' lang='grc' dir='ltr'><em>ἦ</em></span> <span class='ocrx_word' id='word_1_70' title='bbox 798 1132 840 1212; x_wconf 82' lang='grc' dir='ltr'><strong><em>γῆ</em></strong></span> <span class='ocrx_word' id='word_1_71' title='bbox 852 1122 977 1195; x_wconf 83' lang='grc' dir='ltr'><strong><em>πολλὰν</em></strong></span> <span class='ocrx_word' id='word_1_72' title='bbox 989 1123 1082 1208; x_wconf 80' lang='grc' dir='ltr'><strong><em>ὕδωρ</em></strong></span> 
     </span>
     <span class='ocr_line' id='line_1_10' title="bbox 76 1222 1082 1311; baseline -0.001 -18"><span class='ocrx_word' id='word_1_73' title='bbox 76 1229 204 1293; x_wconf 77' lang='grc' dir='ltr'><strong><em>ἐκδιδοῖ</em></strong></span> <span class='ocrx_word' id='word_1_74' title='bbox 214 1226 267 1291; x_wconf 82' lang='grc' dir='ltr'><strong><em>καὶ</em></strong></span> <span class='ocrx_word' id='word_1_75' title='bbox 283 1222 402 1311; x_wconf 77' lang='grc' dir='ltr'><strong><em>ὄμβροι</em></strong></span> <span class='ocrx_word' id='word_1_76' title='bbox 414 1224 551 1310; x_wconf 77' lang='grc' dir='ltr'><strong><em>μεγάλοι</em></strong></span> <span class='ocrx_word' id='word_1_77' title='bbox 563 1226 716 1309; x_wconf 82' lang='grc' dir='ltr'><strong><em>ἐγένοντο</em></strong></span> <span class='ocrx_word' id='word_1_78' title='bbox 728 1225 826 1291; x_wconf 84' lang='grc' dir='ltr'><strong><em>καλοί</em></strong></span> <span class='ocrx_word' id='word_1_79' title='bbox 835 1224 975 1308; x_wconf 81' lang='grc' dir='ltr'><strong><em>ποταμοὶ</em></strong></span> <span class='ocrx_word' id='word_1_80' title='bbox 986 1225 1082 1292; x_wconf 89' lang='grc' dir='ltr'><strong><em>κατέ-</em></strong></span> 
     </span>
     <span class='ocr_line' id='line_1_11' title="bbox 77 1316 1083 1409; baseline -0.003 -20"><span class='ocrx_word' id='word_1_81' title='bbox 77 1330 185 1409; x_wconf 90' lang='grc' dir='ltr'><strong><em>βησαν</em></strong></span> <span class='ocrx_word' id='word_1_82' title='bbox 206 1324 337 1407; x_wconf 76' lang='grc' dir='ltr'><strong><em>μέζονες</em></strong></span> <span class='ocrx_word' id='word_1_83' title='bbox 357 1324 411 1389; x_wconf 81' lang='grc' dir='ltr'><strong><em>καλ</em></strong></span> <span class='ocrx_word' id='word_1_84' title='bbox 431 1319 451 1408; x_wconf 83' lang='grc' dir='ltr'><em>ἡ</em></span> <span class='ocrx_word' id='word_1_85' title='bbox 472 1322 626 1390; x_wconf 90' lang='grc' dir='ltr'><strong><em>θάλασσα</em></strong></span> <span class='ocrx_word' id='word_1_86' title='bbox 647 1322 699 1389; x_wconf 79' lang='grc' dir='ltr'><strong><em>ἐπὶ</em></strong></span> <span class='ocrx_word' id='word_1_87' title='bbox 716 1318 842 1390; x_wconf 83' lang='grc' dir='ltr'><strong><em>πολλόν</em></strong></span> <span class='ocrx_word' id='word_1_88' title='bbox 863 1318 981 1409; x_wconf 86' lang='grc' dir='ltr'><strong><em>άνέβη,</em></strong></span> <span class='ocrx_word' id='word_1_89' title='bbox 1010 1323 1042 1399; x_wconf 86' lang='grc' dir='ltr'><strong><em>ἐς</em></strong></span> <span class='ocrx_word' id='word_1_90' title='bbox 1063 1316 1083 1386; x_wconf 90' lang='lat'><strong><em>6</em></strong></span> 
     </span>
     <span class='ocr_line' id='line_1_12' title="bbox 77 1416 1084 1505; baseline -0.005 -17"><span class='ocrx_word' id='word_1_91' title='bbox 77 1420 185 1488; x_wconf 90' lang='grc' dir='ltr'><strong><em>πάντα</em></strong></span> <span class='ocrx_word' id='word_1_92' title='bbox 201 1417 292 1501; x_wconf 80' lang='grc' dir='ltr'><strong><em>ὐύωρ</em></strong></span> <span class='ocrx_word' id='word_1_93' title='bbox 309 1422 461 1505; x_wconf 81' lang='grc' dir='ltr'><strong><em>ἐγένοντο</em></strong></span> <span class='ocrx_word' id='word_1_94' title='bbox 476 1420 530 1488; x_wconf 82' lang='grc' dir='ltr'><strong><em>καὶ</em></strong></span> <span class='ocrx_word' id='word_1_95' title='bbox 545 1420 668 1497; x_wconf 88' lang='grc' dir='ltr'><strong><em>πάντες·</em></strong></span> <span class='ocrx_word' id='word_1_96' title='bbox 678 1416 820 1501; x_wconf 72' lang='grc' dir='ltr'><strong><em>ὤλοντο,</em></strong></span> <span class='ocrx_word' id='word_1_97' title='bbox 836 1424 1033 1487; x_wconf 76' lang='grc' dir='ltr'><strong><em>Δευκαλίων</em></strong></span> <span class='ocrx_word' id='word_1_98' title='bbox 1047 1418 1084 1483; x_wconf 79' lang='lat'><strong><em>66</em></strong></span> 
     </span>
     <span class='ocr_line' id='line_1_13' title="bbox 66 1514 1083 1604; baseline -0.003 -19"><span class='ocrx_word' id='word_1_99' title='bbox 66 1524 203 1603; x_wconf 87' lang='grc' dir='ltr'><strong><em>Ιμοῦνος</em></strong></span> <span class='ocrx_word' id='word_1_100' title='bbox 217 1514 410 1602; x_wconf 78' lang='grc' dir='ltr'><strong><em>ἀνθρώπων</em></strong></span> <span class='ocrx_word' id='word_1_101' title='bbox 420 1520 545 1585; x_wconf 77' lang='grc' dir='ltr'><strong><em>ἐλίπετο</em></strong></span> <span class='ocrx_word' id='word_1_102' title='bbox 558 1519 591 1595; x_wconf 88' lang='grc' dir='ltr'><strong><em>ἐς</em></strong></span> <span class='ocrx_word' id='word_1_103' title='bbox 601 1514 722 1603; x_wconf 81' lang='grc' dir='ltr'><strong><em>γενεην</em></strong></span> <span class='ocrx_word' id='word_1_104' title='bbox 734 1519 894 1604; x_wconf 77' lang='grc' dir='ltr'><strong><em>δευτέρην</em></strong></span> <span class='ocrx_word' id='word_1_105' title='bbox 909 1516 1083 1603; x_wconf 81' lang='grc' dir='ltr'><strong><em>εὐβουλίης</em></strong></span> 
     </span>
     <span class='ocr_line' id='line_1_14' title="bbox 15 1612 1081 1703; baseline -0.005 -19"><span class='ocrx_word' id='word_1_106' title='bbox 15 1680 16 1693; x_wconf 37' lang='grc'><strong><em>,</em></strong></span> <span class='ocrx_word' id='word_1_107' title='bbox 76 1643 111 1684; x_wconf 87' lang='grc' dir='ltr'><strong><em>τε</em></strong></span> <span class='ocrx_word' id='word_1_108' title='bbox 122 1617 177 1683; x_wconf 86' lang='grc' dir='ltr'><strong><em>καὶ</em></strong></span> <span class='ocrx_word' id='word_1_109' title='bbox 193 1623 251 1683; x_wconf 85' lang='grc' dir='ltr'><strong><em>τοῦ</em></strong></span> <span class='ocrx_word' id='word_1_110' title='bbox 267 1612 420 1703; x_wconf 84' lang='grc' dir='ltr'><strong><em>εὐσεβέος</em></strong></span> <span class='ocrx_word' id='word_1_111' title='bbox 434 1618 553 1683; x_wconf 76' lang='grc' dir='ltr'><strong><em>ε’ίνειια.</em></strong></span> <span class='ocrx_word' id='word_1_112' title='bbox 576 1642 597 1702; x_wconf 94' lang='grc' dir='ltr'><strong><em>η</em></strong></span> <span class='ocrx_word' id='word_1_113' title='bbox 612 1618 651 1683; x_wconf 81' lang='grc' dir='ltr'><strong><em>δέ</em></strong></span> <span class='ocrx_word' id='word_1_114' title='bbox 663 1619 699 1683; x_wconf 76' lang='lat' dir='ltr'><strong><em>ot</em></strong></span> <span class='ocrx_word' id='word_1_115' title='bbox 706 1624 850 1701; x_wconf 86' lang='grc' dir='ltr'><strong><em>σωτηρίη</em></strong></span> <span class='ocrx_word' id='word_1_116' title='bbox 861 1612 920 1701; x_wconf 78' lang='grc' dir='ltr'><strong><em>ἥδε</em></strong></span> <span class='ocrx_word' id='word_1_117' title='bbox 936 1616 1081 1699; x_wconf 87' lang='grc' dir='ltr'><strong><em>ἐγένετο·</em></strong></span> 
     </span>
     <span class='ocr_line' id='line_1_15' title="bbox 77 1711 1084 1801; baseline -0.004 -19"><span class='ocrx_word' id='word_1_118' title='bbox 77 1714 229 1797; x_wconf 80' lang='grc' dir='ltr'><strong><em>λάρνακα</em></strong></span> <span class='ocrx_word' id='word_1_119' title='bbox 240 1713 403 1801; x_wconf 90' lang='grc' dir='ltr'><strong><em>μεγάλην,</em></strong></span> <span class='ocrx_word' id='word_1_120' title='bbox 418 1711 480 1800; x_wconf 80' lang='grc' dir='ltr'><strong><em>την</em></strong></span> <span class='ocrx_word' id='word_1_121' title='bbox 491 1711 591 1792; x_wconf 80' lang='grc' dir='ltr'><strong><em>αὐτὸς</em></strong></span> <span class='ocrx_word' id='word_1_122' title='bbox 603 1711 705 1799; x_wconf 79' lang='grc' dir='ltr'><strong><em>εἶχεν,</em></strong></span> <span class='ocrx_word' id='word_1_123' title='bbox 723 1716 755 1791; x_wconf 83' lang='grc' dir='ltr'><strong><em>ἐς</em></strong></span> <span class='ocrx_word' id='word_1_124' title='bbox 766 1714 891 1798; x_wconf 90' lang='grc' dir='ltr'><strong><em>ταύτην</em></strong></span> <span class='ocrx_word' id='word_1_125' title='bbox 906 1711 1084 1799; x_wconf 82' lang='grc' dir='ltr'><strong><em>ἐσβιβάσας</em></strong></span> 
     </span>
     <span class='ocr_line' id='line_1_16' title="bbox 77 1811 1085 1898; baseline -0.002 -20"><span class='ocrx_word' id='word_1_126' title='bbox 77 1812 197 1891; x_wconf 77' lang='grc' dir='ltr'><strong><em>παίύάς</em></strong></span> <span class='ocrx_word' id='word_1_127' title='bbox 211 1837 244 1879; x_wconf 92' lang='grc' dir='ltr'><strong><em>τε</em></strong></span> <span class='ocrx_word' id='word_1_128' title='bbox 265 1813 318 1879; x_wconf 76' lang='grc' dir='ltr'><strong><em>καὶ</em></strong></span> <span class='ocrx_word' id='word_1_129' title='bbox 335 1826 494 1897; x_wconf 83' lang='grc' dir='ltr'><strong><em>γυναῖκας</em></strong></span> <span class='ocrx_word' id='word_1_130' title='bbox 508 1811 635 1878; x_wconf 80' lang='grc' dir='ltr'><strong><em>ἑωυτοῦ</em></strong></span> <span class='ocrx_word' id='word_1_131' title='bbox 654 1813 768 1898; x_wconf 80' lang='grc' dir='ltr'><strong><em>ἐσέβη·</em></strong></span> <span class='ocrx_word' id='word_1_132' title='bbox 795 1814 982 1897; x_wconf 80' lang='grc' dir='ltr'><strong><em>ἐσβαίνοντι</em></strong></span> <span class='ocrx_word' id='word_1_133' title='bbox 997 1812 1035 1876; x_wconf 85' lang='grc' dir='ltr'><strong><em>ὐέ</em></strong></span> <span class='ocrx_word' id='word_1_134' title='bbox 1051 1814 1085 1877; x_wconf 85' lang='grc' dir='ltr'><strong><em>οἱ</em></strong></span> 
     </span>
     <span class='ocr_line' id='line_1_17' title="bbox 15 1907 1081 1994; baseline 0 -20"><span class='ocrx_word' id='word_1_135' title='bbox 15 1978 16 1987; x_wconf 18' lang='lat'>¹</span> <span class='ocrx_word' id='word_1_136' title='bbox 77 1907 237 1977; x_wconf 81' lang='grc' dir='ltr'><strong><em>ἀπίκοντο</em></strong></span> <span class='ocrx_word' id='word_1_137' title='bbox 252 1911 330 1988; x_wconf 90' lang='grc' dir='ltr'><strong><em>σύες</em></strong></span> <span class='ocrx_word' id='word_1_138' title='bbox 345 1911 397 1977; x_wconf 84' lang='grc' dir='ltr'><strong><em>καλ</em></strong></span> <span class='ocrx_word' id='word_1_139' title='bbox 413 1912 507 1977; x_wconf 84' lang='grc' dir='ltr'><strong><em>λ’πποι</em></strong></span> <span class='ocrx_word' id='word_1_140' title='bbox 520 1911 573 1975; x_wconf 83' lang='grc' dir='ltr'><strong><em>καὶ</em></strong></span> <span class='ocrx_word' id='word_1_141' title='bbox 585 1909 732 1977; x_wconf 89' lang='grc' dir='ltr'><strong><em>λεόντων</em></strong></span> <span class='ocrx_word' id='word_1_142' title='bbox 747 1911 843 1994; x_wconf 87' lang='grc' dir='ltr'><strong><em>γένεα</em></strong></span> <span class='ocrx_word' id='word_1_143' title='bbox 859 1910 912 1977; x_wconf 76' lang='grc' dir='ltr'><strong><em>καὶ</em></strong></span> <span class='ocrx_word' id='word_1_144' title='bbox 923 1908 1016 1994; x_wconf 82' lang='grc' dir='ltr'><strong><em>ὄφιες</em></strong></span> <span class='ocrx_word' id='word_1_145' title='bbox 1027 1909 1081 1975; x_wconf 85' lang='grc' dir='ltr'><strong><em>καὶ</em></strong></span> 
     </span>
     <span class='ocr_line' id='line_1_18' title="bbox 77 2005 1081 2098; baseline -0.004 -22"><span class='ocrx_word' id='word_1_146' title='bbox 77 2010 162 2077; x_wconf 85' lang='grc' dir='ltr'><strong><em>άλλα</em></strong></span> <span class='ocrx_word' id='word_1_147' title='bbox 175 2007 278 2077; x_wconf 87' lang='grc' dir='ltr'><strong><em>ὁκόσα</em></strong></span> <span class='ocrx_word' id='word_1_148' title='bbox 291 2013 327 2076; x_wconf 90' lang='grc' dir='ltr'><strong><em>ἐν</em></strong></span> <span class='ocrx_word' id='word_1_149' title='bbox 341 2016 384 2098; x_wconf 78' lang='grc' dir='ltr'><strong><em>γῇ</em></strong></span> <span class='ocrx_word' id='word_1_150' title='bbox 394 2012 566 2095; x_wconf 87' lang='grc' dir='ltr'><strong><em>νέμονται,</em></strong></span> <span class='ocrx_word' id='word_1_151' title='bbox 583 2008 692 2076; x_wconf 90' lang='grc' dir='ltr'><strong><em>πάντα</em></strong></span> <span class='ocrx_word' id='word_1_152' title='bbox 704 2011 736 2087; x_wconf 85' lang='grc' dir='ltr'><strong><em>ές</em></strong></span> <span class='ocrx_word' id='word_1_153' title='bbox 748 2009 871 2094; x_wconf 82' lang='grc' dir='ltr'><strong><em>ζεύγεα.</em></strong></span> <span class='ocrx_word' id='word_1_154' title='bbox 895 2005 912 2075; x_wconf 90' lang='lat'><strong><em>6</em></strong></span> <span class='ocrx_word' id='word_1_155' title='bbox 927 2007 961 2075; x_wconf 77' lang='grc' dir='ltr'><strong><em>δὲ</em></strong></span> <span class='ocrx_word' id='word_1_156' title='bbox 973 2007 1081 2073; x_wconf 90' lang='grc' dir='ltr'><strong><em>πάντα</em></strong></span> 
     </span>
     <span class='ocr_line' id='line_1_19' title="bbox 15 2104 1083 2193; baseline -0.003 -19"><span class='ocrx_word' id='word_1_157' title='bbox 15 2176 16 2187; x_wconf 51' lang='grc'><strong><em>,</em></strong></span> <span class='ocrx_word' id='word_1_158' title='bbox 77 2110 224 2188; x_wconf 75' lang='grc' dir='ltr'><strong><em>ἐδέκετο,</em></strong></span> <span class='ocrx_word' id='word_1_159' title='bbox 242 2114 300 2173; x_wconf 91' lang='grc' dir='ltr'><strong><em>καί</em></strong></span> <span class='ocrx_word' id='word_1_160' title='bbox 313 2134 371 2193; x_wconf 90' lang='grc' dir='ltr'><strong><em>μιν</em></strong></span> <span class='ocrx_word' id='word_1_161' title='bbox 386 2104 447 2174; x_wconf 91' lang='grc' dir='ltr'><strong><em>οὐκ</em></strong></span> <span class='ocrx_word' id='word_1_162' title='bbox 463 2111 629 2190; x_wconf 79' lang='grc' dir='ltr'><strong><em>ἐσίνοντο,</em></strong></span> <span class='ocrx_word' id='word_1_163' title='bbox 654 2104 738 2173; x_wconf 85' lang='grc' dir='ltr'><strong><em>άλλά</em></strong></span> <span class='ocrx_word' id='word_1_164' title='bbox 753 2114 853 2191; x_wconf 88' lang='grc' dir='ltr'><strong><em>σφίσι</em></strong></span> <span class='ocrx_word' id='word_1_165' title='bbox 869 2107 995 2192; x_wconf 86' lang='grc' dir='ltr'><strong><em>μεγάλη</em></strong></span> <span class='ocrx_word' id='word_1_166' title='bbox 1011 2106 1083 2172; x_wconf 79' lang='grc' dir='ltr'><strong><em>διό-</em></strong></span> 
     </span>
     <span class='ocr_line' id='line_1_20' title="bbox 15 2205 1082 2293; baseline -0.006 -20"><span class='ocrx_word' id='word_1_167' title='bbox 15 2274 16 2283; x_wconf 59' lang='grc'><strong><em>,</em></strong></span> <span class='ocrx_word' id='word_1_168' title='bbox 76 2216 142 2273; x_wconf 86' lang='grc' dir='ltr'><strong><em>θεν</em></strong></span> <span class='ocrx_word' id='word_1_169' title='bbox 156 2210 250 2292; x_wconf 89' lang='grc' dir='ltr'><strong><em>φιλίη</em></strong></span> <span class='ocrx_word' id='word_1_170' title='bbox 266 2206 404 2289; x_wconf 80' lang='grc' dir='ltr'><strong><em>ἐγένετο.</em></strong></span> <span class='ocrx_word' id='word_1_171' title='bbox 427 2206 480 2272; x_wconf 79' lang='grc' dir='ltr'><strong><em>καὶ</em></strong></span> <span class='ocrx_word' id='word_1_172' title='bbox 495 2208 533 2271; x_wconf 92' lang='grc' dir='ltr'><strong><em>ἐν</em></strong></span> <span class='ocrx_word' id='word_1_173' title='bbox 542 2211 601 2293; x_wconf 80' lang='grc' dir='ltr'><strong><em>μιῇ</em></strong></span> <span class='ocrx_word' id='word_1_174' title='bbox 617 2205 758 2288; x_wconf 85' lang='grc' dir='ltr'><strong><em>λάρνακι</em></strong></span> <span class='ocrx_word' id='word_1_175' title='bbox 770 2206 891 2282; x_wconf 89' lang='grc' dir='ltr'><strong><em>πάντες</em></strong></span> <span class='ocrx_word' id='word_1_176' title='bbox 907 2208 1082 2283; x_wconf 78' lang='grc' dir='ltr'><strong><em>ἔπλευσαν,</em></strong></span> 
     </span>
     <span class='ocr_line' id='line_1_21' title="bbox 15 2299 1152 2389; baseline 0.004 -18"><span class='ocrx_word' id='word_1_177' title='bbox 15 2299 16 2306; x_wconf 32' lang='lat'>¹</span> <span class='ocrx_word' id='word_1_178' title='bbox 76 2310 150 2371; x_wconf 79' lang='grc' dir='ltr'><strong><em>ἔστε</em></strong></span> <span class='ocrx_word' id='word_1_179' title='bbox 167 2299 203 2369; x_wconf 84' lang='grc' dir='ltr'><strong><em>τό</em></strong></span> <span class='ocrx_word' id='word_1_180' title='bbox 223 2300 315 2387; x_wconf 78' lang='grc' dir='ltr'><strong><em>ὕδωρ</em></strong></span> <span class='ocrx_word' id='word_1_181' title='bbox 331 2301 576 2388; x_wconf 88' lang='grc' dir='ltr'><strong><em>ἐπεκράτεε.τᾶ</em></strong></span> <span class='ocrx_word' id='word_1_182' title='bbox 591 2306 652 2389; x_wconf 76' lang='grc' dir='ltr'><strong><em>μὲν</em></strong></span> <span class='ocrx_word' id='word_1_183' title='bbox 668 2314 902 2383; x_wconf 89' lang='grc' dir='ltr'><strong><em>Δευκαλίωνος</em></strong></span> <span class='ocrx_word' id='word_1_184' title='bbox 917 2307 990 2387; x_wconf 89' lang='grc' dir='ltr'><strong><em>πέρι</em></strong></span> <span class='ocrx_word' id='word_1_185' title='bbox 1005 2302 1081 2370; x_wconf 78' lang='grc' dir='ltr'><strong><em>Ἑλ·</em></strong></span> <span class='ocrx_word' id='word_1_186' title='bbox 1098 2323 1152 2378; x_wconf 74' lang='lat'><strong><em>4⁶9</em></strong></span> 
     </span>
     <span class='ocr_line' id='line_1_22' title="bbox 15 2400 1083 2491; baseline -0.001 -21"><span class='ocrx_word' id='word_1_187' title='bbox 15 2448 17 2484; x_wconf 53' lang='lat'>;</span> <span class='ocrx_word' id='word_1_188' title='bbox 78 2411 175 2489; x_wconf 90' lang='grc' dir='ltr'><strong><em>ληνες</em></strong></span> <span class='ocrx_word' id='word_1_189' title='bbox 192 2405 387 2486; x_wconf 84' lang='grc' dir='ltr'><strong><em>ί.στορέουσι</em></strong></span> <span class='ocrx_word' id='word_1_190' title='bbox 424 2410 472 2472; x_wconf 86' lang='grc'><strong><em>13.</em></strong></span> <span class='ocrx_word' id='word_1_191' title='bbox 495 2400 532 2471; x_wconf 83' lang='grc' dir='ltr'><strong><em>τό</em></strong></span> <span class='ocrx_word' id='word_1_192' title='bbox 550 2401 619 2470; x_wconf 74' lang='grc' dir='ltr'><strong><em>δὲ’</em></strong></span> <span class='ocrx_word' id='word_1_193' title='bbox 601 2400 671 2469; x_wconf 86' lang='grc' dir='ltr'><strong><em>από</em></strong></span> <span class='ocrx_word' id='word_1_194' title='bbox 692 2404 814 2471; x_wconf 88' lang='grc' dir='ltr'><strong><em>τούτου</em></strong></span> <span class='ocrx_word' id='word_1_195' title='bbox 837 2406 963 2491; x_wconf 88' lang='grc' dir='ltr'><strong><em>λέγεται</em></strong></span> <span class='ocrx_word' id='word_1_196' title='bbox 985 2403 1083 2489; x_wconf 86' lang='grc' dir='ltr'><strong><em>λόγος</em></strong></span> 
     </span>
     <span class='ocr_line' id='line_1_23' title="bbox 15 2498 1082 2590; baseline -0.001 -24"><span class='ocrx_word' id='word_1_197' title='bbox 15 2499 17 2508; x_wconf 80' lang='lat'>&#39;</span> <span class='ocrx_word' id='word_1_198' title='bbox 76 2498 144 2567; x_wconf 84' lang='grc' dir='ltr'><strong><em>ὑπό</em></strong></span> <span class='ocrx_word' id='word_1_199' title='bbox 163 2525 230 2567; x_wconf 89' lang='grc' dir='ltr'><strong><em>των</em></strong></span> <span class='ocrx_word' id='word_1_200' title='bbox 245 2504 283 2568; x_wconf 88' lang='grc' dir='ltr'><strong><em>έν</em></strong></span> <span class='ocrx_word' id='word_1_201' title='bbox 299 2528 338 2589; x_wconf 88' lang='grc' dir='ltr'><strong><em>τη</em></strong></span> <span class='ocrx_word' id='word_1_202' title='bbox 359 2506 413 2586; x_wconf 84' lang='grc' dir='ltr'><strong><em>ίρ</em></strong></span> <span class='ocrx_word' id='word_1_203' title='bbox 372 2528 414 2590; x_wconf 89' lang='grc' dir='ltr'><strong><em>ρη</em></strong></span> <span class='ocrx_word' id='word_1_204' title='bbox 435 2504 511 2571; x_wconf 87' lang='grc' dir='ltr'><strong><em>πόλι</em></strong></span> <span class='ocrx_word' id='word_1_205' title='bbox 534 2502 684 2588; x_wconf 87' lang='grc' dir='ltr'><strong><em>μεγάλως</em></strong></span> <span class='ocrx_word' id='word_1_206' title='bbox 703 2501 794 2582; x_wconf 87' lang='grc' dir='ltr'><strong><em>άξιος</em></strong></span> <span class='ocrx_word' id='word_1_207' title='bbox 813 2504 1010 2588; x_wconf 78' lang='grc' dir='ltr'><strong><em>θωυμάσαι,</em></strong></span> <span class='ocrx_word' id='word_1_208' title='bbox 1033 2498 1082 2567; x_wconf 85' lang='grc' dir='ltr'><strong><em>ὅτι</em></strong></span> 
     </span>
     <span class='ocr_line' id='line_1_24' title="bbox 15 2595 1083 2688; baseline -0.002 -22"><span class='ocrx_word' id='word_1_209' title='bbox 15 2676 16 2687; x_wconf 19' lang='grc' dir='ltr'><strong><em>χ</em></strong></span> <span class='ocrx_word' id='word_1_210' title='bbox 76 2604 114 2666; x_wconf 87' lang='grc' dir='ltr'><strong><em>ἐν</em></strong></span> <span class='ocrx_word' id='word_1_211' title='bbox 129 2625 169 2686; x_wconf 87' lang='grc' dir='ltr'><strong><em>τη</em></strong></span> <span class='ocrx_word' id='word_1_212' title='bbox 155 2604 326 2688; x_wconf 81' lang='grc' dir='ltr'><strong><em>σφετέρη</em></strong></span> <span class='ocrx_word' id='word_1_213' title='bbox 340 2627 430 2688; x_wconf 87' lang='grc' dir='ltr'><strong><em>χωρη</em></strong></span> <span class='ocrx_word' id='word_1_214' title='bbox 447 2595 554 2687; x_wconf 83' lang='grc' dir='ltr'><strong><em>χάσμα</em></strong></span> <span class='ocrx_word' id='word_1_215' title='bbox 576 2606 659 2686; x_wconf 88' lang='grc' dir='ltr'><strong><em>μέγα</em></strong></span> <span class='ocrx_word' id='word_1_216' title='bbox 677 2602 803 2684; x_wconf 83' lang='grc' dir='ltr'><strong><em>ἐγένετο</em></strong></span> <span class='ocrx_word' id='word_1_217' title='bbox 822 2603 875 2668; x_wconf 83' lang='grc' dir='ltr'><strong><em>καλ</em></strong></span> <span class='ocrx_word' id='word_1_218' title='bbox 892 2597 928 2667; x_wconf 88' lang='grc' dir='ltr'><strong><em>τό</em></strong></span> <span class='ocrx_word' id='word_1_219' title='bbox 947 2600 1083 2685; x_wconf 82' lang='grc' dir='ltr'><strong><em>σύμπαν</em></strong></span> 
     </span>
     <span class='ocr_line' id='line_1_25' title="bbox 14 2697 1081 2785; baseline 0.001 -22"><span class='ocrx_word' id='word_1_220' title='bbox 14 2773 18 2785; x_wconf 19' lang='grc' dir='ltr'><em>ι</em></span> <span class='ocrx_word' id='word_1_221' title='bbox 76 2697 171 2780; x_wconf 72' lang='grc' dir='ltr'><strong><em>ὕδωρ</em></strong></span> <span class='ocrx_word' id='word_1_222' title='bbox 187 2700 394 2777; x_wconf 79' lang='grc' dir='ltr'><strong><em>κατεδεξατο</em></strong></span> <span class='ocrx_word' id='word_1_223' title='bbox 416 2708 613 2769; x_wconf 84' lang='grc' dir='ltr'><strong><em>Δευκαλίων</em></strong></span> <span class='ocrx_word' id='word_1_224' title='bbox 626 2702 673 2780; x_wconf 81' lang='grc' dir='ltr'><strong><em>δέ,</em></strong></span> <span class='ocrx_word' id='word_1_225' title='bbox 690 2702 759 2766; x_wconf 86' lang='grc' dir='ltr'><strong><em>ἐπει</em></strong></span> <span class='ocrx_word' id='word_1_226' title='bbox 769 2701 847 2766; x_wconf 84' lang='grc' dir='ltr'><strong><em>ταύε</em></strong></span> <span class='ocrx_word' id='word_1_227' title='bbox 859 2702 999 2784; x_wconf 85' lang='grc' dir='ltr'><strong><em>ἐγενετο</em></strong></span> <span class='ocrx_word' id='word_1_228' title='bbox 1014 2706 1081 2785; x_wconf 90' lang='grc' dir='ltr'><strong><em>βω-</em></strong></span> 
     </span>
     <span class='ocr_line' id='line_1_26' title="bbox 15 2796 1082 2889; baseline -0.001 -24"><span class='ocrx_word' id='word_1_229' title='bbox 15 2796 18 2885; x_wconf 55' lang='lat' dir='ltr'><em>J</em></span> <span class='ocrx_word' id='word_1_230' title='bbox 76 2797 161 2883; x_wconf 82' lang='grc' dir='ltr'><strong><em>μούς</em></strong></span> <span class='ocrx_word' id='word_1_231' title='bbox 174 2823 207 2863; x_wconf 88' lang='grc' dir='ltr'><strong><em>τε</em></strong></span> <span class='ocrx_word' id='word_1_232' title='bbox 222 2802 317 2865; x_wconf 83' lang='grc' dir='ltr'><strong><em>ἔθετο</em></strong></span> <span class='ocrx_word' id='word_1_233' title='bbox 330 2802 383 2866; x_wconf 80' lang='grc' dir='ltr'><strong><em>καὶ</em></strong></span> <span class='ocrx_word' id='word_1_234' title='bbox 396 2801 479 2883; x_wconf 92' lang='grc' dir='ltr'><strong><em>νηὸν</em></strong></span> <span class='ocrx_word' id='word_1_235' title='bbox 491 2802 541 2865; x_wconf 77' lang='grc' dir='ltr'><strong><em>ἐπὶ</em></strong></span> <span class='ocrx_word' id='word_1_236' title='bbox 553 2805 597 2889; x_wconf 73' lang='grc' dir='ltr'><strong><em>τῷ</em></strong></span> <span class='ocrx_word' id='word_1_237' title='bbox 613 2798 752 2882; x_wconf 83' lang='grc' dir='ltr'><strong><em>χάσματι</em></strong></span> <span class='ocrx_word' id='word_1_238' title='bbox 761 2796 900 2883; x_wconf 80' lang='grc' dir='ltr'><strong><em>”Ἠρης</em></strong></span> <span class='ocrx_word' id='word_1_239' title='bbox 878 2824 976 2883; x_wconf 90' lang='grc' dir='ltr'><strong><em>αγιον</em></strong></span> <span class='ocrx_word' id='word_1_240' title='bbox 987 2798 1082 2883; x_wconf 83' lang='grc' dir='ltr'><strong><em>ἐστή-</em></strong></span> 
     </span>
     <span class='ocr_line' id='line_1_27' title="bbox 16 2893 1083 2991; baseline -0.001 -29"><span class='ocrx_word' id='word_1_241' title='bbox 16 2977 18 2991; x_wconf 38' lang='grc'><strong><em>,</em></strong></span> <span class='ocrx_word' id='word_1_242' title='bbox 76 2918 167 2963; x_wconf 89' lang='grc' dir='ltr'><strong><em>σατο.</em></strong></span> <span class='ocrx_word' id='word_1_243' title='bbox 190 2896 253 2982; x_wconf 81' lang='grc' dir='ltr'><strong><em>έγώ</em></strong></span> <span class='ocrx_word' id='word_1_244' title='bbox 270 2896 304 2963; x_wconf 82' lang='lat'><strong><em>66</em></strong></span> <span class='ocrx_word' id='word_1_245' title='bbox 321 2900 374 2965; x_wconf 90' lang='grc' dir='ltr'><strong><em>και</em></strong></span> <span class='ocrx_word' id='word_1_246' title='bbox 389 2925 426 2964; x_wconf 94' lang='grc' dir='ltr'><strong><em>το</em></strong></span> <span class='ocrx_word' id='word_1_247' title='bbox 446 2899 552 2983; x_wconf 89' lang='grc' dir='ltr'><strong><em>χάσμα</em></strong></span> <span class='ocrx_word' id='word_1_248' title='bbox 570 2894 676 2978; x_wconf 77' lang='grc' dir='ltr'><strong><em>εἶδον,</em></strong></span> <span class='ocrx_word' id='word_1_249' title='bbox 699 2922 752 2962; x_wconf 91' lang='grc' dir='ltr'><strong><em>και</em></strong></span> <span class='ocrx_word' id='word_1_250' title='bbox 742 2893 887 2980; x_wconf 78' lang='grc' dir='ltr'><strong><em>ἔστιν</em></strong></span> <span class='ocrx_word' id='word_1_251' title='bbox 870 2921 935 2961; x_wconf 90' lang='grc' dir='ltr'><strong><em>υπο</em></strong></span> <span class='ocrx_word' id='word_1_252' title='bbox 952 2922 997 2962; x_wconf 89' lang='grc' dir='ltr'><strong><em>τω</em></strong></span> <span class='ocrx_word' id='word_1_253' title='bbox 1012 2920 1083 2986; x_wconf 88' lang='grc' dir='ltr'><strong><em>νηω</em></strong></span> 
     </span>
     <span class='ocr_line' id='line_1_28' title="bbox 16 2963 1082 3080; baseline -0.001 -19"><span class='ocrx_word' id='word_1_254' title='bbox 16 2998 18 3007; x_wconf 77' lang='grc'>’</span> <span class='ocrx_word' id='word_1_255' title='bbox 75 2990 183 3073; x_wconf 82' lang='grc' dir='ltr'><strong><em>κάρτα</em></strong></span> <span class='ocrx_word' id='word_1_256' title='bbox 198 2996 327 3079; x_wconf 91' lang='grc' dir='ltr'><strong><em>μικρόν.</em></strong></span> <span class='ocrx_word' id='word_1_257' title='bbox 351 3020 378 3061; x_wconf 88' lang='grc' dir='ltr'><strong><em>ει</em></strong></span> <span class='ocrx_word' id='word_1_258' title='bbox 374 2989 496 3080; x_wconf 76' lang='grc' dir='ltr'><strong><em>’μὲν</em></strong></span> <span class='ocrx_word' id='word_1_259' title='bbox 470 3020 518 3062; x_wconf 91' lang='grc' dir='ltr'><strong><em>ων</em></strong></span> <span class='ocrx_word' id='word_1_260' title='bbox 532 2996 633 3061; x_wconf 87' lang='grc' dir='ltr'><strong><em>πάλαι</em></strong></span> <span class='ocrx_word' id='word_1_261' title='bbox 648 3020 703 3061; x_wconf 92' lang='grc' dir='ltr'><strong><em>και</em></strong></span> <span class='ocrx_word' id='word_1_262' title='bbox 692 2997 797 3079; x_wconf 83' lang='grc' dir='ltr'><strong><em>μέγα</em></strong></span> <span class='ocrx_word' id='word_1_263' title='bbox 808 2992 865 3061; x_wconf 84' lang='grc' dir='ltr'><strong><em>ἐόν</em></strong></span> <span class='ocrx_word' id='word_1_264' title='bbox 876 3002 941 3061; x_wconf 86' lang='grc' dir='ltr'><strong><em>νῦν</em></strong></span> <span class='ocrx_word' id='word_1_265' title='bbox 951 2963 1082 3061; x_wconf 80' lang='grc' dir='ltr'><strong><em>τύιόνύε</em></strong></span> 
     </span>
     <span class='ocr_line' id='line_1_29' title="bbox 16 3090 1082 3178; baseline -0.002 -18"><span class='ocrx_word' id='word_1_266' title='bbox 16 3093 17 3099; x_wconf 55' lang='lat'><em>&#39;</em></span> <span class='ocrx_word' id='word_1_267' title='bbox 76 3095 223 3177; x_wconf 83' lang='grc' dir='ltr'><strong><em>ἐγένετο,</em></strong></span> <span class='ocrx_word' id='word_1_268' title='bbox 241 3090 303 3159; x_wconf 88' lang='grc' dir='ltr'><strong><em>οὐκ</em></strong></span> <span class='ocrx_word' id='word_1_269' title='bbox 321 3091 409 3160; x_wconf 76' lang='grc' dir='ltr'><strong><em>οἶδα·</em></strong></span> <span class='ocrx_word' id='word_1_270' title='bbox 437 3091 473 3159; x_wconf 85' lang='grc' dir='ltr'><strong><em>τὸ</em></strong></span> <span class='ocrx_word' id='word_1_271' title='bbox 496 3095 531 3161; x_wconf 79' lang='lat'><strong><em>66</em></strong></span> <span class='ocrx_word' id='word_1_272' title='bbox 547 3091 611 3177; x_wconf 79' lang='grc' dir='ltr'><strong><em>ἐγω</em></strong></span> <span class='ocrx_word' id='word_1_273' title='bbox 631 3090 737 3159; x_wconf 77' lang='grc' dir='ltr'><strong><em>εἶδον</em></strong></span> <span class='ocrx_word' id='word_1_274' title='bbox 759 3119 881 3177; x_wconf 80' lang='grc' dir='ltr'><strong><em>μικρόν</em></strong></span> <span class='ocrx_word' id='word_1_275' title='bbox 894 3095 970 3160; x_wconf 89' lang='grc' dir='ltr'><strong><em>εστι</em></strong></span> <span class='ocrx_word' id='word_1_276' title='bbox 994 3101 1082 3178; x_wconf 76' lang='grc' dir='ltr'><strong><em>σῆμα</em></strong></span> 
     </span>
     <span class='ocr_line' id='line_1_30' title="bbox 76 3191 1083 3279; baseline 0.001 -22"><span class='ocrx_word' id='word_1_277' title='bbox 76 3193 113 3258; x_wconf 79' lang='grc' dir='ltr'><strong><em>θε</em></strong></span> <span class='ocrx_word' id='word_1_278' title='bbox 126 3199 183 3277; x_wconf 81' lang='grc' dir='ltr'><strong><em>τῆς</em></strong></span> <span class='ocrx_word' id='word_1_279' title='bbox 194 3195 339 3277; x_wconf 77' lang='grc' dir='ltr'><strong><em>ἱστορίης</em></strong></span> <span class='ocrx_word' id='word_1_280' title='bbox 349 3193 425 3259; x_wconf 80' lang='grc' dir='ltr'><strong><em>τόύε</em></strong></span> <span class='ocrx_word' id='word_1_281' title='bbox 436 3194 638 3279; x_wconf 82' lang='grc' dir='ltr'><strong><em>πρήσσουσι·</em></strong></span> <span class='ocrx_word' id='word_1_282' title='bbox 662 3193 739 3271; x_wconf 79' lang='grc' dir='ltr'><strong><em>ὐὶς</em></strong></span> <span class='ocrx_word' id='word_1_283' title='bbox 722 3191 862 3259; x_wconf 89' lang='grc' dir='ltr'><strong><em>εκάστου</em></strong></span> <span class='ocrx_word' id='word_1_284' title='bbox 875 3198 963 3272; x_wconf 82' lang='grc' dir='ltr'><strong><em>ἔτεος</em></strong></span> <span class='ocrx_word' id='word_1_285' title='bbox 972 3196 1008 3260; x_wconf 85' lang='grc' dir='ltr'><strong><em>ἐκ</em></strong></span> <span class='ocrx_word' id='word_1_286' title='bbox 1016 3202 1083 3261; x_wconf 85' lang='grc' dir='ltr'><strong><em>θα-</em></strong></span> 
     </span>
     <span class='ocr_line' id='line_1_31' title="bbox 16 3288 1083 3379; baseline 0.001 -22"><span class='ocrx_word' id='word_1_287' title='bbox 16 3370 20 3379; x_wconf 33' lang='grc' dir='ltr'><strong><em>Ι</em></strong></span> <span class='ocrx_word' id='word_1_288' title='bbox 75 3290 202 3376; x_wconf 88' lang='grc' dir='ltr'><strong><em>λάσσης</em></strong></span> <span class='ocrx_word' id='word_1_289' title='bbox 223 3288 316 3374; x_wconf 81' lang='grc' dir='ltr'><strong><em>ὐύωρ</em></strong></span> <span class='ocrx_word' id='word_1_290' title='bbox 334 3294 366 3369; x_wconf 82' lang='grc' dir='ltr'><strong><em>ἐς</em></strong></span> <span class='ocrx_word' id='word_1_291' title='bbox 387 3290 447 3359; x_wconf 82' lang='grc' dir='ltr'><strong><em>τὸν</em></strong></span> <span class='ocrx_word' id='word_1_292' title='bbox 470 3290 554 3378; x_wconf 83' lang='grc' dir='ltr'><strong><em>νηὸν</em></strong></span> <span class='ocrx_word' id='word_1_293' title='bbox 575 3289 773 3358; x_wconf 79' lang='grc' dir='ltr'><strong><em>ἀπικνέεται.</em></strong></span> <span class='ocrx_word' id='word_1_294' title='bbox 806 3296 947 3376; x_wconf 90' lang='grc' dir='ltr'><strong><em>φέρουσι</em></strong></span> <span class='ocrx_word' id='word_1_295' title='bbox 964 3293 999 3359; x_wconf 83' lang='lat'><strong><em>66</em></strong></span> <span class='ocrx_word' id='word_1_296' title='bbox 1021 3290 1083 3358; x_wconf 94' lang='grc' dir='ltr'><strong><em>οὐκ</em></strong></span> 
     </span>
     <span class='ocr_line' id='line_1_32' title="bbox 15 3384 1083 3483; baseline 0.002 -28"><span class='ocrx_word' id='word_1_297' title='bbox 15 3384 19 3483; x_wconf 37' lang='grc' dir='ltr'>ἴ</span> <span class='ocrx_word' id='word_1_298' title='bbox 75 3391 161 3471; x_wconf 85' lang='grc' dir='ltr'><strong><em>ίρέες</em></strong></span> <span class='ocrx_word' id='word_1_299' title='bbox 178 3397 322 3474; x_wconf 84' lang='grc' dir='ltr'><strong><em>μοῦνον,</em></strong></span> <span class='ocrx_word' id='word_1_300' title='bbox 338 3387 422 3458; x_wconf 84' lang='grc' dir='ltr'><strong><em>άλλά</em></strong></span> <span class='ocrx_word' id='word_1_301' title='bbox 438 3396 525 3457; x_wconf 86' lang='grc' dir='ltr'><strong><em>πᾶσα</em></strong></span> <span class='ocrx_word' id='word_1_302' title='bbox 541 3398 651 3476; x_wconf 86' lang='grc' dir='ltr'><strong><em>Συρίη</em></strong></span> <span class='ocrx_word' id='word_1_303' title='bbox 669 3393 724 3458; x_wconf 82' lang='grc' dir='ltr'><strong><em>καὶ</em></strong></span> <span class='ocrx_word' id='word_1_304' title='bbox 739 3388 888 3477; x_wconf 74' lang='grc' dir='ltr'><strong><em>Ἀραβίη,</em></strong></span> <span class='ocrx_word' id='word_1_305' title='bbox 910 3392 964 3457; x_wconf 84' lang='grc' dir='ltr'><strong><em>καλ</em></strong></span> <span class='ocrx_word' id='word_1_306' title='bbox 981 3392 1083 3477; x_wconf 82' lang='grc' dir='ltr'><strong><em>πέρη-</em></strong></span> 
     </span>
     <span class='ocr_line' id='line_1_33' title="bbox 16 3484 1082 3595; baseline -0.001 -41"><span class='ocrx_word' id='word_1_307' title='bbox 16 3497 20 3595; x_wconf 28' lang='lat' dir='ltr'>L</span> <span class='ocrx_word' id='word_1_308' title='bbox 75 3497 141 3555; x_wconf 83' lang='grc' dir='ltr'><strong><em>θεν</em></strong></span> <span class='ocrx_word' id='word_1_309' title='bbox 150 3495 211 3555; x_wconf 83' lang='grc' dir='ltr'><strong><em>τοῦ</em></strong></span> <span class='ocrx_word' id='word_1_310' title='bbox 222 3484 407 3573; x_wconf 78' lang='grc' dir='ltr'><strong><em>Εὐφρήτεω</em></strong></span> <span class='ocrx_word' id='word_1_311' title='bbox 420 3491 534 3556; x_wconf 81' lang='grc' dir='ltr'><strong><em>πολλοὶ</em></strong></span> <span class='ocrx_word' id='word_1_312' title='bbox 547 3488 722 3573; x_wconf 79' lang='grc' dir='ltr'><strong><em>ἅνθρωποι</em></strong></span> <span class='ocrx_word' id='word_1_313' title='bbox 738 3492 770 3567; x_wconf 88' lang='grc' dir='ltr'><strong><em>ἐς</em></strong></span> <span class='ocrx_word' id='word_1_314' title='bbox 780 3489 956 3556; x_wconf 88' lang='grc' dir='ltr'><strong><em>θάλασσαν</em></strong></span> <span class='ocrx_word' id='word_1_315' title='bbox 969 3492 1082 3571; x_wconf 79' lang='grc' dir='ltr'><strong><em>ἔρχον-</em></strong></span> 
     </span>
    </p>
   </div>
   <div class='ocr_carea' id='block_1_3' title="bbox 0 0 1318 4092">
    <p class='ocr_par' dir='ltr' id='par_1_3' title="bbox 0 0 1318 4092">
     <span class='ocr_line' id='line_1_34' title="bbox 0 0 1318 4092; baseline 0 0"><span class='ocrx_word' id='word_1_316' title='bbox 0 0 1318 4092; x_wconf 95' lang='lat' dir='ltr'><strong><em> </em></strong></span> 
     </span>
    </p>
   </div>
  </div>
 </body>
</html>
