2625 4092
218 270 281 335 378
399 320 402 326 ·
573 272 879 335 AOYKIANOY

218 429 316 519 ἡμῑνς
336 436 374 501 αί
383 432 444 519 μὲν
461 434 608 520 τριήρεις
619 434 673 499 καλ
687 428 895 515 όΠειραιεδς
909 433 965 523 καὶ
979 430 1019 497 τά
1034 429 1164 513 νεώρια
1176 437 1228 516 λῆ-

220 557 276 612 ρος
292 536 404 616 ἔμοιγε
419 532 474 599 καὶ
497 530 684 617 φλήναφος.
716 533 750 597 τί
764 524 796 596 δ’
813 524 858 596 ἄν
874 526 1228 619 άνθρωττοιπράξαιετ

220 628 561 715 διονυσιάζουτες,ἐυ
581 634 795 714 κρεανομίαις
810 633 1013 708 καταζώντες
1033 627 1228 713 καλχχοροίςς

149 742 201 799 517
222 735 251 798 εί
262 730 298 797 δδ
311 726 355 815 μή
372 732 596 815 Δημοσθένης
613 726 659 821 εἷς
672 732 709 797 ἐν
721 726 911 814 Ἀθηναίοις
925 731 1073 813 ἐγένετο,
1087 729 1176 815 ῥᾷον
1190 721 1228 791 δν

220 838 351 913 είχομευ
362 824 424 914 τήν
439 827 540 919 πόλιν
553 822 575 913 ή
588 834 756 913 Θηβαίους
765 828 820 894 καὶ
831 823 1018 903 Θετταλούς
1027 822 1227 906 ἀπατῶντες,

218 925 426 1012 βιαζόμενοι,
445 926 653 1010 φθάνοντες,
672 921 875 1009 ώνούμενοι·
903 930 970 990 νῦν
986 924 1023 990 δὲ
1042 917 1091 1000 εἷς
1104 925 1228 997 ἐκεῖνος

220 1022 381 1109 ἐγρήγορε
395 1023 450 1093 καὶ
465 1030 547 1093 πᾶσι
562 1037 631 1101 τοῖς
645 1034 773 1105 καιροῖς
788 1024 948 1113 ἐφέστηκε
961 1022 1017 1092 καὶ
1029 1035 1101 1099 ταῖς
1113 1016 1224 1106 ἡμετέ·

220 1148 293 1205 ραις
308 1118 427 1206 ὁρμαῖς
448 1123 675 1189 ἐπακολουθεῖ
692 1122 747 1190 καί
768 1120 836 1198 τοῖς
850 1120 1121 1205 στρατηγήμασιν
1139 1114 1227 1191 ἄντι-

219 1216 467 1300 παρατάττεται.
484 1218 703 1303 λανθάνομεν
714 1217 750 1287 δέ
761 1214 866 1286 αὐτόν
876 1213 920 1284 ού
929 1218 1158 1302 τεχνάζοντες,
1171 1210 1227 1281 ούα
1290 1193 1292 1282 λ

219 1316 532 1406 ἐπιχειροῦντες,ού
542 1319 802 1406 βουλευόμενοι,
814 1319 972 1398 καθάπαξ
982 1318 1126 1402 κώλυμά
1137 1345 1171 1385 τι
1181 1316 1228 1383 καλ

219 1416 385 1504 πρόβολος
404 1412 485 1502 ἡμῖν
509 1414 692 1499 ἅνθρωπός
709 1420 794 1501 ἐστι,
815 1413 860 1501 μή
882 1412 982 1503 πάντ’
1001 1422 1090 1501 ἔχειν
1103 1418 1141 1495 ἐξ
1163 1419 1229 1482 ἐπι·

219 1519 353 1599 δρομῆς.
384 1514 422 1583 τό
438 1517 480 1600 γέ
495 1540 547 1582 τοι
566 1511 641 1582 κατ’
661 1510 766 1582 αύτὸν
785 1509 849 1582 ούκ
864 1511 1065 1602 Ἀμφίπολιν
1086 1515 1229 1598 εἵλομεν,

219 1611 283 1681 ούκ
290 1610 478 1696 Ὄλυνθον,
495 1610 536 1679 ού
552 1614 696 1691 Φωκέας
704 1613 758 1679 καὶ
771 1610 888 1690 Πύλας
904 1618 1061 1697 ἐσχομευ,
1085 1606 1131 1677 ού
1146 1619 1230 1694 Χερ-

220 1710 366 1797 ρονήσου
380 1712 435 1779 καὶ
454 1718 523 1777 τών
539 1713 615 1794 περὶ
630 1707 690 1778 τόν
706 1706 951 1797 Ἑλλήσποντον
965 1709 1228 1795 κεκρατήκαμεν.

218 1815 269 1878 36.
296 1806 370 1877 ἀλλ’
395 1805 548 1895 ἀνίστησι
575 1810 637 1895 μὲν
662 1808 804 1887 άκουτας
830 1804 903 1877 οἷον
930 1813 965 1875 ἐκ
990 1808 1232 1894 μανδραγόρου

219 1905 450 1984 καθεύδοντας
467 1905 545 1985 τούς
561 1904 667 1973 αὑτοῦ
688 1913 841 1992 πολίτας,
863 1906 975 1989 ώσπερ
992 1914 1079 1994 τομῇ
1091 1933 1165 1973 τινι
1181 1906 1232 1973 καὶ

219 2002 336 2072 καύσει
350 2012 407 2090 τῆς
421 2007 590 2093 ῥᾳθυμίας
601 2013 642 2093 τῇ
656 2012 824 2092 παρρησίᾳ
838 2007 1022 2091 χρώμενος,
1038 2002 1161 2090 ὀλίγον
1174 2008 1232 2071 τού

220 2097 303 2184 πρός
325 2098 454 2187 ἡδονήν
470 2111 659 2187 φροντίσας.
693 2112 887 2189 μετατίθησι
909 2106 945 2171 δὲ
966 2110 1034 2170 τών
1049 2102 1232 2188 χρημάτων

219 2198 297 2278 τούς
309 2202 436 2285 πόρους
450 2201 515 2273 άπὸ
532 2211 599 2283 τών
613 2204 771 2287 θεάτρων
785 2206 837 2271 ἐπὶ
850 2201 891 2284 τά
905 2201 1134 2289 στρατόπεδα,
1150 2223 1233 2268 συν·

218 2306 332 2385 τίθησι
345 2302 381 2368 δέ
394 2297 433 2371 τό
445 2300 606 2387 ναυτικόν
618 2303 734 2388 νόμοις
746 2316 990 2387 τριηραρχικοῑς
1000 2297 1068 2367 ύπδ
1079 2308 1142 2386 τῆς
1152 2297 1233 2367 ἆτα-

219 2404 288 2481 ξίας
302 2400 408 2485 μόνον
423 2397 464 2467 ου’
476 2404 593 2478 τελέας
605 2404 873 2486 διεφθαρμένον,
889 2404 1008 2485 ἐγείρει
1023 2394 1056 2465 δ’
1073 2400 1233 2485 ἐρριμμέ-

149 2499 202 2573 518
222 2523 284 2567 νον
297 2495 361 2589 ἤδη
376 2496 503 2584 χρόνου
522 2496 605 2580 πρός
620 2496 683 2585 τήν
698 2498 850 2586 δραχμήν
866 2502 922 2567 καλ
936 2498 973 2568 τό
990 2500 1184 2586 τριώβολον
1198 2494 1232 2565 τό

218 2603 275 2683 τῆς
290 2598 417 2675 πόλεως
434 2594 576 2683 ἀξίωμα,
593 2599 697 2665 πάλαι
712 2599 854 2677 τούτους
868 2599 1175 2681 κατακεκλιμένους
1191 2601 1232 2672 είς

219 2696 298 2775 τούς
308 2698 504 2785 Ιπρογόνους
517 2698 697 2783 ἐπανάγων
707 2695 834 2765 καὶτὸν
846 2702 945 2783 ζῆλον
955 2704 1024 2764 τών
1035 2702 1233 2781 Μαραθῶνι

220 2800 456 2882 καλΣαλαμίνι
471 2798 779 2882 κατειργασμένων,
797 2805 970 2883 συνίστησι
977 2792 1014 2863 ’δ’
1029 2796 1083 2863 ἐπὶ
1097 2814 1233 2882 συμμα-

219 2902 290 2981 χίας
304 2898 358 2962 καδ
373 2894 546 2975 συντάξεις
562 2892 763 2982 Ἑλληνικάς.
792 2903 913 2963 τοῦτον
928 2891 970 2962 ού
990 2902 1113 2961 λαθεῖν
1133 2897 1233 2970 ἐστιν,

219 2992 261 3063 ού
276 3001 470 3079 φενακίσαι,
486 2990 526 3060 ού
542 3000 707 3074 πρίασθαι
722 2992 763 3061 ού
778 3001 907 3081 μᾶλλον
921 2989 1015 3081 ήτόν
1025 2989 1235 3079 Ἀριστείδην

219 3096 348 3160 ἐκείνου
365 3090 384 3158 ὁ
399 3099 541 3175 Περσῶν
557 3089 715 3177 βασιλεύς
731 3095 875 3173 ἐπρίατο.
898 3095 950 3160 37.
968 3098 1092 3157 τοῦτον
1106 3082 1235 3168 om

215 3188 422 3276 Ἀντίπατρε,
443 3188 503 3276 χρή
531 3193 677 3271 δεδιέναι
692 3197 821 3276 μᾶλλον
839 3184 862 3275 ἢ
879 3189 991 3268 πάσας
1011 3188 1164 3273 τριήρεις
1182 3191 1235 3256 καλ

220 3289 347 3368 πάντας
360 3287 584 3373 ἀποστόλους·
607 3286 628 3355 δ
642 3286 707 3373 γάρ
722 3289 912 3376 Ἀθηναίοις
924 3300 993 3367 τοῖς
1006 3288 1114 3355 πάλαι
1132 3295 1236 3374 Θεμι-

221 3394 360 3471 στοκλῆς
376 3390 430 3454 καὶ
444 3394 608 3472 Περικλῆς
624 3390 770 3473 ἐγένετο,
791 3394 890 3454 τοῦτο
907 3400 976 3465 τοῖς
992 3390 1058 3452 νύν
1074 3383 1094 3452 ό
1114 3396 1235 3473 Δημο-

220 3487 361 3568 σθένης,
377 3485 557 3568 ἐφάμιλλος
572 3492 789 3569 Θεμιστοκλεῖ
802 3483 863 3571 μὲν
876 3482 940 3569 τήν
953 3485 1112 3569 σύνεσιν,
1130 3494 1235 3566 Περι-
