2625 4092
180 298 226 333 xv1
602 278 835 332 PRAEFATIO.

248 421 288 471 De
302 418 362 485 Syr.
378 422 435 472 Ιλεο
454 436 477 471 ο.
494 407 720 485 1”Εστιν]”Εστι
736 418 771 468 id.
788 421 825 469 ita
843 425 868 470 ελ
883 417 970 484 paullo
985 426 1053 484 post.
1080 417 1141 470 ibid.
1157 406 1268 482 οὔνομα
1305 460 1307 495 q

179 507 235 539 cum
253 490 310 542 eod.
328 504 375 554 pro
400 477 491 555 ὄνομα
526 490 586 541 ibid.
608 479 675 538 πόλι
699 502 756 537 cum
779 489 836 540 eod.
856 502 903 554 pro
928 477 1020 538 πόλει.
1044 489 1080 536 iia
1105 495 1130 536 et
1149 488 1176 535 iu
1194 504 1269 550 seqq.
1305 508 1306 515 ¹

179 561 238 609 ibid.
258 549 345 625 ἐστιν]
364 547 424 608 έστι
437 560 472 610 id.
505 558 565 611 ibid.
585 555 691 624 τοῖσιν]
709 559 784 607 τοῖσι
798 559 833 612 id.
862 557 924 609 ibid.
945 547 1117 607 ἐπιτελέουσι
1136 557 1170 606 id.
1206 557 1269 609 ibid.

179 621 334 692 εἱσαμένων
353 643 409 679 eum
429 629 486 680 eod.
505 643 552 694 pro
570 619 737 691 είοαμέναν.
763 627 842 678 itaet
861 629 887 677 in
906 641 980 691 seqq.
1015 641 1038 679 ο.
1057 625 1073 678 3
1089 618 1271 689 Αίγυπτίοισι

179 700 215 752 ἰι1.
252 697 312 748 ibid.
336 688 394 746 ἐστι
418 698 453 748 id.
490 697 550 748 ibid.
570 687 700 747 ἀείδουσι
719 697 753 746 id.
789 696 849 748 ibid.
871 685 931 774 ἐστί
951 697 988 750 id.
1016 704 1041 745 et
1064 696 1099 745 iia
1118 709 1222 758 semper

179 763 924 902 ἓῗλέλέΟἶίιλῗγῖιδῖἶῖιῗιῗιξῖῗῗλι,11ρὲ1,11111έῖ1
937 781 1001 885 ,δέ
1015 762 1270 899 ῗίρίιῗὲὲλίέῖι

179 907 236 961 eod.
254 921 305 955 reo.
322 919 368 970 pro
386 898 560 970 παρακέαται
581 913 605 956 et
620 922 644 959 ο,
659 902 677 954 8
695 893 834 954 ἐπικέεται
851 919 898 970 pro
915 893 1060 953 ἐπικέαται
1095 919 1116 953 ο.
1135 904 1168 954 10
1184 893 1268 967 ὁρτοι
1305 908 1306 915 ’

179 991 236 1026 cum
252 975 308 1026 eod.
328 989 376 1024 τεο.
395 991 441 1042 pro
460 964 555 1039 έορταὶ
591 991 611 1024 ο.
634 975 668 1025 12
684 964 815 1025 Σισύθεα
833 989 889 1024 oum
906 975 964 1026 eod.
986 973 1018 1023 δε
1033 973 1180 1022 Buttmanni
1198 989 1269 1024 τοο.

179 1061 225 1111 pro
245 1034 364 1094 Σκύθεα
398 1044 460 1095 ibid.
481 1037 623 1109 ἔπρησσον
644 1058 702 1092 cum
722 1045 780 1097 eod.
800 1061 851 1094 rec.
872 1058 918 1108 pro
938 1035 1080 1107 ἔπρασσον
1115 1058 1138 1093 ο.
1156 1043 1188 1094 15
1207 1031 1268 1091 έπ..
1305 1048 1306 1087 3

179 1107 288 1164 κνέεται
306 1127 364 1163 oum
382 1116 439 1164 eod.
459 1115 543 1179 recepi
558 1128 604 1178 pro
623 1103 762 1162 ἐπικέεται
797 1130 820 1164 ο.
839 1113 873 1165 16
891 1108 972 1179 δεξιῇ
989 1119 1127 1176 praeeunte
1143 1112 1203 1162 eod.
1222 1127 1240 1176 p
1256 1136 1271 1160 ο
1305 1126 1306 1167 1

179 1180 259 1253 δεξιῇ
301 1199 324 1234 ο.
344 1182 379 1234 19
404 1175 512 1233 έοσεται
535 1199 591 1233 cum
612 1183 670 1232 eod.
688 1198 734 1247 pro
758 1175 849 1232 ἔσεται
884 1197 907 1236 ο.
929 1183 963 1233 20
974 1177 1103 1300 ῇασιλῇα
1126 1196 1184 1231 cum
1209 1198 1270 1234 eoi.
1305 1170 1306 1243 1

180 1254 298 1304 revocavi
321 1267 368 1317 pro
390 1245 504 1321 βασιλέα
538 1252 598 1306 ibid.
625 1245 780 1316 οίκηίοιοιν
803 1253 863 1303 dedi
887 1266 932 1314 pro
956 1246 1101 1300 οκίοιοιν.
1124 1249 1200 1301 Dind.
1228 1246 1270 1299 ⁰3-

179 1319 287 1387 κηίοισι
327 1320 388 1372 ibid.
410 1311 543 1371 ἀπεκέετο
567 1329 706 1386 praeeunte
725 1322 783 1374 eod.
808 1336 854 1387 pro
877 1313 1016 1371 ἀπεκέατο
1058 1337 1081 1374 ο.
1101 1320 1136 1369 22
1156 1312 1271 1369 αἰδέετο
1305 1362 1306 1371 ,

179 1408 237 1442 cum
252 1393 310 1442 eod.
330 1407 380 1442 reo.
404 1407 449 1458 pro
475 1381 572 1457 ῇδέετο
609 1406 631 1441 ο.
652 1390 687 1442 23
711 1388 832 1457 βασιλῆα
854 1393 970 1442 revocavi
991 1404 1037 1454 pro
1056 1382 1171 1457 βασιλέα
1207 1389 1269 1439 ibid.
1305 1376 1306 1423 1

180 1448 362 1512 οὕτε-οὕτε
387 1470 489 1511 auctore
510 1461 567 1510 eod.
589 1475 636 1524 pro
660 1449 729 1510 οὐδὲ
746 1486 782 1499 -
796 1449 863 1509 οὐδέ
905 1477 929 1512 ο.
950 1461 984 1509 24
1005 1455 1121 1523 φρουρῇ
1142 1450 1186 1522 έγε
1208 1475 1271 1508 σου

179 1533 236 1582 eod.
256 1546 303 1595 pro
327 1527 442 1599 φρουρᾷ
461 1521 518 1592 εἶχε
552 1530 614 1580 ibid.
633 1527 770 1594 μοιχηίην
789 1539 892 1580 auctore
908 1530 968 1583 eod.
987 1543 1034 1595 pro
1052 1541 1100 1590 μοι
1120 1523 1169 1592 ίην
1204 1527 1270 1578 ibii.

180 1591 351 1665 ἐργασμένον
369 1616 426 1649 cum
446 1600 503 1649 eod.
526 1599 643 1649 revocavi
668 1614 714 1663 pro
733 1591 917 1664 εἰργασμένον
957 1615 979 1649 ο.
1001 1599 1035 1648 25
1053 1543 1186 1717 ἆῇιβιοέσας
1210 1612 1239 1646 τε.
1254 1615 1270 1644 ο

180 1660 550 1735 εοι1.ι·οο.ρι·οθαμβωόας
586 1669 646 1718 ibid.
670 1663 899 1720 έσοεταιοοοιοτε
921 1669 979 1718 eod.
999 1683 1046 1732 pro
1079 1677 1155 1715 σεται
1191 1681 1213 1716 ο.
1234 1670 1267 1714 ·T
1305 1688 1306 1691 ¹

179 1736 352 1805 χαρίζονται]
376 1730 553 1803 χαριζόμενοι
577 1739 611 1788 id.
637 1753 695 1787 eum
715 1739 783 1788 aliis.
823 1739 885 1790 ibid.
909 1727 1058 1787 ἀνακέεται
1079 1744 1183 1785 auctore
1208 1751 1239 1786 εο
1253 1762 1267 1783 ι,

178 1825 225 1874 pro
243 1800 397 1858 ἀνακέαται
432 1809 492 1860 ibid.
513 1801 620 1873 θηλέης
636 1822 694 1857 cum
713 1809 770 1861 eod.
790 1823 841 1858 rec.
860 1823 907 1874 pro
923 1803 1043 1871 θηλειής
1079 1805 1140 1855 ibid.
1155 1817 1206 1868 μοι
1223 1821 1269 1854 τσ-

180 1871 260 1944 abbi]
284 1891 333 1942 μοι
357 1869 422 1941 πέρι
440 1868 542 1927 τοοοέδε
565 1879 602 1934 id.
639 1892 663 1926 ο.
682 1877 717 1930 28
735 1869 827 1926 κέεται
843 1893 894 1930 τεο.
913 1891 960 1941 pro
979 1868 1078 1925 κέαται
1112 1874 1174 1924 ibid.
1195 1864 1266 1924 οἱπιι·

179 1941 301 1997 κέκλιται
317 1947 450 1998 υοαιεοδ.
467 1963 518 1998 rec.
537 1963 583 2012 pro
601 1933 786 2012 ἀποκέκριται
819 1947 881 1997 ibid.
893 1937 1047 2010 τριήκοντα
1063 1959 1120 1995 cum
1136 1945 1196 1995 eod.
1214 1960 1233 1994 r«
1248 1966 1267 1993 ;.

179 2034 225 2083 pro
243 2013 414 2081 τριηκοσίων
449 2033 472 2070 ο.
493 2016 527 2066 29
546 2009 633 2136 μικρῇ
652 2033 710 2066 cum
733 2017 791 2068 eod
811 2032 862 2071 τεο,
883 2030 929 2081 pro
951 2011 1046 2079 μακρῇ
1079 2012 1141 2062 ibid.
1160 2002 1268 2063 ἐπικῗε·
1305 1990 1306 2073 1

179 2102 225 2136 ται
244 2088 329 2149 recepi
348 2085 390 2134 hie
407 2095 431 2134 et
451 2103 474 2135 ο.
495 2085 529 2138 30
547 2101 592 2152 pro
625 2079 756 2136 πικέαται
791 2103 814 2136 ο.
834 2085 866 2138 31
886 2081 1033 2148 θεραπηίη
1050 2091 1189 2148 praeeunte
1209 2085 1256 2134 eoi

179 2172 225 2222 pro
244 2151 385 2219 θεραπείη
414 2171 435 2204 ο,
454 2155 549 2206 32ὀοι
567 2173 624 2206 cum
641 2156 698 2206 eod.
716 2172 767 2210 rec.
783 2171 831 2220 pro
848 2169 894 2204 τοι
928 2154 988 2204 ibid.
1006 2145 1125 2202 ἔκτοσθε
1140 2153 1176 2204 id.
1204 2153 1267 2203 λίπ’.

179 2217 337 2290 περικέαται
355 2239 413 2274 σου]
434 2226 491 2276 eod.
509 2241 555 2290 pro
576 2218 739 2291 περικέαται
772 2225 834 2276 ibid.
859 2213 957 2290 έσορέη
979 2238 1038 2272 cum
1060 2221 1117 2274 eod.
1143 2237 1193 2272 reo.
1222 2238 1268 2287 γε

180 2285 293 2359 ἱστορέῃ
334 2309 357 2344 ο.
376 2292 410 2345 33
430 2291 524 2344 ἴκελον
544 2311 601 2346 cum
626 2296 684 2347 eod.
705 2311 753 2359 pro
775 2289 885 2344 εἴκελον
920 2310 943 2343 ο.
963 2292 997 2344 34
1020 2284 1112 2342 κέεται
1130 2306 1188 2340 cum
1209 2295 1268 2343 emi.

180 2365 221 2414 hio
238 2374 262 2414 et
277 2379 299 2412 υ.
321 2363 354 2414 35
374 2378 420 2429 pro
437 2357 533 2414 κέαται
568 2366 629 2416 ibid·
649 2357 715 2422 έδσς
733 2379 791 2414 cum
807 2365 864 2415 eod.
883 2364 914 2412 de
933 2361 1064 2412 Schaeferi
1080 2361 1146 2413 coni.
1164 2375 1213 2424 pro
1251 2355 1266 2396 '·
1303 2334 1307 2431 1,

180 2431 244 2512 bos„
266 2432 326 2482 ibid.
344 2423 453 2498 μούνου
469 2443 606 2500 praeeunte
625 2434 684 2485 eod.
707 2449 752 2499 pro
768 2425 860 2498 μόνον
896 2448 918 2486 ο.
937 2431 972 2484 35
989 2421 1056 2481 νέον
1074 2443 1104 2479 τε
1119 2425 1179 2496 καὶ]
1200 2444 1227 2479 vi
1252 2444 1269 2479 ν
1305 2440 1307 2501 ζ

179 2515 208 2552 τε
222 2516 344 2568 ηγηνται
362 2497 411 2553 καλ
430 2504 466 2556 id.
503 2520 524 2554 ο.
542 2503 575 2555 36
589 2495 788 2568 προφέροντας
803 2519 861 2552 oum
879 2503 938 2556 eod.
957 2517 1010 2554 εει.
1025 2515 1073 2565 pro
1087 2491 1269 2565 προσφέροι·
1305 2510 1306 2513 ’

179 2587 229 2631 τας
264 2572 324 2623 ibid.
345 2559 444 2638 οὕτως]
466 2561 540 2624 οὕτω
557 2573 592 2624 ld.
630 2589 651 2622 ο.
670 2571 704 2624 39
722 2567 868 2637 συμφοραὶ
886 2572 918 2621 de
934 2570 1022 2621 Solimi
1041 2569 1109 2620 coni.
1131 2583 1178 2634 pro
1198 2582 1226 2616 οι
1245 2585 1267 2615 ι-

180 2632 256 2707 φορῇ
293 2657 315 2691 ο.
329 2643 364 2695 40
382 2634 447 2700 iios
466 2659 524 2693 oum
538 2643 613 2692 Dind.
632 2644 664 2693 de
682 2658 738 2692 mea
754 2642 820 2696 coni.
837 2656 884 2708 pro
900 2632 978 2697 εἶδος
1012 2640 1074 2691 ibid.
1092 2634 1188 2688 ίκελον
1208 2655 1223 2688 ο
1244 2655 1267 2688 οι

180 2713 236 2762 eod.
257 2725 303 2790 pqo
322 2707 431 2761 είκτλυν
467 2729 489 2764 ο.
508 2716 543 2763 42
563 2703 734 2790 ἐπιγίγνεται
750 2728 807 2762 cum
828 2712 887 2764 eod.
907 2710 1025 2788 revocqvi
1044 2725 1097 2787 pro⁸
1110 2697 1221 2772 έπιγίνε
1244 2725 1265 2756 ιι

179 2798 203 2834 ο.
220 2782 254 2831 45
272 2776 406 2830 ανακέετο
426 2798 484 2832 cum
502 2782 559 2835 eod.
576 2799 628 2834 rec.
643 2796 690 2846 pro
708 2774 852 2831 ανακέατο
921 2780 956 2831 46
973 2790 1117 2842 νφεστεως
1133 2793 1192 2828 oum
1209 2780 1267 2830 vd.
1304 2782 1307 2835 i

180 2852 211 2901 de
232 2849 337 2899 Gesneri
355 2852 422 2902 coni.
444 2867 490 2918 pro
511 2842 648 2915 έφεστειδε
683 2865 706 2900 ο.
721 2853 755 2901 47
776 2841 890 2914 ἀπέργει
916 2865 975 2898 cum
993 2848 1052 2904 eod.
1071 2863 1118 2913 pro
1137 2836 1266 2911 ἄπελρ,,ει
1305 2856 1306 2861 ’

179 2935 202 2971 ο.
218 2918 253 2969 48
271 2909 357 2968 έτεοὶν
376 2921 434 2974 eod.
455 2929 556 2971 auctore
572 2935 618 2986 pro
643 2909 707 2969 ἐπεὶ
733 2920 794 2970 ibid.
813 2909 939 2968 καλόολε
957 2907 1066 2982 μισθὸν
1084 2932 1142 2966 cum
1159 2917 1218 2966 eod.
1236 2926 1268 2967 αο

180 3003 237 3037 mea
256 2989 321 3037 coni.
339 2987 429 3042 delevi.
464 2988 526 3040 ibid.
551 2983 631 3052 μνέες
667 2981 749 3053 μνέαι
772 2991 807 3044 id.
845 3005 868 3038 ο.
891 2987 923 3038 51
946 2980 977 3037 σί
995 2976 1087 3054 ἄλλοι]
1112 2978 1144 3035 οῖ
1160 2977 1267 3036 ribai

180 3058 215 3109 id.
235 3066 337 3107 auctore
354 3057 503 3108 Fritzschio.
539 3059 600 3108 ibid.
619 3055 788 3125 απορρίψει]
812 3046 963 3122 ἄπορρίτμη
987 3059 1022 3110 id.
1061 3073 1084 3108 ο.
1104 3056 1139 3106 55
1164 3045 1217 3104 αι’ττ
1230 3053 1266 3122 b]

180 3115 288 3176 ἑαυτοῦ
304 3127 341 3179 id.
375 3141 399 3205 ρ.
416 3126 450 3179 60
467 3118 507 3193 μή
527 3139 595 3192 σφιν
613 3119 703 3183 ἄλλοις
721 3119 812 3192 γάμον
830 3119 905 3176 εἶναι
921 3142 979 3179 cum
997 3127 1056 3180 eod.
1075 3126 1107 3177 δε
1124 3139 1183 3175 mea
1199 3141 1214 3175 ο
1234 3127 1266 3174 οἱ.

180 3211 227 3260 pro
245 3187 284 3260 μή
302 3211 351 3261 μιν
369 3194 459 3254 αλλας
476 3187 567 3262 γάμον
580 3189 654 3246 εἶναι
690 3197 751 3248 ibid.
768 3194 833 3263 τῇσι
849 3187 881 3246 δέ
895 3188 1068 3261 παρθένοισι
1083 3210 1141 3245 eum
1159 3195 1215 3246 eod
1236 3195 1265 3244 δι

181 3263 268 3315 8ο1οοί
286 3267 418 3332 οοοίῃριο
435 3267 510 3316 τοῖσι
528 3257 559 3314 δέ
577 3263 667 3317 νέοισι

181 3353 183 3358 ·
249 3335 373 3388 Ιλεκιοειλ.
398 3351 452 3386 ene.
479 3352 502 3387 ο.
525 3337 542 3387 2
564 3327 617 3401 τῇν
636 3325 737 3402 αὐτοῦ]
760 3327 815 3402 τῇν
835 3323 925 3387 αὑτοῦ
943 3336 979 3390 id.
1019 3335 1081 3387 ibid.
1102 3324 1214 3399 έπαρκέι
1231 3333 1265 3384 ,κ’
1303 3320 1307 3335 ’

180 3392 341 3469 ἐπαρκέσειε
359 3405 395 3456 id.
431 3405 492 3458 ibid.
512 3394 568 3471 ἄρα
589 3403 629 3474 τῷ
647 3421 705 3456 eum
726 3406 783 3460 eod.
802 3421 853 3456 rec.
873 3420 920 3471 pro
937 3394 995 3468 ἄρα
1013 3419 1052 3472 τρι
1089 3419 1110 3454 ο.
1127 3402 1144 3455 3
1163 3393 1193 3452 εἷ
1205 3405 1266 3452 «nim

180 3475 253 3525 uncis
272 3474 433 3529 incluseram.
468 3492 490 3530 ο.
508 3479 525 3526 4
544 3467 626 3542 μέγα,
645 3475 705 3526 olim
724 3490 740 3524 a
758 3490 799 3525 me
818 3476 941 3536 eiectum,
967 3476 1018 3525 iam
1037 3489 1095 3524 cum
1112 3473 1171 3528 eod.
1193 3489 1213 3522 rs
1238 3489 1261 3523 ο-

180 3546 247 3599 εαοὶι
282 3560 306 3599 ο.
325 3546 341 3597 5
357 3532 438 3620 ἄλλα]
458 3535 521 3595 ἄλλ’
540 3547 576 3600 id.
596 3556 723 3598 caeterum
743 3545 768 3596 in
782 3544 824 3595 his
839 3545 924 3596 verbis
940 3544 995 3595 viiii
1014 3543 1112 3604 aliquid
1128 3543 1211 3592 inesse
1233 3543 1266 3592 ii-
