2625 4092
380 321 578 382 ΦΙΛΟΠΑ
588 323 702 380 ΤΡΙΣ.
976 319 1039 383 419

39 477 122 548 ἀλλά
138 485 192 548 καί
209 483 260 548 έπὶ
275 479 480 567 Εύχήνορος,

83 576 119 656 ὅς
132 575 165 659 ρ’
184 571 223 646 εὖ
238 575 334 655 είδεός
349 574 423 663 κῆρ’
442 574 545 662 όλοην
560 579 612 644 ἐπὶ
628 577 708 662 νηός
725 583 852 664 έβαινε·

81 674 219 743 πολλάκι
233 676 298 761 γάρ
313 681 347 742 οί
361 681 448 742 έειπε
463 677 571 760 γέρων
587 669 717 758 άγαθός
730 673 906 758 Πολύϊδος,

81 773 192 861 νούσῳ
207 771 265 840 ὑπ’
282 771 427 860 άργαλέη
441 781 588 855 φθίσθαι
605 767 652 848 οἷς
668 775 705 838 έν
719 772 913 859 μεγάροισιν

79 867 100 956 η”
114 868 183 957 μετ’
197 870 336 955 Ἀχαιών
351 873 472 954 νηυσίν
488 867 554 937 ύπδ
573 871 720 952 Τρώεσσι
737 877 890 957 δαμῆναι.

38 977 87 1037 16.
100 968 170 1053 ούχί
181 968 254 1052 παρ’
265 966 395 1058 Ὁμήρῳ
407 975 511 1036 ταῦτα
519 972 714 1054 γέγραπται;
728 964 749 1052 η’
761 966 945 1054 ἀμφίβολος
954 966 1037 1055 αὕτη

34 1070 91 1134 καί
106 1064 337 1152 άμφίκρημνος
350 1064 478 1151 ἀπάτης
499 1071 529 1133 εί
541 1069 577 1133 δὲ
588 1065 721 1151 βούλει,
736 1068 790 1134 καὶ
801 1073 862 1133 τοῦ
871 1066 954 1144 Διὸς
968 1068 1037 1132 ἑπι-

36 1166 134 1250 θησω
148 1185 199 1230 σοι
214 1163 273 1231 τόν
289 1165 399 1250 λόγον.
429 1162 502 1249 ούχὶ
517 1172 561 1253 τῳ
577 1171 730 1254 Αἰγίσθῳ
746 1175 878 1251 είρηκεν
894 1163 938 1244 ὡς
953 1163 1037 1232 άπο-
1056 1178 1108 1233 6ολ

36 1268 184 1352 σχομένῳ
192 1264 254 1347 μὲν
263 1270 320 1350 της
329 1270 473 1346 μοιχείας
482 1266 537 1330 καὶ
545 1270 602 1348 της
614 1263 854 1350 Ἀγαμέμνονος
865 1267 1040 1350 ἐπιβουλῆς

37 1365 94 1443 ζῆν
109 1367 328 1446 καθείμαρται
342 1360 451 1429 πολύν
463 1362 602 1447 χρόνον,
628 1364 874 1449 ἐπιβαλλομένῳ
889 1364 924 1430 δὲ
935 1370 1038 1429 ταυτα

35 1459 192 1539 πράττειν
202 1455 244 1524 ού
254 1470 475 1541 καθυστερεῖν
483 1458 653 1540 θανάτους
669 1467 768 1526 τούτο
777 1457 868 1544 κάγοδ
880 1460 1038 1537 πολλάκις

34 1552 440 1641 προύμαντευσάμην,έάν
450 1556 572 1644 κτάνης
580 1554 640 1624 τόν
649 1562 800 1642 πλησίον,
809 1558 1037 1644 θανατῳθηση

33 1650 125 1735 παρά
141 1659 198 1738 της
210 1657 316 1738 δίκης,
333 1659 362 1720 εί
373 1659 410 1720 δέ
418 1679 456 1740 γε
470 1651 514 1740 μη
530 1661 627 1721 τούτο
642 1655 783 1740 πράξῃς,
800 1656 907 1742 βιοόση
918 1663 1036 1740 καλῶς,

187 1749 269 1818 ούδέ
280 1755 319 1819 κέ
331 1749 363 1818 σ’
382 1744 452 1820 τόκα
465 1755 557 1830 τέλος
570 1754 733 1819 θανάτοιο
749 1759 861 1838 κιχείη.

33 1848 96 1934 ούχ
107 1849 187 1938 ὁρᾷς
199 1850 242 1930 ὡς
253 1850 444 1936 ἀδιόρθωτα
456 1852 495 1920 τὰ
506 1860 573 1920 τῶν
584 1858 731 1938 ποιητῶν
741 1855 795 1920 καί
806 1850 971 1940 άμφίλοξα
983 1855 1038 1920 καί

33 1953 171 2034 μηδέπω
188 1949 413 2036 ηδραιωμένα;
437 1949 519 2017 ὥστε
537 1956 636 2018 ἔασον
653 1949 800 2034 ἅπαντα,
820 1948 863 2028 ὡς
880 1953 934 2019 καί
947 1952 982 2019 σέ
1001 1954 1037 2018 έν

33 2062 105 2126 ταῖς
118 2050 328 2132 ἐπουρανίοις
345 2057 471 2137 βίβλοις
486 2057 553 2117 τοῖν
568 2048 708 2136 ἀγαθῶν
725 2047 995 2134 άπογράψωνται.

120 2150 169 2215 17.
185 2154 264 2217 ΚΡΙ
265 2156 299 2215 Τ.
316 2143 368 2216 Εύ
380 2149 488 2216 πάντα
501 2146 708 2230 άνακυκλείς,
725 2139 751 2214 ά
764 2153 932 2233 Τριεφῶυ·
952 2145 1035 2216 άλλά

32 2272 90 2332 μοι
114 2247 189 2312 τόδε
212 2251 298 2330 ελπέ,
326 2254 355 2316 εί
377 2249 432 2315 καὶ
454 2246 492 2315 τά
518 2254 586 2314 τῶν
608 2253 760 2313 Σκυθῶν
777 2249 814 2313 έν
835 2253 879 2336 τῳ
901 2245 1035 2334 οὐρανῷ
1053 2257 1104 2314 6oe

31 2346 287 2429 έγχαράττονσις

122 2450 261 2512 ΤΡΙΕΦ.
276 2443 412 2528 Πάντα,
426 2449 457 2511 εί
469 2445 550 2532 τύχη
567 2471 604 2529 γε
619 2443 758 2530 χρηστός
769 2448 823 2515 καί
837 2451 875 2515 ἐν
890 2453 1013 2514 ἔθνεσι.

116 2547 195 2608 KPI
196 2548 232 2607 T.
253 2542 406 2620 Πολλούς
419 2568 456 2626 γε
470 2548 617 2628 γραφέας
632 2541 698 2629 φης
712 2547 748 2610 έν
761 2551 807 2632 τῳ
820 2542 954 2634 οὐρανῷ
959 2596 969 2629 ,
992 2543 1036 2624 ὡς

32 2638 162 2706 άπαντα
178 2637 444 2726 α’πογράφεσθαι.

120 2744 260 2806 ΤΡΙΕΦ.
282 2737 447 2824 Εὐστόμει
467 2741 520 2806 καί
543 2738 646 2824 μηδὲν
669 2749 761 2827 είπης
781 2746 934 2823 φλαῦρον
950 2748 1036 2808 θεοῦ

32 2842 159 2916 δεξιον),
173 2835 255 2905 ἀλλὰ
269 2838 514 2923 κατηχούμενος
525 2846 647 2906 πείθου
657 2837 737 2922 παρ’
754 2842 852 2925 ἐμοῦ,
871 2849 962 2921 είπερ
978 2844 1035 2924 ζην

32 2936 158 3020 χρηζεις
174 2940 219 3012 είς
234 2934 294 3002 τόν
313 2941 427 3002 αίῶνα.
457 2942 487 3002 εί
503 2932 651 3021 οὐρανόν
666 2933 709 3014 ὡς
726 2938 840 3020 δέρριν
857 2936 1034 3022 ἐξηπλωσε,

32 3041 92 3116 νην
107 3033 144 3099 δέ
155 3030 213 3116 ἐφ’
227 3032 347 3112 ύδατος
358 3038 494 3120 ἔπηξεν,
509 3032 647 3118 άστέρας
663 3035 875 3120 έμόρφωσεν,
897 3034 1035 3119 ἅνθρω-

32 3157 94 3196 πον
109 3133 146 3198 ἐκ
161 3130 205 3216 μὴ
218 3131 313 3210 ὄντος
327 3134 509 3218 παρηγαγε,
526 3142 559 3202 τί
566 3135 756 3215 παράδοξον
768 3138 822 3202 καὶ
834 3132 891 3212 τάς
900 3136 1033 3216 πράξεις

32 3231 167 3296 πάντων
187 3229 500 3315 έναπογράφεσθαι;
527 3229 668 3316 καὶγὰρ
694 3235 745 3299 σοὶ
769 3238 908 3300 οίκίδιου
931 3260 1032 3302 κατα-

32 3328 244 3406 σκευάσαντι,
269 3332 428 3404 οἰκέτιδας
451 3329 556 3397 δὲκαὶ
576 3331 702 3406 οίκέτας
721 3333 755 3395 ἐν
778 3329 867 3418 αὐτῷ
884 3353 1033 3416 συναγα-

32 3450 141 3509 νουτι,
163 3423 323 3493 οὐδέποτέ
337 3446 373 3492 σε
394 3431 528 3493 διέλαθε
548 3426 678 3494 τούτων
695 3433 810 3511 πρᾶξις
830 3426 1031 3515 ἀπόβλητος·

32 3520 119 3610 τόσῳ
132 3530 261 3608 μᾶλλον
274 3530 333 3589 τόν
344 3523 450 3589 πάντα
468 3526 670 3606 πεποιηκότα
683 3523 768 3592 θεόν
780 3523 839 3611 ούχ
854 3525 984 3592 ἅπαντα
996 3528 1032 3591 ἐν

827 3613 894 3674 ⁴27*
