2625 4092
391 291 508 346 σενι
533 291 627 349 νον
647 291 808 349 οιαον.
992 267 996 288 ’
1038 289 1098 350 18⁵

92 445 136 514 οὐ
156 449 256 524 καλὸς
272 446 330 524 ἀν,
352 445 436 516 ἀλλά
453 451 597 536 φοβερός
610 449 691 535 ημῖν
712 454 831 528 ἔδοξεν.
863 452 928 516 ίδοι
943 441 974 514 δ’
991 449 1034 516 ἀν
1050 479 1098 530 τις

92 543 168 612 οὐδ’
183 543 288 631 ἀργὸν
302 549 450 612 ἐνταῦθα
466 541 524 612 τὸν
535 546 662 631 χρυσὸν
676 544 754 614 οὐδὲ
769 547 875 632 μόνου
886 552 946 612 τοῦ
957 549 1097 629 τέρπον·-

92 669 150 720 τος
172 645 280 710 εἵνεκα
301 650 347 731 τῷ
369 652 473 732 λοιπῷ
493 645 605 733 κόσμῳ
627 647 916 728 συνεσπαρμένον,
937 641 1021 710 ἀλλά
1044 647 1097 712 καὶ

94 739 203 826 αὐγήν
223 767 297 806 τινα
316 738 432 826 ἡδεῖαν
451 738 638 824 ἀπολάμπει
654 745 709 807 καλ
729 739 789 807 τὸν
810 739 902 807 οἶκον
923 739 1004 808 ὅλον
1024 744 1097 810 έπι-

93 837 262 925 χράννυσι
272 847 318 927 τῷ
330 838 530 924 ἐρυθήματι·
553 836 680 905 ὁπόταν
691 835 755 922 γάρ
769 835 805 904 τὸ
821 845 893 923 φῶς
907 839 1097 920 προσπεσόν

93 934 260 1020 ἐφάψηται
277 937 331 1001 καὶ
348 933 517 1022 ἀναμιχθῇ
537 943 582 1023 τῷ
598 943 725 1024 χρυσῷ,
747 937 863 1003 κοινόν
878 964 908 1003 τι
924 934 1096 1020 ἀπαστρά-

93 1053 213 1100 πτουσι
233 1035 286 1100 καὶ
314 1037 489 1099 διπλασίαν
510 1039 570 1098 τοῦ
590 1033 801 1117 ἐρυθήματος
821 1035 1016 1118 ἐκφαίνουσι
1035 1037 1096 1120 τὴν

93 1137 241 1215 αἰθρίαν.
272 1130 361 1198 9.τά
383 1127 502 1215 μὲνδὴ
524 1127 636 1213 ὑψηλοὶ
658 1131 712 1196 καὶ
732 1145 900 1214 κορυφαῖα
920 1138 981 1196 τοῦ
1001 1140 1096 1198 οῖκου

91 1228 221 1312 τοιάδε,
239 1224 386 1313 Ὁμήρου
400 1224 491 1304 τινὸς
511 1225 651 1312 δεόμενα
667 1228 859 1310 ἐπαινέτου,
881 1229 937 1292 ἵνα
957 1223 1095 1313 αὐτόνῆ

92 1325 280 1410 ὑψόροφον
297 1323 342 1403 ὡς
355 1322 415 1391 τδν
426 1322 557 1408 Ἑλένης
571 1325 728 1409 θάλαμον
742 1318 764 1409 ἦ
778 1324 954 1410 αἰγλήεντα
971 1325 1014 1400 ὡς
1035 1321 1094 1390 τὸν

90 1423 264 1510 Ὄλυμπον
276 1432 378 1490 εῖποι·
400 1417 460 1489 τὸν
472 1422 508 1488 δὲ
523 1419 626 1490 ἀλλον
637 1421 764 1506 κόσμον
775 1422 828 1488 καὶ
843 1418 883 1486 τά
898 1428 966 1486 των
976 1426 1094 1504 τοίχων

91 1520 267 1608 γράμματα
288 1521 343 1587 καὶ
361 1527 430 1586 τῶν
444 1519 625 1609 χρωμάτων
645 1517 684 1585 τά
706 1520 810 1603 κάλλη
829 1520 882 1584 καὶ
903 1516 939 1584 τὸ
959 1520 1094 1602 ἐναργὲς

91 1620 233 1688 ἑκάστου
247 1619 301 1684 καὶ
315 1613 351 1683 τὸ
367 1614 499 1702 ἀκριβὲς
510 1617 564 1683 καὶ
575 1613 612 1682 τδ
628 1614 751 1701 ἀληθὲς
765 1621 861 1698 ἔαρος
872 1615 944 1696 ὄψει
956 1616 1010 1682 καὶ
1026 1622 1094 1682 λει-

90 1723 178 1802 μῶνι
193 1715 229 1782 δὲ
245 1712 386 1781 εὐανθεῖ
399 1720 508 1791 καλῶς
524 1708 567 1779 ἀν
583 1720 649 1798 ἔχοι
664 1719 884 1800 παραβαλεῖν·
908 1711 996 1797 πλην
1011 1711 1089 1795 παρ’

91 1812 175 1880 ὅσον
190 1813 251 1897 μὲν
265 1813 374 1878 ἐκεῖνα
389 1808 540 1877 ἀπανθεῖ
553 1814 608 1877 καὶ
625 1819 818 1896 μαραίνεται
833 1814 887 1876 καὶ
902 1807 1092 1877 ἀλλάττεται

91 1913 145 1980 καὶ
159 1909 339 1996 ἀποβάλλει
355 1907 391 1976 τὸ
407 1909 543 1991 κάλλος,
559 1910 649 1975 τουτὶ
663 1911 698 1974 δὲ
714 1905 749 1975 τὸ
763 1914 821 1991 έαρ
838 1904 946 1974 ἀΐδιον
960 1910 1013 1974 καὶ
1026 1917 1093 1985 λει-

90 2005 165 2093 μιδν
185 2006 374 2094 ἀμάραντος
388 2009 442 2074 καὶ
462 2005 499 2073 τδ
522 2007 627 2083 ἀνθος
645 2003 818 2072 ἀθάνατον
842 2003 897 2071 άτε
914 2005 1017 2090 μόνης
1036 2014 1092 2090 τῆς
1167 2075 1169 2080 ,

91 2104 199 2186 ὅψεως
215 2108 445 2190 ἐφαπτομένης
460 2106 517 2172 καὶ
533 2107 736 2190 δρεπομένης
751 2100 788 2169 τδ
807 2099 872 2188 ἡδὺ
887 2109 954 2168 τῶν
969 2110 1092 2189 βλεπο-

89 2205 209 2289 μένων.
233 2209 281 2270 10.
297 2201 337 2268 τά
352 2198 392 2286 δὴ
403 2209 546 2268 τοσαῦτα
559 2194 762 2269 καίτοιαῦτα
779 2206 826 2276 τίς
838 2200 899 2266 οὐκ
917 2195 958 2266 ἀν
972 2199 1090 2286 ἡσθείη
1115 2221 1161 2276 196

89 2305 222 2388 βλέπων
235 2297 257 2386 ἢ
267 2308 315 2378 τίς
326 2297 390 2367 οὐκ
403 2296 447 2366 ἀν
457 2306 695 2385 προθυμηθείη
706 2299 761 2366 καὶ
773 2295 862 2382 παρά
873 2299 934 2384 τὴν
946 2301 1091 2386 δύναμιν

89 2401 126 2468 ἐν
144 2397 256 2476 αὐτοῖς
276 2401 385 2484 λέγειν
400 2394 494 2475 εἰδώς
514 2407 681 2482 αίσχιστον
697 2392 738 2464 δν
759 2393 1007 2481 ἀπολειφθῆναι
1023 2403 1090 2464 τῶν

89 2493 285 2579 ὁρωμένων;
302 2494 555 2579 ἐπαγωγότατον
566 2494 630 2579 γάρ
644 2491 705 2579 τιὴ
721 2491 796 2574 ὄψις
806 2501 873 2558 των
884 2500 1012 2575 καλῶν,
1028 2489 1090 2559 οὐκ

88 2589 140 2658 ἐπ’
163 2589 357 2675 ἀνθρώπων
377 2591 499 2676 μόνον,
525 2588 607 2659 ἀλλά
629 2594 683 2658 καὶ
705 2595 804 2667 ἵππος
819 2589 916 2675 ἥδιον
936 2585 979 2656 ἀν
1000 2588 1089 2673 οἶμαι

88 2687 210 2773 δράμοι
231 2685 314 2755 κατά
341 2696 490 2770 πρανοῦς
509 2694 627 2756 πεδίου
646 2692 702 2757 καὶ
722 2697 888 2774 μαλακοῦ,
916 2694 1090 2772 προσηνῶς

88 2787 268 2869 δεχομένου
283 2781 344 2870 τὴν
360 2785 461 2870 βάσιν
481 2787 536 2852 καὶ
551 2783 655 2870 ἠρέμα
675 2785 870 2864 ὑπείκοντος
885 2791 930 2876 τῷ
945 2789 1021 2852 ποδὶ
1035 2787 1090 2852 καὶ

88 2878 132 2967 μὴ
144 2878 404 2960 ἀντιτυποῦντος
417 2891 458 2969 τῇ
469 2881 571 2971 ὁπλῇ·
593 2881 713 2950 ἀπαντι
728 2892 813 2970 γοῦν
828 2885 902 2951 τότε
914 2891 1032 2969 χρῆται
1044 2888 1089 2971 τῷ

88 2976 204 3068 δρόμφ
223 2981 277 3046 καὶ
293 2976 374 3047 ὅλον
390 2981 524 3058 έπιδούς
538 2979 659 3048 ἑαυτὸν
675 2989 720 3071 τῷ
740 2984 829 3068 τάχει
846 2979 1019 3068 ἁμιλλᾶται
1035 2981 1091 3048 καὶ

87 3077 172 3163 πρὸς
187 3086 247 3146 τοῦ
262 3085 379 3148 πεδίου
393 3080 429 3148 τὸ
445 3083 572 3159 κάλλος.
604 3088 651 3148 11.
669 3079 687 3149 ὁ
705 3084 739 3150 δὲ
754 3080 840 3160 τασδς
854 3075 933 3167 ἦρος
949 3081 1090 3170 ἀρχομέ-

88 3206 151 3248 νου
165 3177 251 3262 πρδς
264 3181 409 3266 λειμῶνά
424 3206 499 3247 τινα
514 3181 641 3264 ἐλθόν,
663 3179 763 3248 ὁπότε
779 3182 884 3248 καὶτὰ
900 3179 988 3267 ἀνθη
1004 3179 1090 3263 πρό-

88 3300 172 3346 εισιν
190 3275 231 3345 οὐ
247 3279 466 3363 ποθεινότερα
483 3287 625 3364 μάλλον,
649 3276 732 3345 ἀλλά
751 3281 804 3346 καὶ
822 3277 865 3355 δις
880 3275 923 3344 ἀν
938 3289 1024 3346 εἴποι
1040 3305 1090 3355 τις

87 3373 301 3460 ἀνθηρότερα
318 3378 372 3443 καὶ
386 3373 444 3454 τάς
458 3375 568 3462 βαφάς
581 3375 817 3460 καθαρώτερα,
834 3376 907 3442 τότε
922 3378 976 3444 καὶ
991 3367 1089 3452 οὗτος

86 3472 267 3551 ἐκπετάσας
280 3469 320 3539 τά
331 3471 434 3556 πτερά
447 3475 501 3541 καὶ
513 3471 684 3552 ἀναδείξας
695 3479 741 3559 τῷ
752 3471 832 3561 ἡλίῳ
843 3474 897 3540 καὶ
908 3471 969 3558 τὴν
980 3467 1089 3555 οὐράν
