2625 4092
390 309 511 367 ΠΕΡΙ
528 309 826 370 ΠΑΡΑΣΙΤΟΤ.
1069 309 1110 370 45

189 474 288 535 ΠΛΡ.
307 466 430 551 Αὐτόν,
447 460 474 534 τό
488 468 646 553 Τυχιάδη,
661 465 722 534 τὸν
730 469 922 553 Πάτροκλον
940 469 992 537 ὄτι
1003 471 1112 555 παρά-

104 587 195 645 σιτος
208 560 267 653 ἦν,
284 568 424 653 λέγοντά
439 586 492 634 σοι
507 568 697 651 παρέξομαι.

194 673 290 734 ΤΓΧ.
312 663 494 751 Θαυμαστὰ
512 665 625 749 λέγεις.

191 773 289 833 ΠΛΡ.
303 763 424 831 ”Ακουε
440 771 557 831 τοίνυν
571 760 685 830 αὐτῶν
700 769 768 829 τῶν
782 765 887 830 ἐπάν

158 861 213 950 ,μὴ
229 860 290 948 ἐμά
302 869 373 930 σάν
389 861 561 928 ἀπάνευθε
576 861 756 946 τιθήμεναι
772 859 878 947 ὀστέ,
890 859 1048 948 Ἀχιλλεῦ,

171 962 246 1033 ἀλλ’
266 961 367 1049 ὁμοῦ,
386 961 430 1040 ἀς
443 961 634 1048 ἐτράφημεν
650 964 688 1028 έν
700 958 889 1046 ὑμετέροισι
904 961 1045 1047 δόμοισι.

106 1067 162 1132 καὶ
181 1063 284 1132 πάλιν
311 1060 459 1149 ὑποβάς,
488 1067 546 1129 καί
569 1111 590 1146 ,,
599 1087 639 1146 με
667 1062 890 1146 δεξάμενοςίῑ,
916 1068 1036 1146 φησίν,
1065 1059 1111 1146 ,,ὁ
1168 1095 1171 1101 ’

107 1159 264 1248 Πηλεὺς(

171 1265 310 1343 ἔτρεφεν
322 1259 486 1336 ἐνδυκέως
502 1257 557 1324 καὶ
572 1254 634 1324 σὸν
648 1254 832 1339 θεράποντ’
850 1254 1006 1343 ὀνόμηνε,

105 1358 256 1424 τουτέστι
269 1355 455 1436 παράσιτον
470 1352 564 1438 εἶχεν.
590 1361 620 1422 εί
634 1356 697 1440 μὲν
710 1361 827 1423 τοίνυν
844 1360 944 1439 φίλον
955 1355 1110 1441 ἐβούλετο

105 1452 167 1522 τόν
187 1452 385 1535 Πάτροκλον
407 1455 533 1539 λέγειν,
557 1450 620 1519 οὐκ
640 1447 685 1518 ἀν
706 1449 811 1521 αὐτόν
836 1449 984 1538 ὠνόμαζε
1005 1454 1112 1537 θερά-

106 1577 231 1620 ποντα·
250 1552 429 1635 ἐλεύθερος
440 1549 504 1635 γάρ
516 1545 559 1635 ἦν
570 1548 587 1616 ὁ
600 1551 802 1631 Πάτροκλος.
825 1557 917 1628 τίνας
926 1558 1044 1618 τοίνυν
1055 1552 1112 1619 λέ-

107 1675 159 1735 γει
179 1645 259 1727 τοάς
278 1648 506 1734 θεράποντας,
528 1654 557 1715 εί
572 1647 652 1734 μήτε
668 1645 747 1724 τούς
767 1647 911 1724 δούλους
930 1647 1011 1734 μήτε
1032 1643 1111 1725 τοὺς
1129 1661 1182 1718 878

107 1755 245 1833 φίλους;
266 1746 344 1826 τούς
360 1753 562 1830 παρασίτους
583 1751 686 1832 δῆλον
699 1743 766 1812 ὅτι·
792 1737 884 1831 ᾗκαὶ
897 1741 959 1811 τόν
976 1743 1112 1830 Μηριό-

106 1872 172 1932 νην
185 1852 246 1912 τοῦ
258 1841 444 1931 Ἰδομενέως
455 1847 508 1912 καὶ
521 1841 625 1911 αὐτὸν
635 1843 832 1926 θεράποντα
844 1837 1006 1926 ὀνομάζει.
1030 1840 1112 1909 σκό-

106 1969 162 2010 πει
177 1941 213 2010 δὲ
229 1940 280 2010 ότι
295 1945 349 2010 καὶ
360 1945 508 2011 ἐνταῦθα
523 1939 582 2008 τὸν
596 1941 658 2028 μὲν
669 1938 833 2025 Ἰδομενέα
843 1939 927 2018 Διὸς
941 1938 1022 2006 όντα
1033 1937 1111 2008 υίόν

106 2036 171 2106 οάιι
192 2037 281 2119 ἀξιοί
296 2043 406 2126 λέγειν
422 2038 632 2126 ,ἀτάλαντον
642 2037 779 2124 ’Ἀρηί“,
802 2038 984 2126 Μηριόνην
999 2043 1034 2106 δὲ
1051 2035 1111 2106 τόν

107 2137 293 2219 παράσιτον
307 2135 421 2206 αὐτοῦ.
444 2144 496 2207 48.
510 2145 545 2206 τί
557 2142 606 2214 δίς
630 2133 703 2221 οάχί
718 2139 772 2204 καί
787 2134 1035 2222 Ἀριστογείτων
1049 2140 1111 2221 δη-

106 2231 242 2320 μοτικός
258 2229 306 2300 ἀν
320 2236 374 2301 καὶ
390 2236 506 2320 πένης,
526 2233 636 2317 ὥσπερ
653 2237 864 2319 Θονκυδίδης
879 2241 978 2319 φησί,
1000 2231 1112 2316 παρά-

106 2352 197 2409 σιτος
216 2325 260 2416 ἦν
274 2329 469 2419 Ἀρμοδίου;
490 2340 525 2402 τί
539 2335 577 2399 δέ
582 2359 591 2412 ;
616 2329 688 2417 οὐχὶ
702 2334 758 2399 καὶ
778 2332 932 2417 έραστής,
961 2334 1112 2408 ἐπιεικῶς

105 2426 172 2515 γάρ
188 2433 222 2496 οί
233 2429 409 2512 παράσιτοι
424 2433 479 2498 καὶ
490 2431 623 2513 ἐρασταὶ
638 2437 707 2496 τῶν
719 2429 916 2513 τρεφόντων
931 2434 1024 2498 είσίν.
1051 2419 1113 2496 οὗ·

106 2551 164 2603 τος
177 2533 293 2593 τοίνυν
308 2527 410 2595 πάλιν
426 2525 444 2594 ὁ
459 2528 639 2612 παράσιτος
656 2525 718 2612 τὴν
735 2525 923 2612 Ἀθηναίων
937 2526 1037 2595 πόλιν
1051 2552 1112 2592 τυ-

107 2627 342 2709 ραννουμένην
363 2629 408 2702 είς
428 2628 624 2709 ἐλευθερίαν
642 2623 812 2711 ἀφείλετο,
839 2627 893 2692 καὶ
913 2632 979 2691 νῦν
996 2627 1112 2710 ’ἕστηκε

106 2728 252 2807 χαλκοῦς
267 2724 304 2788 έν
320 2730 360 2810 τῇ
377 2719 485 2810 ἀγορᾷ
498 2720 580 2808 μετά
595 2729 664 2788 τῶν
676 2725 850 2788 παιδικῶν.
875 2714 968 2788 οὗτοι
982 2722 1043 2806 μὲν
1058 2722 1111 2805 δή,

106 2821 230 2886 τοιοίδε
244 2815 354 2904 ὄντες,
370 2819 546 2901 παράσιτοι
561 2812 656 2905 ἦσαν.
680 2824 732 2886 49.
747 2815 791 2885 οὐ
805 2818 841 2886 δὲ
860 2817 960 2885 ποῖόν
973 2843 1048 2886 τινα
1064 2825 1112 2885 εί-

106 2916 215 2998 κάζεις
226 2919 262 2984 ἐν
273 2921 405 3008 πολέμῳ
415 2915 477 2984 τόν
490 2919 691 3001 παράσιτον;
710 2913 783 3001 οάχὶ
794 2923 927 2999 πρῶτον
939 2911 1029 3000 μένὸ
1040 2942 1111 2981 τοι-

107 3021 206 3091 οὗτος
217 3011 557 3100 ἀριστοποιησάμενος
567 3021 687 3096 ἔξεισιν
697 3017 749 3082 ἐπὶ
759 3011 822 3099 τὴν
836 3013 1030 3098 παράταξιν,
1049 3041 1110 3080 κα-

105 3112 219 3192 θάπερ
233 3115 288 3180 καὶ
301 3110 325 3180 ὁΙ
334 3109 512 3192 Ὀδυσσεὺς
524 3111 626 3193 ἀξιοῖς
649 3109 692 3179 οὐ
706 3109 771 3197 γὰρ
785 3107 858 3178 ἀλλ’
875 3108 917 3180 ὃν
928 3113 965 3177 έν
979 3116 1110 3199 πολέμῳ
1127 3123 1182 3180 8⁷4

106 3208 276 3294 μάχεσθαί
287 3231 392 3294 φησιν
407 3211 565 3294 ἑστιάσει,
585 3215 615 3278 εί
625 3209 680 3278 καὶ
691 3206 797 3286 εὐθὺς
811 3207 879 3294 άμα
890 3211 934 3298 ἕφ
945 3208 1110 3296 μάχεσθαι

106 3309 193 3374 δέοι·
223 3309 277 3374 καὶ
298 3303 338 3374 ὃν
354 3306 449 3375 ἀλλοι
465 3315 662 3390 στρατιῶται
677 3305 802 3394 χρόνον
822 3304 887 3375 ἀπὸ
904 3305 1031 3388 δέουςὸ
1049 3312 1111 3394 μέν

105 3429 157 3482 τις
171 3401 316 3491 ἀκριβῶς
329 3403 463 3491 ἁρμόζει
476 3404 513 3473 τό
528 3405 668 3487 κράνος,
683 3401 750 3472 ὁδε
762 3405 937 3489 θωράκιον
948 3404 1111 3490 ἐνδύεται,

106 3497 125 3566 ὁ
147 3501 184 3566 δὲ
207 3498 293 3568 αὐτὰ·
311 3500 348 3571 τὸ
372 3499 486 3570 δεινὸν
510 3501 710 3570 ὑποπτεύων
730 3509 792 3569 τοῦ
819 3505 967 3589 πολέμου
989 3507 1110 3588 τρέμει,
