2625 4092
244 299 308 362 320
597 305 902 367 ΛΟΥΚΙΛΝΟΤ

245 461 380 528 έάσουσι
394 458 431 528 τύ
443 463 631 547 συμπόσιον
644 462 746 548 εἶναι,
761 463 836 532 ἀλλ’
854 469 891 532 ἐν
900 468 1024 551 μύθοις
1035 487 1256 553 συμποτικοῖς·

244 559 299 624 καὶ
316 556 512 643 σκώμμασιν
526 557 728 645 ἀνεπαχθέσι
742 566 796 629 καὶ
807 568 1077 649 φιλοφροσύναις
1086 576 1244 647 ποικίλαις

244 659 458 739 συνέσονται,
482 651 548 725 οἷαι
561 655 692 741 ἥδισται
706 664 886 746 διατριβαί,
909 669 1003 746 φίλαι
1014 665 1077 747 μὲν
1089 667 1245 755 Διονύσφ

242 755 298 822 καὶ
312 750 504 842 Ἀφροδίτῃ,
526 763 620 839 φίλαι
637 755 674 822 δὲ
686 757 845 839 Χάρισιν,
866 763 976 825 ἔπειτα
991 763 1028 826 δὲ
1042 761 1129 844 πρὸς
1143 762 1245 828 ἀπαν-
1286 796 1287 839 χ

242 877 300 930 τας
316 853 349 928 ές
368 854 429 938 τήν
444 848 622 934 ὑστεραίαν
644 855 859 939 διηγούμενοι
880 853 977 940 ὑμῶν
996 855 1057 944 τὴν
1081 862 1245 946 δεξιότητι

243 958 414 1034 φιλεῖσθαι
424 951 727 1033 παρασκευάσουσι.
750 959 995 1021 ταῦταπολλού
1009 963 1177 1038 πρίασθαι
1191 985 1244 1023 κα-

242 1056 309 1125 λιᾶς
327 1043 421 1131 εἶχεν.
451 1053 503 1115 35.
521 1051 590 1117 ἐπεὶ
608 1050 767 1134 ἐρήσομαι
785 1046 885 1135 ὑμᾶς,
903 1058 933 1119 εί
944 1053 1085 1136 μύοντες
1099 1059 1136 1122 οί
1149 1058 1246 1138 πένη-

243 1171 296 1223 τες
310 1149 474 1231 βαδίζοιεν
491 1187 527 1198 -
542 1145 752 1231 ύποθωμεθα
770 1145 836 1232 γάρ
852 1145 958 1227 οὕτως
969 1188 1012 1202 -
1027 1148 1090 1217 ούκ
1105 1147 1153 1217 ἀν
1167 1150 1245 1237 ὑμᾶς

243 1241 380 1330 ἠνίασεν
392 1242 454 1313 ούιι
463 1252 597 1330 ἔχοντας
607 1241 655 1322 οἷς
665 1249 885 1325 έπιδείξοιισθε
894 1244 952 1325 τὰς
961 1245 1138 1332 ἁλουργεῖς
1148 1252 1245 1331 ἐσθη-

243 1369 300 1419 τας
311 1345 365 1410 καὶ
377 1349 445 1410 τῶν
460 1341 744 1411 ἀκολουθούντων
758 1342 795 1411 τύ
807 1351 937 1428 πλῆθος
950 1339 972 1429 ἢ
983 1351 1049 1411 τῶν
1060 1349 1244 1412 δακτυλίων

243 1439 280 1507 τύ
294 1443 452 1524 μέγεθος;
474 1443 516 1508 ἐῶ
533 1445 641 1525 λέγειν
659 1441 703 1520 ὡς
724 1443 779 1509 καὶ
793 1439 973 1527 έπιβουλάς
988 1444 1043 1508 καὶ
1059 1451 1143 1528 μίση
1162 1443 1246 1524 παρὰ

242 1547 310 1606 τῶν
325 1540 478 1624 πενήτων
490 1538 674 1625 ἀναγκαῖον
690 1543 882 1626 ἐγγίνεσθαι
897 1538 981 1623 πρὸς
997 1538 1101 1626 ὑμᾶς,
1124 1539 1172 1626 ἢν
1190 1540 1246 1625 μύ-

243 1663 296 1704 νοι
318 1645 452 1721 τρυφᾶν
473 1641 624 1724 ἐθέλητε·
652 1636 675 1704 ἀ
698 1634 843 1723 μὲνγὰρ
864 1636 1026 1716 εὔξασθαι
1045 1637 1133 1705 καθ’
1154 1637 1246 1724 ὑμῶν

243 1732 454 1819 ἀπειλοῦσιν,
472 1735 696 1819 ἀποτρόπαια,
715 1736 797 1822 μηδὲ
810 1739 939 1821 γένοιτο
954 1741 1001 1814 είς
1016 1733 1175 1821 ἀνάγκην
1189 1734 1246 1801 αύ-

241 1831 320 1912 τούς
331 1842 531 1919 καταστῆναι
541 1844 598 1921 τῆς
609 1835 721 1922 εὐχῆς·
734 1840 804 1904 ἐπεὶ
815 1834 891 1904 ούτε
900 1833 1073 1903 ἀλλάντων
1082 1837 1247 1921 γεύσεσθε

243 1929 319 1998 ούτε
337 1940 543 2010 πλακοῦντος
556 1929 578 2018 ἢ
595 1943 628 2002 εί
638 1961 669 2000 τι
683 1942 843 2012 λείψανον
857 1941 913 2018 τῆς
929 1934 1047 2017 κυνός,
1068 1931 1201 2020 ἡφακῆ
1216 1936 1247 2001 δὲ

174 2043 225 2098 415
244 2027 324 2114 ὑμῖν
336 2032 504 2116 σαπέρδην
522 2033 714 2117 ἐντετηκότα
729 2034 809 2111 ἕξει,
825 2023 865 2109 ὗς
879 2029 916 2097 δὲ
929 2034 983 2098 καὶ
997 2037 1122 2115 ἔλαφος
1139 2028 1247 2098 ὀπτω-

240 2151 337 2213 μενοι
353 2127 475 2211 μεταξύ
496 2128 646 2215 δρασμὸν
666 2129 910 2217 βουλεύσουσιν
930 2131 966 2194 ἐκ
982 2136 1043 2194 τοῦ
1065 2125 1245 2195 ὀπτανείου

242 2227 274 2303 ές
294 2221 331 2291 τύ
354 2223 447 2310 ὅρος,
470 2229 524 2295 καὶ
542 2228 634 2311 ὅρνις
653 2228 762 2301 υύττα
782 2232 1012 2293 κατατείνασαι
1031 2224 1174 2308 ἀπτεροι
1199 2227 1248 2296 καὶ

243 2322 341 2401 αὗται
351 2328 432 2415 παρ’
449 2327 570 2409 αύτούς
578 2327 656 2409 τούς
666 2331 810 2417 πένητας
820 2330 1073 2417 έκπετησονται·
1086 2329 1127 2398 τδ
1138 2331 1179 2399 δὲ
1190 2331 1244 2418 μέ·

243 2454 368 2522 γιστον,
385 2435 421 2501 ol
430 2428 626 2521 ἀραιότατοι
638 2437 707 2500 τῶν
721 2432 882 2517 οἰνοχόων
896 2434 1062 2519 φαλακροὶ
1076 2434 1115 2500 ἐν
1129 2429 1247 2518 ἀκαρεῖ
1288 2424 1289 2447 ³

242 2541 304 2605 τού
321 2533 444 2623 χρόνον
464 2530 545 2622 ύμῖν
567 2533 779 2622 γενήσονται,
803 2535 858 2601 ἐπὶ
871 2533 1045 2620 κατεαγότι
1063 2535 1122 2601 καὶ
1143 2539 1245 2601 ταῦτα

242 2667 289 2706 τιι
303 2635 457 2725 ἀμφορεί.
485 2634 566 2724 πρὸς
578 2635 659 2703 τάδε
673 2632 879 2721 βουλεύεσθε
892 2631 915 2703 ἀ
927 2637 984 2702 καὶ
996 2641 1037 2722 τῇ
1052 2638 1154 2722 ἑορτῇ
1166 2636 1244 2722 πρέ·
1288 2666 1289 2693 ι

244 2766 349 2808 ποντα
359 2736 482 2825 γένοιτ’
497 2733 540 2807 ἀν
562 2739 618 2805 καὶ
632 2733 714 2825 ύμῖν
727 2733 975 2823 ἀσφαλέστατα,
996 2738 1051 2804 καὶ
1066 2740 1244 2824 ίπιιιουφί·

244 2851 313 2925 ζετε
334 2838 461 2928 πολλὴν
480 2838 542 2929 τὴν
565 2847 686 2908 πενίαν
707 2835 821 2918 αύτοῑς
838 2835 897 2907 ἀπ’
913 2835 1029 2925 ὀλίγον
1048 2842 1245 2927 τελέσματος

245 2949 363 3030 φίλους
376 2938 417 3011 ού
431 2940 599 3030 μεμπτούς
613 2943 751 3023 ἕξοντες.

644 3113 850 3122 -.—-——

732 3235 764 3295 4.

328 3358 380 3420 36.
413 3352 463 3414 Ol
483 3351 679 3418 πλούσιοι
700 3350 917 3442 τηλΚρόνιι
939 3354 1123 3435 χαίρειν.
1156 3345 1247 3436 Πρὸς

245 3442 310 3532 γάρ
330 3445 367 3512 σε
386 3457 450 3516 οίει
470 3448 574 3534 μόνον
587 3447 653 3518 ύπὸ
667 3457 735 3519 τῶν
753 3451 906 3538 πενήτιιν
918 3453 1023 3518 ταῦτα
1041 3450 1246 3539 γεγράφθαι,

247 3537 413 3633 ύΚρύνε,
428 3545 501 3636 οὐχὶ
516 3550 553 3618 δὲ
567 3552 622 3618 καὶ
637 3547 654 3619 ὁ
669 3549 754 3632 Ζεύς
767 3551 831 3641 ἤδη
844 3549 1075 3639 ε’κκειιύφηται
1090 3550 1171 3640 πρὸς
1182 3546 1245 3620 κύ·
1288 3620 1289 3633 χ
