2625 4092
406 310 753 370 ΦΙΛΟΨΕΤΔΗΣ.
1021 306 1082 372 115

71 468 159 546 ὅλως
180 466 264 537 εἰναι
278 466 317 537 τά
338 476 474 535 τοιαῦτα
493 467 571 537 ούδλ
591 478 792 536 συνεστῶτα·
803 466 948 554 ὁρᾶσθαι
969 478 1083 538 οἰετατ.

71 572 126 633 30.
144 573 223 645 Πῶς
236 561 393 653 λέγεις,ή
411 566 443 635 δ’
462 562 499 646 δς
513 564 531 635 ό
544 564 757 652 Ἀρίγνωτος,
776 568 878 652 δριμύ
892 564 1022 635 άπιδάν
1038 574 1084 646 εἰς

74 665 146 749 ἐμέ,
163 662 263 732 ούδέν
278 684 332 732 σοι
348 664 477 731 τούτων
492 670 669 749 γίγνεσθαι
684 667 790 749 δοκεῖ,
807 667 861 731 καὶ
876 672 980 731 ταῦτα
995 666 1083 731 πάν-

73 786 159 845 των,
182 759 226 840 ὡς
240 767 361 848 εἰπεῖν,
385 759 564 844 όροίντωνς
588 758 871 848 Ἀπολελόγησθε,
894 754 937 847 ήν
957 760 988 828 δ’
1007 761 1082 846 ἐγώ,

75 855 161 938 ὑπὲρ
183 861 281 945 ἐμοῦ,
312 866 341 927 εἰ
353 857 398 944 μή
417 860 579 941 πιστεύω,
603 858 685 926 διότι
706 858 788 945 μηδὲ
808 855 876 945 ὁρῶ
897 859 999 945 μόνος
1015 864 1084 926 τῶν

73 954 205 1024 ἄλλων·
239 961 269 1024 εἰ
282 956 317 1025 δὲ
339 958 470 1043 ἕύρων,
493 960 547 1024 καί
563 960 737 1025 ἐπίστευον
759 952 803 1023 άν
823 954 949 1043 δηλαδή
972 954 1083 1039 ὥσπερ

74 1051 177 1138 ὑμεῖς.
197 1052 311 1138 Ἀλλά,
327 1047 349 1141 ή
362 1052 394 1121 δ’
407 1053 459 1139 ὅς,
475 1054 518 1141 ήν
532 1079 611 1121 ποτε
623 1057 656 1131 ἐς
669 1055 845 1138 Κόρινθον
855 1061 973 1144 έλθης,
992 1058 1082 1138 ἐροῦ,

74 1158 160 1219 ἔνθα
183 1154 270 1219 έστίν
287 1148 307 1239 ἡ
322 1150 512 1239 Εὐβατίδου
534 1158 637 1236 οἰκία,
658 1154 713 1219 καί
734 1152 870 1218 ἐπειδάν
890 1172 944 1219 σοι
965 1156 1082 1238 δειχθή

74 1246 165 1331 παρά
179 1247 216 1316 τὸ
234 1250 417 1335 Κράνειον,
442 1246 623 1333 παρελθόν
638 1252 670 1327 ἐς
686 1250 813 1335 ταύτην
833 1252 907 1335 λέγε
922 1248 1006 1334 πρός
1023 1246 1083 1317 τόν
1096 1263 1129 1318 57

74 1345 239 1432 θυρωρόν
256 1354 387 1436 Τίβιον,
410 1344 454 1425 ὡς
473 1350 601 1426 ἐθέλοις
616 1352 701 1416 ἰδεῖν
724 1346 809 1416 ὅθεν
825 1345 885 1415 τόν
905 1352 1048 1433 δαίμονα
1064 1343 1082 1413 ό

73 1443 315 1531 Πυθαγορικός
324 1444 520 1531 Ἀρίγνωτος
534 1444 699 1527 ἀνορύξας
716 1445 866 1532 ἀπήλασε
879 1448 934 1515 καὶ
947 1445 1030 1530 πρὸς
1045 1471 1081 1512 το

75 1540 196 1611 λοιπόν
211 1549 373 1611 οἰκεῖσθαι
388 1542 450 1628 τήν
462 1549 569 1611 οἰκίαν
582 1547 724 1631 ἐποίησε.
746 1550 797 1614 31.
817 1551 859 1613 Τί
869 1544 904 1611 δὲ
918 1550 1016 1611 τοῦτο
1028 1536 1082 1630 ἦν,

77 1634 306 1728 εόἈρίγνωτες
334 1640 432 1728 ήρετο
448 1638 465 1710 ό
479 1640 664 1729 Εὐκράτης.
692 1641 856 1731 Ἀοίκητος
867 1638 927 1731 ἦν,
944 1636 967 1731 ή
985 1639 1017 1710 δ’
1035 1640 1082 1725 ὅς,

75 1744 113 1808 ἐκ
131 1747 259 1808 πολλοῦ
274 1737 340 1808 ὑπό
356 1739 536 1826 δειμάτων,
553 1747 583 1809 εἰ
598 1747 636 1809 δέ
648 1769 696 1820 τις
708 1743 889 1829 οἰκήσειεν,
908 1738 1044 1820 εύθύςέ
1064 1780 1083 1792 -

76 1838 212 1922 πλαγελς
228 1842 370 1923 ἔφευγεν
390 1840 581 1923 ἐκδιωχθεὶς
595 1836 663 1905 ὑπό
679 1865 769 1917 τινος
789 1846 939 1925 φοβεροῦ
952 1841 1006 1906 καὶ
1023 1865 1082 1905 τα-

76 1935 250 2019 ραχώδους
269 1936 448 2020 φάσματος.
483 1938 684 2003 συνέπιπτεν
703 1930 768 2004 ούν
783 1934 847 2023 ήδη
869 1938 923 2005 καὶ
943 1934 963 2023 ἡ
985 1938 1082 2023 στέγη

75 2033 244 2117 κατέρρει,
261 2036 316 2101 καί
327 2032 414 2113 ὅλως
428 2033 538 2114 οὐδεὶς
547 2027 591 2122 ήν
607 2032 624 2101 ό
640 2037 825 2122 θαρρήσων
840 2043 1023 2118 παρελθεῖν
1038 2040 1084 2110 εἰς
1170 2026 1179 2045 ’

75 2128 192 2217 αύτήν.
226 2128 290 2216 έγά
310 2130 346 2199 δέ
365 2134 434 2201 ἐπεὶ
454 2138 557 2199 ταῦτα
573 2132 718 2219 ἥκουσα,
739 2131 797 2211 τάς
817 2141 953 2221 βίβλους
970 2130 1083 2219 λαβών

77 2270 114 2277 -1
133 2228 195 2295 εἰσὶ
211 2231 251 2295 δέ
262 2254 318 2315 μοι
331 2230 509 2316 Αἰγύπτιαι
520 2230 608 2315 μάλα
624 2233 743 2299 πολλαὶ
755 2232 830 2313 περὶ
843 2239 910 2298 τῶν
923 2231 1085 2298 τοιούτων

75 2368 117 2377 -
129 2317 214 2410 ήκου
228 2330 261 2406 ές
276 2326 338 2414 τήν
353 2334 462 2398 οἰκίαν
479 2333 553 2415 περὶ
569 2338 702 2412 πρῶτον
715 2329 826 2398 ύπνον
840 2328 1084 2414 ἀποτρέποντος

74 2432 137 2494 τοῦ
153 2427 252 2505 ξένον
264 2429 317 2494 καί
328 2426 437 2514 μόνον
452 2426 514 2496 ούκ
527 2431 857 2516 ἐπιλαμβανομένου,
873 2432 941 2497 ἐπεὶ
957 2435 1083 2515 έμαθεν

75 2521 110 2593 οἷ
117 2528 292 2612 βαδίζοιμι,
304 2530 349 2603 εἰς
359 2519 533 2610 προῦπτον
543 2530 658 2611 κακόν,
671 2527 715 2607 ὡς
725 2528 815 2619 ᾤετο.
838 2526 901 2615 ἐγά
914 2528 949 2596 δέ
961 2526 1084 2611 λύχνον
1165 2591 1167 2594 .

76 2620 192 2710 λαβάν
213 2622 316 2708 μόνος
339 2628 542 2711 εἰσέρχομαι,
569 2631 623 2693 καί
644 2633 681 2693 ἐν
703 2635 749 2718 τῷ
769 2636 910 2716 μεγίστῳ
932 2627 1084 2711 οἰκήματι

75 2724 235 2799 καταθεὶς
250 2719 287 2788 τό
305 2730 378 2807 φῶς
397 2721 646 2809 ἀνεγίγνωσκον
663 2722 771 2811 ἡσυχῆ
787 2729 886 2809 χαμαὶ
903 2725 1084 2807 καθεζόμε-

75 2848 150 2900 νος·
179 2823 348 2906 ἐφίσταται
364 2820 432 2891 δέό
455 2827 582 2909 δαίμων
596 2825 650 2890 ἐπί
664 2850 738 2890 τινα
756 2829 824 2890 τῶν
839 2831 973 2890 πολλῶν
988 2820 1083 2907 ήκειν

76 2928 222 3007 νομίζων
236 2925 289 2989 καὶ
302 2926 489 3003 δεδίξεσθαι
501 2919 583 3008 κάμέ
595 2926 734 3003 έλπιζων
749 2920 859 3005 ὥσπερ
873 2920 951 2999 τούς
963 2920 1085 2998 ἄλλους

77 3017 248 3105 αύχμηρός
266 3022 320 3087 καὶ
336 3020 480 3107 κομήτης
495 3024 549 3088 καὶ
562 3021 763 3107 μελάντερος
777 3028 838 3087 τοῦ
853 3021 974 3105 ζόφου,
996 3022 1050 3087 καὶ
1066 3016 1083 3086 ό

76 3121 139 3204 μὲν
157 3115 292 3197 ἐπιστάς
308 3120 461 3202 ἐπειρᾶτό
480 3145 545 3204 μου
560 3121 774 3204 πανταχόθεν
793 3119 1030 3205 προσβάλλων,
1056 3125 1089 3185 εἰ

76 3228 189 3285 ποθεν
213 3218 402 3303 κρατήσειε,
430 3220 484 3286 καί
506 3217 580 3301 άρτι
605 3218 667 3303 μὲν
690 3218 784 3285 κύων
808 3216 881 3300 άρτι
906 3219 941 3284 δέ
963 3224 1084 3300 ταῦρος

75 3317 277 3403 γιγνόμενος
299 3310 320 3401 ή
339 3318 433 3383 λέων.
468 3314 531 3401 ἐγώ
554 3318 589 3383 δέ
610 3317 903 3401 προχειρισάμενος
922 3315 984 3402 τήν
1005 3343 1084 3402 φρι-

76 3417 290 3499 κωδεστάτην
310 3417 485 3500 ἐπίρρησιν
502 3417 726 3500 αἰγυπτιάζων
743 3423 782 3503 τή
799 3420 897 3502 φωνή
913 3415 1083 3499 συνήλασα

76 3517 234 3583 κατάδων
254 3512 357 3582 αύτδν
377 3524 424 3591 είς
444 3540 520 3580 τινα
541 3518 670 3594 γωνίαν
691 3520 865 3580 σκοτεινοῦ
889 3514 1080 3598 οἰκήματος

932 3606 944 3635 Ψ

892 3608 912 3669 8
