2625 4092
442 262 760 323 ΑΝΑΧΑΡΣΙΣ..
1056 259 1097 320 65

82 448 278 507 τρέποιντο,
300 420 352 490 ἐπ’
372 425 482 491 ἐκεῖνα
499 421 535 489 δὲ
554 421 743 491 σπεύδοιεν.
771 439 843 514 τοῖς
865 427 904 492 δέ
922 450 960 512 γε
979 445 1099 511 κωμητ·

81 526 156 597 δοῐς
172 534 227 588 καί
248 517 482 589 ἀποσκώπτειν
503 523 558 588 καὶ
573 525 802 603 λοιδορεῖσθαι
815 525 952 608 ἐφίεμεν
967 522 1000 597 ἐς
1020 515 1099 594 τούς

82 612 222 697 πολίτας
231 616 291 697 οὓς
301 615 344 686 ἀν
355 618 472 706 αίσχρά
483 620 536 687 καὶ
549 618 667 697 ἀνάξια
678 625 735 704 τῆς
745 619 873 698 πόλεως
883 616 1099 705 ἐπιτηδεύον-

83 744 145 797 τας
161 727 364 802 αίσθωνται,
388 716 501 785 αὐτῶν
516 745 551 784 τε
568 719 707 784 ἐκείνων
723 719 838 803 χάριν,
861 715 1019 804 ἀμείνους
1034 709 1098 798 γάρ

84 814 177 883 οὕτω
194 823 365 901 γίγνονται
381 814 627 902 ὀνειδιζόμενοι,
644 817 782 885 καὶτῶν
792 824 938 901 πολλῶν,
955 813 998 892 ῶς
1013 838 1097 899 φευ-

85 938 182 1000 γοιεν
197 910 257 979 τὸν
273 917 325 980 ἐπὶ
339 928 407 993 τοῖς
423 911 549 1000 ὁμοίοις
567 919 709 997 ἔλεγχον.

172 1016 222 1078 23.
241 1019 376 1080 ANAX.
399 1009 520 1093 Εἶδον,
537 1004 714 1097 ῶΣόλων,
731 1008 790 1089 ούς
806 1008 871 1096 φης
880 1007 958 1087 τούς
969 1034 1099 1101 τραγῳ-

85 1109 171 1190 δούς
187 1114 241 1179 καὶ
255 1114 455 1201 κωμῳδούς,
473 1121 506 1178 εί
517 1137 553 1196 γε
566 1114 692 1179 ἐκεῖνοί
701 1118 802 1195 είσιν,
823 1109 1021 1198 ὑποδήματα
1037 1110 1100 1196 μὲν

86 1212 193 1298 βαρέα
207 1212 262 1277 καλ
278 1207 390 1297 ὑψηλά
407 1207 663 1294 ὑποδεδεμένοι,
684 1223 822 1293 χρυσαῖς
836 1211 872 1276 δέ
885 1216 1027 1287 ταινίαις
1037 1206 1099 1295 τὴν

84 1314 216 1395 ἐσθῆτα
232 1311 500 1393 πεποικιλμένοι,
525 1308 633 1393 κράνη
649 1308 685 1375 δὲ
702 1310 903 1392 ἐπικείμενοι
918 1311 1099 1394 παγγέλοια

87 1407 250 1493 κεχηνότα
265 1412 493 1494 παμμέγεθες,
510 1402 605 1473 αὐτοὶ
623 1406 660 1472 δὲ
677 1410 820 1472 ἔνδοθεν
836 1406 962 1493 μεγάλα
979 1432 1015 1472 τε
1026 1408 1099 1472 έκε-

86 1505 258 1589 κράγεσαν
272 1509 326 1573 καὶ
348 1509 519 1592 διέβαινον
535 1501 597 1571 οὐκ
614 1501 678 1571 οἷδ’
698 1502 789 1581 ὅπως
807 1502 965 1590 ἀσφαλῶς
981 1508 1017 1571 έν
1032 1518 1100 1581 τοῖς

86 1601 290 1689 ὑποδήμασι.
324 1606 484 1693 Διονύσῳ
502 1603 538 1671 δὲ
563 1602 652 1688 οίμαι
674 1604 748 1671 τότε
773 1601 906 1688 ἡπόλις
927 1605 1097 1686 ἑῶρταζεν.

85 1708 124 1770 οἱ
139 1700 175 1769 δὲ
190 1705 344 1791 κωμῳδοὶ
359 1704 557 1789 βραχύτεροι
573 1702 635 1788 μὲν
647 1705 786 1769 ἐκείνων
799 1706 853 1769 καὶ
869 1707 958 1785 πεζοὶ
969 1706 1024 1771 καὶ
1036 1699 1099 1769 ἀν-

88 1803 345 1885 θρωπινώτεροι
361 1804 415 1870 καὶ
430 1794 531 1887 ἦττον
545 1801 671 1888 ἐβόων,
689 1801 797 1886 κράνη
813 1800 848 1867 δέ
866 1800 953 1869 πολύ
967 1800 1099 1887 γελοιό-

87 1926 185 1985 τερα,
203 1903 257 1968 καὶ
271 1898 308 1967 τό
324 1905 469 1983 θέατρον
483 1907 568 1986 γοῦν
580 1897 672 1966 άπαν
686 1902 780 1985 ἐγέλα
792 1898 845 1967 ἐπ’
863 1898 989 1979 αὐτοῖς·
1014 1903 1098 1967 ἐκεί-

88 2026 160 2066 νων
173 1998 208 2065 δέ
223 2006 290 2065 τῶν
303 1995 442 2086 ὑψηλῶν
454 2003 651 2083 σκυθρωποὶ
663 1997 807 2077 ἀπαντες
821 1998 963 2085 ἤκουον,
980 2005 1099 2067 οίκτεί-

86 2122 223 2181 ροντες,
241 2094 347 2182 οἶμαι,
365 2096 489 2177 αύτούς
499 2101 600 2174 πέδας
610 2096 809 2182 τηλικαύτας
824 2100 1095 2183 ἐπισυρομένους.

174 2202 276 2263 ΣΟΛ.
301 2194 374 2263 Ούκ
391 2200 549 2281 ἐκείνους,
568 2190 692 2281 ῶγαθέ,
712 2194 882 2284 ᾤκτειρον,
898 2192 981 2263 άλλά
1000 2221 1098 2282 ποιη-

85 2292 147 2381 τὴς
163 2304 242 2371 ίσως
258 2291 398 2380 ἀρχαίαν
412 2294 488 2362 τινά
505 2292 686 2381 συμφοράν
704 2298 915 2362 ἐπεδείκνυτο
931 2308 998 2371 τοῖς
1014 2305 1099 2361 θεα-

86 2410 161 2473 ταῑς
177 2395 232 2461 καλ
246 2396 359 2480 ῥήσεις
371 2393 503 2478 οίκτράς
518 2394 696 2484 ἐτραγῴδει
708 2395 791 2477 πρὸς
805 2391 842 2461 τό
857 2397 1019 2478 θέατρον,
1036 2390 1096 2477 ὑφ’

89 2487 140 2563 ῶν
154 2498 186 2572 ές
202 2490 332 2576 δάκρυαΙ
347 2516 558 2563 κατεσπῶντο
575 2498 610 2562 οί
622 2491 812 2571 ἀκούοντες.
837 2490 925 2570 είκδς
940 2495 978 2559 δέ
991 2514 1028 2559 σε
1044 2494 1099 2559 καὶ

85 2591 278 2673 αὐλοῦντας
290 2597 470 2679 ἑωρακέναι
486 2594 578 2672 τινάς
594 2593 669 2660 τότε
684 2597 738 2661 καλ
753 2591 875 2670 ἀλλους
889 2592 1098 2681 συνᾴδοντας

88 2695 127 2759 ἐν
143 2692 256 2781 κύκλῳ
273 2704 489 2771 συνεστῶτας,
514 2689 588 2759 οὐδ’
606 2689 709 2775 αὐτά,
732 2684 962 2777 ῶἈυάχαρσι,
983 2688 1097 2777 ἀχρεῖα
1118 2709 1168 2762 900

84 2789 220 2880 1ᾅσματα
242 2792 297 2859 καὶ
320 2789 503 2878 αὐλήματα.
536 2791 667 2869 τούτοις
689 2788 722 2857 δ’
745 2783 809 2857 οὖν
833 2788 935 2857 ἅπασι
958 2791 1100 2866 καὶτοῖς

90 2890 255 2968 τοιούτοις
288 2891 565 2977 παραθηγόμενοι
599 2888 658 2970 τάς
689 2888 796 2975 ψυχάς
828 2886 986 2974 ἀμείνους
1020 2885 1100 2975 ἡμῖν

88 2994 270 3075 γίγνονται.

175 3093 225 3156 24.
247 3086 294 3155 Τά
310 3090 346 3156 δὲ
361 3084 401 3173 δὴ
417 3087 569 3174 σῶματα,
585 3087 667 3171 ὅπερ
686 3090 827 3174 μάλιστα
846 3089 982 3166 ἐπόθεις
996 3085 1101 3155 ἀκοῦ-

86 3209 162 3272 σαι,
179 3179 245 3255 ῶδε
256 3188 567 3274 καταγυμνάζομεν·
590 3187 820 3265 ἀποδύσαντες
830 3185 933 3272 αύτά,
947 3183 990 3264 ῶς
1000 3193 1099 3273 ἔφην,

88 3283 201 3353 οὐκέτι
212 3283 323 3355 άπαλά
335 3288 389 3355 καὶ
401 3289 514 3355 τέλεον
524 3284 702 3373 ἀσυμπαγῆ
715 3284 795 3353 ὄντα
808 3285 1016 3371 πρῶτονμὲν
1028 3287 1100 3352 ἐθί-

89 3389 157 3465 ζειν
172 3380 332 3468 άξιοῦμεν
351 3381 436 3466 πρός
457 3382 517 3451 τόν
539 3382 619 3467 ἀέρα
641 3391 909 3462 συνοικειοῦντες
926 3381 1011 3452 αὐτά
1030 3397 1101 3461 ταῖς

87 3481 193 3567 ῶραις
206 3484 373 3634 ἕκάστγᾶς,
390 3480 433 3561 ῶς
442 3483 525 3569 κη’τε
537 3486 668 3562 θάλπος
683 3488 914 3569 δυσχεραίνειν
924 3482 1005 3632 μὸητε
1017 3508 1101 3565 προς

175 3593 281 3633 ιυακιι.
343 3618 350 3631 .
