2625 4092
492 343 670 403 ΝΕΡΩΝ.
1027 346 1089 412 441

81 499 231 577 Ελλάδος
242 525 277 566 τε
288 502 343 568 καλ
355 497 491 585 Ἰσθμοῦ
500 503 643 584 Νέρωνα
654 513 789 590 ψυχροῖς
798 494 1089 596 γεωμετρήσαντα·

79 595 138 674 τάς
153 593 217 682 γάρ
231 599 406 677 θαλάσσας
419 605 589 685 ίσογαίονς
601 605 703 670 τεκαὶ
718 607 893 685 ἰσοπέδους
905 605 987 675 οἶδα.
1008 610 1090 692 φασὶ

78 693 112 762 δ’
131 692 222 783 αὐτῷ
238 699 293 764 καὶ
303 694 343 763 τά
359 698 413 764 έπί
427 705 484 783 της
493 696 616 784 Ῥώμης
631 697 841 770 όλισθαίνειν
855 703 918 790 ἥδη
934 708 987 773 καὶ
1004 704 1089 772 ὑπο-

78 793 219 862 διδόναι.
241 797 332 862 τουτὶ
344 796 398 864 καὶ
413 793 507 864 αὐτοὶ
520 795 599 882 χθὲς
612 795 777 883 ἠκούσατε
790 809 850 868 τοῦ
862 810 1097 886 προπταίσαυ-·

81 920 135 971 τος
150 891 331 980 χιλιάρχου.

163 1031 193 1091 6.
210 1029 322 1092 ΜΕΝ.
338 1021 381 1090 Ἡ
390 1021 487 1108 φωνὴ
500 1027 546 1106 δέ,
561 1026 756 1110 Μουσώνιε,
773 1024 817 1092 δι’
831 1024 874 1112 ἣν
884 1045 1093 1114 μουσομανεῖ

78 1123 134 1189 καὶ
149 1128 218 1188 τῶν
229 1119 462 1206 Ὀλυμπιάδων
477 1147 512 1188 τε
526 1123 581 1190 καλ
594 1124 786 1190 Πυθιάδων
800 1126 869 1213 ἐρᾷ,
886 1133 956 1204 πῶς
968 1133 1032 1210 ἔχει
1043 1135 1089 1215 τῷ

77 1221 251 1309 τυράννῳς
277 1227 346 1286 τῶν
359 1217 424 1305 γάρ
437 1222 563 1309 Λήμνῳ
579 1223 840 1303 προσπλεόντων
857 1227 891 1291 οί
906 1225 968 1308 μέν
982 1225 1089 1292 ἐθαό-
1107 1241 1159 1296 640

77 1324 199 1404 μαζόν,
218 1323 253 1386 οί
266 1318 303 1385 δέ
320 1323 515 1405 κατεγέλων.

167 1439 304 1501 Mora
324 1431 412 1502 Ἀλλ’
424 1434 549 1512 ἐκεῖνός
558 1459 612 1519 γε,
629 1426 894 1518 ώΜενέκρατες,
910 1432 988 1502 οῦτε
998 1444 1089 1501 θαυ-

77 1538 202 1618 μασίως
218 1537 283 1617 ἐχει
297 1541 360 1599 τοῦ
373 1535 566 1619 φθέγματος
580 1529 652 1599 οὔτ’
671 1525 715 1599 αὖ
728 1539 881 1618 γελοίως·
903 1531 924 1619 ἡ
939 1530 1004 1620 γάρ
1019 1534 1089 1618 φῦ·

76 1653 129 1708 σις
143 1627 247 1697 αῦτδν
261 1628 437 1716 ἀμέμπτως
450 1657 486 1697 τε
503 1633 557 1698 καί
572 1633 680 1717 μέσως
693 1629 829 1716 ἥρμοκε.
853 1635 1035 1716 φθέγγεται
1051 1631 1087 1700 δέ

76 1737 194 1796 κοῖλον
204 1732 266 1815 μέν
277 1731 377 1814 φύσει
389 1731 444 1796 καί
456 1729 563 1815 βαρύ,
581 1733 771 1814 ἐγκειμένης
782 1730 873 1820 αὐτῷ
884 1737 940 1815 τῆς
953 1731 1088 1815 φάρυγ-

75 1852 152 1912 γος·
181 1830 264 1913 μέλη
280 1825 311 1894 δ’
329 1826 418 1894 οὕτω
436 1828 743 1911 κατεσκευασμένης
757 1833 879 1914 βομβεῖ
892 1852 971 1905 πως.
1004 1831 1039 1896 οί
1054 1831 1093 1896 δέ

75 1950 117 2010 γε
140 1924 234 1992 τόνοι
260 1933 328 1991 τών
352 1926 519 2011 φθόγγων
541 1928 765 1992 ἐπιλεαίνουσι
787 1933 922 2008 τοῦτον,
949 1928 1018 1993 ἐπεὶ
1042 1923 1087 2012 μὴ

75 2033 204 2106 θαρρεῖ
213 2019 320 2112 αῦτῳ,
343 2025 527 2111 χρωμάτων
542 2021 579 2091 δέ
592 2031 831 2112 φιλανθρωπίᾳ
845 2025 899 2090 καὶ
914 2029 1088 2112 μελοποιίᾳ

76 2117 240 2208 εῦαγώγῳ
254 2123 317 2206 μέν
332 2120 373 2208 δη
389 2124 444 2190 καὶ
455 2127 643 2212 κιθαρῳδίᾳ
658 2119 811 2189 εὐσταλεῖ
824 2124 878 2204 καί
895 2130 940 2212 τῷ
955 2114 997 2190 οὗ
1013 2150 1088 2189 και-

75 2215 137 2300 ρός
149 2223 282 2303 βαδίσαι
293 2222 347 2288 καί
358 2229 476 2307 στῆναι
493 2223 547 2289 καί
559 2227 758 2307 μεταστῆναι
774 2221 828 2287 καί
840 2218 876 2287 τό
893 2228 1000 2307 νεῦμα
1013 2224 1087 2301 έξο·

74 2323 218 2402 μοιῶσαι
232 2333 301 2396 τοῖς
311 2322 463 2405 μέλεσιν,
478 2320 641 2404 αίσχῦυηυ
656 2323 786 2403 ἔχοντος
797 2319 906 2403 μόνου
917 2326 977 2384 τοῦ
988 2325 1086 2404 βασι-

74 2415 135 2481 λέα
152 2418 264 2481 δοκεῖν
278 2412 444 2504 ἀκριβοῦν
459 2426 572 2485 ταῦτα.
596 2420 625 2485 7.
642 2422 673 2483 εί
686 2416 721 2483 δέ
735 2431 865 2502 μιμοῖτο
883 2414 961 2493 τοῦς
975 2422 1086 2499 κρείτ-

73 2538 193 2595 τονας,
211 2519 277 2597 φεῦ
292 2517 447 2601 γέλωτος,
467 2515 511 2594 ὡς
524 2515 630 2594 πολῦς
645 2521 712 2581 τῦυ
726 2518 910 2599 θεωμένων
926 2517 1086 2598 ἐκπίπτει,

74 2616 183 2677 καίτοι
198 2617 329 2695 μυρίων
344 2614 462 2701 φόβων
479 2616 731 2700 ἐπηρτημένων,
748 2623 781 2680 εί
793 2641 841 2690 τις
857 2611 909 2680 ἐπ’
927 2610 1016 2700 αὐτῷ
1031 2638 1088 2695 γε·

74 2715 146 2776 λῶν
163 2718 231 2794 είη·
260 2711 353 2778 νεῦει
367 2711 429 2798 μέν
450 2715 513 2798 γάρ
531 2720 593 2779 τοῦ
609 2718 745 2797 μετρίου
762 2713 864 2778 πλέον
880 2709 1035 2794 ξυνάγων
1048 2707 1085 2776 τό

74 2814 226 2892 πνεῦμα,
248 2808 301 2875 ἐπ’
315 2808 430 2893 άκρων
445 2809 480 2878 δ’
493 2814 623 2878 ἵσταται
637 2817 706 2876 τών
722 2813 837 2876 ποδῶν
851 2808 1085 2895 ἀνακλώμενος

75 2904 188 2987 ώσπερ
203 2910 238 2974 οί
252 2909 304 2974 ἐπὶ
319 2919 381 2976 τοῦ
394 2917 524 2995 τροχοῦ.
553 2909 655 2994 φύσει
675 2905 706 2973 δ’
726 2906 871 2990 ἐρυθρός
889 2902 935 2974 dv
951 2910 1085 2991 ἐρεῦθει
1104 2923 1153 2976 641

74 3012 204 3090 μᾶλλον
212 3056 222 3089 ,
257 3009 508 3093 ἐμπιπραμένου
539 3005 629 3097 αὐτῷ
654 3012 715 3073 τοῦ
743 3007 945 3088 προσώπου·
984 3004 1020 3074 τό
1051 3006 1086 3075 δὲ

74 3111 208 3190 πνεῦμα
226 3102 358 3190 ὀλίγον,
375 3109 431 3174 καί
445 3105 508 3174 οῦκ
524 3104 682 3192 ἀποχρῶν
696 3131 761 3171 που
777 3106 828 3190 δή.

159 3241 190 3303 8.
213 3240 327 3303 ΜΕΝ.
356 3238 401 3302 OC
415 3231 446 3300 δ’
466 3235 503 3301 ἐν
523 3231 630 3319 άγώυι
652 3230 735 3316 πρός
759 3230 863 3300 αῦτόν
881 3241 950 3311 πῶς
966 3231 1086 3318 ὑφίεν-

74 3361 147 3418 ται,
164 3326 405 3415 ώΜουσώνιες
427 3335 525 3421 τέχνη
542 3333 608 3418 γάρ
624 3357 692 3399 που
708 3337 904 3416 χαρίζονται.

162 3455 302 3517 ΜΟΤΣ.
329 3450 434 3535 Τέχνη
448 3449 526 3532 μέν,
545 3445 655 3528 ὥσπερ
669 3450 703 3513 oc
715 3442 985 3522 ὑποπαλαίοντες.
1009 3440 1084 3512 ἀλλ’

74 3549 306 3633 ἐνθυμήθητι,
322 3536 587 3630 ώΜενέκρατες,
604 3542 665 3612 τόν
675 3552 732 3632 τῆς
746 3547 930 3634 τραγῳδίας
944 3540 1086 3625 ὑποκρι-
