2625 4092
213 301 908 363 ΔΗΜΟΣΘΕΝΟΤΣΕΓΚΩΜΙΟΝ.
999 300 1059 365 381

63 463 136 551 ἡμῖν
148 464 311 549 κολάκων,
327 466 357 529 εί
367 460 518 547 ἐδεόμην,
534 457 680 538 ἀποστάς
694 456 804 529 ἁπλοῦ
819 487 909 539 τινος
923 464 956 540 ἐξ
966 464 1061 529 ἐλευ-

61 565 157 644 θέρας
174 559 308 645 γνώμης
325 556 466 626 άκοῦσαι
486 558 591 644 λόγον
610 561 664 625 καὶ
682 558 892 644 φιλαλήθους
909 566 1061 644 συμβου-

59 666 116 744 λῆς
125 666 325 745 μεταλαβεῖν.
339 662 398 724 καί
403 684 435 724 τι
447 658 501 723 καὶ
512 664 717 742 νουθετῆσαι
727 659 869 741 δίκαιον,
881 654 967 739 ὑπὲρ
979 659 1060 723 οἵων

58 756 163 824 ὄντων
183 764 249 823 τῶν
270 754 457 841 Ἀθηναίων
474 753 536 838 τὴν
559 752 753 839 ἀχαριστίαν
774 754 884 821 πάντα
906 755 1060 841 παραβά-

57 865 145 923 λοιτο
155 852 213 921 τόν
225 850 329 921 αὑτοῦ
341 860 426 938 βίον,
440 850 514 931 ἐξὸν
526 848 847 939 εὐγνωμονεστέρας
857 853 912 920 καὶ
924 858 1060 938 βεβαιο-

55 955 160 1035 τέρως
175 960 356 1037 κεχρῆσθαι
373 959 491 1037 φίλοις.

139 1056 234 1118 ΑΡΧ.
253 1042 292 1116 Ὠ
307 1054 461 1135 βασιλεῦ,
486 1054 553 1114 τῶν
570 1049 632 1133 μὲν
647 1046 759 1116 άλλων
776 1059 855 1128 ἴσως
873 1045 917 1116 άν
937 1054 1058 1135 ἔτυχες,

53 1152 146 1215 ταυτὶ
155 1149 190 1216 δὲ
199 1147 308 1232 μάτην
316 1144 361 1213 άν
368 1152 489 1231 ἔλεγες·
502 1144 607 1223 οὕτως
616 1155 765 1231 μανικοῖς
774 1140 1059 1234 φιλαθήναιοςῆν.

137 1252 240 1315 ΑΝΤ.
261 1238 321 1313 Ἠν
331 1252 445 1327 ταῦτα,
463 1236 490 1310 οδ
503 1242 627 1329 Ἀρχία·
649 1252 684 1311 τί
692 1245 757 1331 γάρ
769 1243 812 1312 άν
823 1248 877 1314 καὶ
888 1248 1059 1332 λέγοιμενς

52 1342 137 1414 άλλά
154 1352 222 1421 πῶς
236 1342 424 1423 άπέθανευ;

136 1450 187 1513 43.
206 1452 302 1513 APX.
324 1442 455 1521 Ἔοικας
471 1448 519 1511 ἔτι
533 1450 680 1529 μᾶλλον,
704 1436 901 1530 (όβασιλεῦ,
921 1444 1060 1529 θαυμά-

50 1564 141 1609 σειν·
163 1544 217 1610 καί
232 1540 296 1628 γάρ
310 1540 403 1627 ἡμεῖς
414 1544 449 1609 οί
459 1544 655 1626 τεθεαμένοι
667 1543 872 1626 διαφέρομεν
887 1540 989 1609 οὐδὲν
1003 1544 1059 1609 ἐκ·

48 1640 166 1727 πλήξω
182 1667 217 1708 τε
232 1642 288 1708 καλ
299 1639 433 1728 ἀπιστίᾳ
446 1664 515 1706 τιν
529 1639 697 1723 ὁρώντων.
720 1646 806 1708 ἔοικε
822 1636 887 1723 γάρ
900 1638 940 1724 δὴ
955 1639 1057 1707 πάλαι

47 1732 117 1807 ὦδε
139 1742 391 1828 βεβουλευμένην
412 1739 486 1819 περὶ
505 1744 562 1823 της
579 1736 722 1823 ὑστάτης
742 1735 879 1823 ἡμέρας·
909 1742 1006 1823 δηλοῖ
1022 1738 1058 1806 δὲ
1076 1748 1128 1805 622

45 1837 67 1923 ἡ
87 1839 290 1924 παρασκευή.
316 1844 466 1923 καθῆστο
476 1838 539 1922 μὲν
552 1836 617 1921 γάρ
632 1841 733 1904 ἔνδον
744 1840 782 1905 ἐν
795 1844 841 1926 τῷ
852 1844 935 1925 νεῷ,
950 1836 1060 1923 μάτην

45 1938 86 2002 δὲ
104 1962 173 2002 τιν
187 1935 338 2018 πρόσθεν
352 1932 486 2021 ἡμερῶν
502 1935 624 2020 λόγους
636 1928 722 2021 ἦμεν
736 1936 1014 2016 καταναλωκότες.

135 2042 239 2101 ΑΝΤ.
267 2040 361 2112 Τίνες
375 2032 439 2118 γάρ
454 2027 541 2119 ἦσαν
556 2038 590 2101 ολ
602 2032 681 2118 παρ’
700 2031 796 2121 ὑμῶν
812 2034 922 2121 λόγοις

137 2140 232 2199 ΑΡΧ.
254 2130 367 2200 Πολλά
384 2134 438 2199 καὶ
455 2132 682 2218 φιλάνθρωπα
698 2131 945 2219 προυτεινόμην
963 2134 1058 2203 ἔλεόν

41 2257 124 2297 τινα
137 2227 226 2315 παρὰ
238 2237 302 2297 σοῦ
314 2231 666 2316 καθυπισχνούμενος,
683 2228 724 2299 οό
739 2233 828 2317 μάλα
837 2234 900 2318 μὲν
911 2237 1059 2315 προσδο-

41 2335 121 2396 κῶν
134 2368 178 2382 -
193 2325 235 2394 οὐ
248 2325 313 2413 γάρ
327 2326 533 2414 ἠπιστάμην,
551 2326 635 2397 άλλά
647 2328 684 2397 σδ
694 2328 789 2418 ᾤμην
801 2328 843 2398 δι’
858 2327 959 2417 ὀργῆς
972 2337 1059 2416 ἔχειν

41 2426 109 2495 τὸν
125 2424 310 2510 ἄνθρωπον
325 2468 367 2479 --
383 2428 545 2513 χρήσιμον
561 2424 591 2494 δ’
608 2420 673 2493 οὖν
692 2424 776 2512 πρός
795 2426 831 2495 τό
849 2437 982 2497 πείθειν
997 2455 1059 2496 νο-

41 2532 162 2613 μίζων.

137 2630 240 2691 ΑΝΤ.
258 2622 294 2691 ‘O
309 2624 344 2692 δὲ
359 2633 428 2703 πῶς
443 2633 596 2708 προσίετο
614 2621 693 2701 τούς
707 2622 845 2709 λόγονς;
867 2630 926 2692 καί
937 2650 978 2707 με
993 2649 1057 2709 μη-

41 2722 107 2788 δὲν
121 2718 318 2811 άποκρόψη*
340 2725 481 2807 μάλιστα
491 2723 553 2808 μὲν
562 2721 627 2809 γάρ
639 2720 803 2809 αὐτήκοος
816 2718 859 2789 άν
870 2721 1059 2809 ἐβουλόμην

41 2815 170 2903 παρεόν
186 2816 269 2886 εἶναι
287 2828 360 2889 νῦν.
390 2819 473 2890 άλλά
490 2821 586 2907 σύγε
606 2818 650 2906 μὴ
670 2827 857 2909 παραλίπης
873 2823 995 2907 μηδέν·
1017 2818 1059 2887 οὐ

41 2918 113 2998 γάρ
126 2943 178 2985 τοι
189 2916 332 3003 σμικρόν
343 2924 459 3006 ἔργον,
472 2913 559 3006 ἦθος
569 2917 694 3001 άνδρὸς
705 2926 864 3004 γενναίου
874 2916 958 3003 πρός
969 2917 1059 3008 αὐτῷ

41 3023 92 3105 τῷ
112 3018 199 3082 πόλει
220 3023 280 3082 τοῦ
296 3022 373 3103 βίον
388 3028 609 3102 καταμαθεῖν,
630 3016 775 3101 πότερον
789 3016 909 3097 άτονος
922 3018 977 3087 καλ
991 3044 1059 3085 νω-

41 3108 136 3193 θρός
148 3105 191 3197 ἦν
202 3109 223 3199 ἢ
236 3116 447 3182 παντάπασιν
458 3113 588 3195 άκλινὲς
599 3115 635 3183 τό
651 3126 709 3203 τῆς
719 3124 826 3203 ψυχῆς
841 3115 962 3199 όρθιον
973 3120 1059 3204 ἐφό-

41 3222 179 3279 λαττεν.

135 3312 187 3376 44.
209 3317 303 3378 ΑΡΧ.
330 3308 441 3377 Οὐδὲν
456 3310 655 3381 ὑπέστελλεν
669 3315 795 3393 ἐκεῖνός
814 3338 861 3399 γε.
890 3319 961 3393 πως
976 3313 1057 3400 γάρς

41 3410 83 3487 39
98 3404 169 3494 ἡδδ
185 3411 328 3494 γελάσας
339 3408 422 3496 κάμὲ
436 3409 476 3499 δὴ
487 3414 651 3480 σκάπτων
667 3420 712 3492 είς
723 3410 785 3481 τόν
796 3414 962 3499 πρότερον
971 3420 1058 3501 βίον,

41 3504 224 3573 Ξπίθανον
239 3513 303 3594 ἔφη
318 3534 358 3594 με
374 3507 557 3598 ὑποκριτὴν
572 3511 656 3581 εἶναι
677 3521 744 3580 τῶν
760 3522 831 3581 σοῖν
846 3516 1057 3599 ψευσμάτων.
