2625 4092
208 283 230 338 4
566 283 869 342 AOYKIANOY'

208 439 392 522 θορόζουσι
407 441 443 507 δὲ
459 442 706 526 συγκεκυφότες
721 440 910 527 αι’τιωμενοι
923 439 984 507 τόν
998 443 1139 526 χρόνον,
1156 438 1217 518 οὓς

208 539 275 602 ἔδει
286 537 389 603 πάλαι
403 533 442 602 τά
455 535 535 603 καθ’
553 533 676 613 αὑτούς
691 538 817 614 εἰδότας
831 540 982 623 στέργειν
997 541 1137 604 ἕκαστον
1148 552 1216 616 τοῖς

208 637 464 720 δεδικασμένοις.

139 734 187 787 797
289 740 416 800 ΖΕΥΣ.
443 739 485 801 Τί
492 725 575 818 οὖν,
592 725 728 817 άῈρμή
735 784 745 816 ,
761 737 867 813 δοκεῖς
890 741 1092 821 προτίθεμεν
1104 730 1216 808 αὐτοῖς

206 828 335 915 άγοράν
351 835 471 915 δικῶν,
488 827 510 916 ή
524 831 635 908 θέλεις
648 833 681 908 ἐς
695 835 801 898 νέωτα
815 839 1105 919 παραγγελοῦμενς

292 937 395 996 ΕΡΜ.
417 928 469 997 Οὐ
486 933 549 1014 μὲν
562 921 642 1008 οὖν,
663 926 747 995 ἀλλὰ
761 928 825 1014 ήδη
841 936 1034 1014 προθῶμεν.

291 1034 414 1094 ΖΕΥΣ.
441 1026 540 1095 Οὕτω
555 1033 656 1094 ποίει·
678 1028 721 1092 συ
736 1028 797 1112 μὲν
811 1026 951 1113 κήρυττε
966 1027 1215 1113 καταπτάμενος
1309 1056 1310 1061 ’

206 1123 257 1191 ὅτι
279 1121 385 1209 άγορά
404 1129 508 1191 δικοίν
528 1130 618 1192 ἔσται
641 1122 724 1191 κατὰ
743 1126 841 1209 τάδε,
869 1125 996 1203 πάντας
1017 1123 1135 1193 ὁπόσοι
1157 1123 1215 1202 τάς

205 1222 337 1308 γραφάς
354 1219 615 1307 ἀπενηνόχασιν,
631 1220 728 1308 ήκειν
744 1225 888 1309 τήμερον
905 1222 1080 1305 ἕςἈρειον
1093 1223 1213 1308 πάγον,

206 1324 276 1388 ἐκεῖ
286 1319 322 1388 δὲ
340 1319 401 1405 τήν
418 1320 479 1404 μὲν
491 1325 602 1406 Δίκην
617 1317 831 1406 ἀποκληροῦν
851 1321 944 1405 σφίσι
962 1321 1001 1387 τά
1020 1319 1213 1406 δικαστήρια

205 1416 288 1486 κατά
303 1419 406 1504 λόγον
419 1425 487 1485 τῶν
496 1419 689 1504 τιμημάτων
701 1423 733 1498 ἐξ
744 1416 903 1486 ἁπάντων
916 1418 1112 1505 Ἀθηναίων.
1137 1423 1167 1484 εί
1179 1421 1216 1484 δέ

204 1544 254 1595 τις
268 1515 386 1584 ἄδικον
400 1525 502 1584 οίοιτο
518 1523 722 1602 γεγενῆσθαι
739 1514 801 1602 τήν
817 1526 943 1602 κρίσιν,
966 1519 1086 1596 ἐξεῖναι
1102 1517 1212 1599 ἐφέντι
1309 1522 1310 1533 ’

205 1611 257 1684 ἐπ’
275 1612 330 1700 ἐμὲ
346 1614 539 1695 δικάζεσθαι
556 1618 587 1694 ἐξ
602 1611 767 1699 ὑπαρχῆς,
794 1613 837 1692 ὡς
853 1621 884 1683 εί
897 1617 980 1702 μηδὲ
1000 1612 1037 1680 τό
1055 1614 1214 1695 παράπαν
1309 1670 1310 1683 ,

205 1716 404 1780 ἐδεδίκαστο.
436 1709 479 1778 σε)
501 1713 554 1797 δέ,
581 1705 794 1797 ὦθάγατερ,
815 1715 1020 1797 καθεζομένη
1045 1709 1135 1793 παρά
1156 1708 1214 1787 τάς
1309 1760 1310 1777 ,

204 1807 328 1895 σεμνάς
341 1809 425 1887 θεάς
439 1808 632 1896 ἀποκλήρου
643 1807 702 1886 τάς
713 1815 805 1888 δίκας
817 1813 871 1878 καὶ
884 1810 1054 1877 ἐπισκόπει
1069 1806 1147 1885 τούς
1162 1813 1214 1874 δι-

205 1909 374 1988 κάζοντας.

288 2013 317 2072 5.
336 2013 462 2074 ΔΙΚΗ.
479 1999 591 2082 Αὖθις
603 2007 635 2082 ἐς
647 2004 709 2090 τήν
719 2013 802 2091 γῆν,
819 2002 866 2072 ἵν’
878 2007 1118 2089 ἐξελαυνομένη
1129 2001 1214 2085 πρός

204 2101 316 2171 αὐτῶν
333 2104 526 2187 δραπετεύω
540 2104 642 2170 πάλιν
658 2106 693 2170 ἐκ
706 2112 767 2169 τοῦ
777 2109 855 2189 βίον
869 2100 931 2188 τήν
943 2102 1088 2169 Ἀδικίαν
1102 2105 1215 2187 ἐπιγε-

204 2207 316 2267 λῶσαν
332 2195 372 2264 οὐ
389 2203 555 2283 φέρουσα;

248 2325 255 2337 ·
288 2305 414 2366 zm.
436 2297 571 2384 Χρηστά
595 2301 735 2379 ἐλκιζειυ
756 2320 794 2365 σε
815 2304 880 2366 δεῖ·
913 2299 1046 2376 πάντως
1065 2295 1130 2383 γάρ
1149 2298 1213 2384 ήδη

204 2404 398 2466 πεπείκασιν
413 2395 536 2475 αὐτοὺς
556 2401 589 2465 οἱ
608 2398 789 2483 φιλόσοφοι
810 2401 846 2465 σὲ
866 2406 923 2484 τῆς
941 2398 1081 2476 Ἀδικίας
1097 2425 1215 2481 προτι-

204 2505 287 2583 μᾶν,
304 2500 359 2564 καὶ
374 2494 516 2581 μάλιστα
531 2494 549 2562 ὁ
569 2503 629 2561 τοῦ
644 2504 892 2582 Σωφρονίσκου
912 2496 949 2564 τὸ
965 2503 1094 2564 δίκαιον
1109 2496 1214 2580 ὑπερ·

206 2599 381 2673 επαινέσας
396 2598 450 2663 καὶ
465 2591 606 2680 άγαθων
624 2594 660 2662 τό
675 2600 829 2681 μέγιστον
843 2593 1028 2682 ἀποφήνας.

289 2703 382 2765 ΔΙΚ.
408 2695 505 2763 Πάνυ
522 2703 608 2780 γοῦν
625 2693 730 2762 αὐτόν
746 2693 787 2761 δν
804 2693 870 2782 φής
885 2698 1014 2762 ἐκεῖνον
1032 2694 1166 2780 ὤνησαν
1182 2697 1217 2761 oc

117 2827 118 2834 ¹
203 2797 278 2877 περὶ
299 2799 381 2881 ἐμοῦ
401 2795 513 2880 λόγοι,
540 2792 577 2872 ὃς
598 2797 801 2876 παραδοθεὶς
821 2809 888 2871 τοῖς
909 2796 1027 2861 ἕνδεκα
1047 2796 1102 2861 καὶ
1121 2796 1154 2871 ἐς
1174 2791 1213 2860 τό

135 2911 185 2968 798
206 2893 433 2980 δεσμωτήριον
453 2890 605 2976 ἐμπεσών
621 2899 713 2958 ἔπιεν
728 2894 847 2970 άθλιος
866 2902 926 2960 τοῦ
946 2902 1104 2977 κωνείου,
1129 2895 1214 2978 μηδὲ

203 2992 263 3060 τόν
284 2991 490 3073 ἀλεκτρυόνα
509 2997 553 3079 τῷ
578 2988 759 3079 Ἀσκληπιῷ
777 2988 1010 3069 ἀποδεδωκώς·
1041 2988 1130 3074 παρά
1156 3017 1213 3057 το-

205 3097 328 3158 σοῦτον
343 3087 527 3173 ὑπερέσχον
544 3092 578 3152 οί
590 3089 768 3173 κατήγοροι
783 3087 942 3157 τάνοιντία
959 3091 1034 3172 περὶ
1049 3086 1212 3174 τηςἈδι-

205 3196 277 3267 κίας
291 3195 563 3272 φιλοσοφοῦντες.

288 3295 318 3354 6.
341 3293 467 3354 ΖΕΥΣ,
489 3290 575 3362 Ξένα
591 3291 638 3352 ἔτι
652 3300 720 3362 τοῖς
737 3295 871 3364 πολλοῖς
884 3287 925 3354 τά
941 3294 998 3372 τῆς
1012 3296 1215 3372 φιλοσοφιας

203 3373 247 3468 ἦν
263 3386 355 3470 τότε,
377 3385 430 3453 καὶ
445 3383 551 3470 ὀλίγοι
566 3377 653 3471 ήσαν
668 3388 702 3450 ολ
714 3392 995 3470 φιλοσοφοῦντες,
1019 3385 1102 3452 ὥστε
1122 3388 1212 3454 είκό-

205 3511 267 3562 τως
282 3487 314 3562 ἐς
335 3480 394 3550 τόν
411 3481 552 3550 ’Ἀνντου
568 3485 618 3551 καὶ
635 3487 793 3567 Μέλητον
809 3489 926 3566 ἔρρεπε
940 3481 980 3550 τά
999 3485 1211 3570 δικαστήρια·
