2625 4092
121 307 239 364 περι
260 307 356 365 Tm:
374 293 699 364 ΠΕΡΕΓΡΙΝου
718 305 990 363 mamm.
1033 301 1096 366 τῖε

90 476 188 533 τούτο
203 468 295 536 πάνυ
307 466 366 546 ὀφέ
382 471 467 550 δρᾶν
481 461 562 532 αύτό
576 470 701 549 ἔοικεν,
717 460 758 530 ὃν
770 465 869 550 ἐχρῆν
880 465 982 532 πύλαι
994 467 1026 543 ἐς
1036 465 1097 533 τὸν

89 571 151 631 τοῦ
166 567 352 650 Φαλάριδος
373 573 499 645 ταῦρον
517 563 701 648 ἐμπεσόντα
715 559 776 647 τὴν
794 559 889 640 νἰξίαν
908 560 1096 630 ἀποτετικέ-

89 687 160 740 ναι,
182 661 265 731 όλλά
283 661 327 749 μὴ
346 661 432 742 ἅπαξ
454 653 597 746 1χανόντα
620 658 705 742 πρὸς
718 659 780 746 τὴν
800 659 909 745 φλόγα
928 663 965 726 ἐν
982 657 1101 743 ἀκαρεῖ

89 761 258 828 τεθνάναι.
284 762 338 828 καὶ
360 757 424 846 γόιρ
446 751 491 826 αὖ
506 761 560 826 καὶ
580 759 655 824 τόδε
672 762 706 825 οί
724 764 843 825 πολλοί
855 780 912 842 μοι
930 763 1096 844 λέγουσιν,

88 856 134 936 ὡς
148 855 257 936 οὐδεὶς
278 857 432 942 ὀξύτερος
454 855 553 935 ἄλλος
573 852 728 923 θανάτου
743 856 865 940 τρόπος
878 864 939 924 τοῦ
961 854 1016 924 διαὶ
1032 882 1097 922 πυ-
1181 851 1184 855 ’

88 955 163 1036 ρός-·
190 953 318 1036 ἀνοῖξαι
332 954 398 1041 γὰρ
413 959 465 1023 δεῖ
476 955 583 1040 μόνον
597 951 633 1020 τό
651 953 756 1038 στόμα
773 956 828 1021 καί
842 952 960 1022 αὐτίκα
972 955 1096 1023 τεθναί-

89 1075 154 1122 ναι.
177 1061 230 1123 22-
244 1059 281 1122 τό
296 1060 409 1141 μέντοι
421 1059 538 1138 ’θέαμα
553 1056 747 1135 ἐπινοεῖται,
771 1051 877 1139 οἶμαι,
900 1050 943 1132 ὥς
959 1056 1095 1140 σεμνόν,

87 1157 126 1221 ἐν
142 1158 220 1243 ίερῷ
236 1160 350 1244 χωρίφ
361 1152 535 1246 καιόμενος
547 1150 744 1236 ἅνθρωπος,
763 1157 847 1218 ἔνθα
858 1151 941 1238 μηδὲ
954 1152 1096 1219 θάπτειν

86 1250 185 1322 ὅσιον
201 1250 279 1330 τούς
299 1253 422 1330 ἄλλους
442 1249 728 1337 ἀποθνήσκοντας.
762 1247 900 1318 ἀκούετε
922 1256 972 1337 δέ,
995 1251 1095 1337 οἶμαι,

88 1365 134 1434 ὼς
151 1353 205 1421 καὶ
221 1353 323 1419 πύλαι
338 1355 451 1418 θέλων
464 1376 513 1427 τις
529 1351 662 1429 ἔνδοξος
677 1353 852 1442 γενέσθαι,
869 1352 936 1417 ἐπεὶ
949 1348 1022 1418 κατ’
1036 1348 1097 1419 ἄλ-

87 1463 149 1521 λον
171 1451 296 1532 τρόπον
315 1446 378 1516 οὐκ
400 1447 484 1534 εἶχεν
507 1450 672 1533 ἐπιτυχεῖν
694 1447 833 1532 τούτου,
862 1451 1023 1534 ἐνέπρησε
1038 1456 1095 1535 τῆς
1113 1466 1171 1520 346⁴

88 1555 234 1636 Εφεσίας
248 1545 434 1631 Ἀρτέμιδος
448 1543 507 1612 τόν
519 1545 615 1612 νεύν.
639 1547 794 1613 τοιοῦτόν
805 1571 838 1614 τι
847 1549 901 1614 καλ
912 1544 1012 1624 αύτός
1025 1550 1098 1615 ἐπι-

86 1662 175 1732 νοεῖ,
187 1651 344 1722 τοσοῦτος
356 1650 438 1728 έρως
448 1651 504 1730 τῆς
513 1643 614 1728 δόξης
624 1645 797 1729 ἐντέτηκεν
808 1641 906 1735 αύτῷ.
926 1651 976 1712 2³.
991 1653 1096 1714 καίτοι

87 1748 191 1831 φησίν
207 1741 256 1809 ότι
278 1739 363 1826 ὑπὲρ
378 1749 447 1808 των
464 1739 660 1828 ἀνθρώπων
675 1739 755 1808 αύτό
769 1747 850 1833 δρᾷ,
873 1741 916 1822 ὡς
933 1746 1098 1825 διδάξειεν

86 1837 211 1918 αὐτούς
224 1837 379 1907 θανάτου
396 1853 619 1924 καταφρονεῖν
642 1841 696 1906 καὶ
714 1842 923 1926 ἐγκαρτερεῖν
938 1849 1006 1920 τοῖς
1027 1847 1095 1909 δει-

87 1955 167 2016 νοῖς.
193 1935 257 2022 ἐγω
272 1938 307 2006 δὲ
322 1936 427 2023 ἡδέως
443 1933 487 2004 δυ
497 1940 635 2023 ἐροίμην
650 1935 713 2004 οὐκ
725 1943 853 2006 ἐκεῖνον
867 1938 940 2008 ἀλλ’
953 1939 1050 2027 ὑμᾶς,
1068 1945 1098 2007 εί

86 2036 237 2114 καὶτοὺς
259 2038 468 2122 κακούργους
484 2036 668 2123 βούλοισθε
688 2034 732 2122 ἂν
745 2036 899 2123 μαθητόις
913 2036 1018 2106 αὐτοῦ
1039 2064 1096 2124 γε-

86 2139 207 2204 νέσθαι
223 2143 280 2220 τῆς
298 2142 472 2217 καρτερίας
487 2135 608 2220 ταύτης
625 2139 679 2202 καὶ
700 2152 925 2221 καταφρονεῖν
940 2138 1096 2205 θανάτου

85 2235 141 2302 καί
157 2233 306 2310 καύσεως
319 2235 373 2300 καὶ
387 2239 453 2299 τῶν
468 2233 629 2300 τοιούτων
641 2232 816 2318 δειμάτων.
838 2233 911 2303 ἀλλ’
927 2233 988 2301 ούκ
1000 2230 1044 2300 δν
1056 2227 1095 2301 εύ

82 2330 151 2402 οἷδ’
170 2331 221 2400 ότι
242 2338 470 2418 βουληθείητε.
504 2339 574 2410 πῶς
594 2326 658 2400 ούν
685 2332 703 2400 ὁ
720 2331 880 2416 Πρωτεύς
900 2341 998 2401 τοῦτο
1017 2337 1093 2400 ’δια-

86 2445 197 2516 κρινεῖ
210 2433 264 2499 καὶ
280 2431 358 2509 τούς
378 2430 439 2516 μέν
455 2429 618 2516 χρηστούς
633 2429 814 2519 ὠφελήσει,
838 2430 916 2510 τούς
937 2436 972 2500 δὲ
988 2459 1094 2518 πονη-

85 2531 168 2615 ρούς
179 2528 219 2597 ού
229 2535 566 2615 φιλοκινδυνοτέρους
575 2535 629 2600 καὶ
638 2535 901 2617 τολμηροτέρους
910 2529 1093 2615 ἀποφανεῖς

86 2637 138 2700 24.
158 2637 263 2698 καίτοι
278 2629 424 2697 δυνατόν
444 2636 526 2696 ἐστω
542 2631 574 2707 ἐς·
589 2637 687 2696 τοῦτο
702 2630 828 2716 μόνους
843 2629 1093 2716 ἀπαντήσεσθαι

86 2726 164 2808 τούς
187 2756 270 2812 προς
291 2729 329 2796 τό
347 2727 515 2816 ὠφέλιμον
530 2726 718 2814 ὀψομένους
733 2729 770 2795 τὸ
786 2736 930 2815 πρᾶγμα.
961 2727 1046 2814 ὑμᾶς
1060 2728 1092 2794 δ’

86 2821 151 2895 οὖν
165 2822 267 2906 αὖθις
282 2830 458 2915 ἐρήσομαι,
474 2824 623 2907 δέξαισθ’
640 2823 684 2893 δν
697 2826 776 2906 τούς
790 2833 910 2906 παῖδας
920 2825 1093 2921 ύμωνζη-

87 2925 193 3005 λωτός
207 2934 267 2996 τοῦ
281 2928 436 2994 τοιούτου
451 2929 626 3012 γενέσθαι;
649 2924 711 2993 ούκ
726 2921 770 2994 δυ
786 2937 917 2995 είκοιτε.
941 2933 1046 2996 καίτοι
1061 2935 1095 2995 τί
1110 2940 1158 2994 3⁴7

85 3034 184 3095 τοῦτο
195 3024 344 3113 ἠρόμην,
360 3025 447 3092 ὅπου
461 3023 538 3111 μηδ’
556 3023 668 3093 αὐταῖν
678 3053 727 3104 τις
737 3033 806 3094 των
816 3036 978 3113 μαθητῶν
988 3025 1094 3093 αὐτοῦ

86 3125 262 3211 ζηλώσειεν
286 3123 345 3205 ἅν;
368 3121 429 3190 τόν
452 3117 515 3191 ούν
536 3131 683 3212 Θεαγένη
706 3132 804 3192 τοῦτο
824 3126 964 3210 μάλιστα
986 3125 1092 3193 αἰτιό-

87 3247 180 3292 σαιτο
202 3224 244 3291 όν
261 3251 326 3308 τις,
353 3222 402 3291 ὅτι
423 3217 525 3320 τᾶλλα
550 3229 658 3309 ζηλῶν
681 3223 823 3305 τάνδρός
840 3222 900 3312 οὐχ
920 3227 1031 3292 ἐπεται
1047 3231 1092 3312 τῷ

88 3323 276 3412 διδασκάλῳ
292 3325 346 3392 καλ
361 3321 536 3390 συνοδεύει
550 3321 639 3404 παρὰ
657 3320 717 3388 τόν
727 3319 904 3403 Ἡρακλέα,
923 3321 966 3399 ὥς
977 3345 1092 3407 φησιν,

87 3420 236 3508 ἀπιόντι,
267 3423 455 3507 δυνάμενος
475 3424 512 3488 ἐν
539 3428 656 3506 βραχεῖ
677 3426 913 3506 πανευδαίμων
935 3425 1092 3505 γενέσθαι

87 3518 307 3607 συνεμπεσύν
322 3523 372 3588 ἐπὶ
387 3518 539 3605 κεφαλὴν
553 3523 585 3597 ἐς
595 3518 631 3586 τό
645 3527 729 3606 πῦρ·
753 3517 795 3587 ού
810 3520 874 3605 γὰρ
887 3524 924 3588 ἐν
936 3522 1026 3606 πήρα
1039 3524 1092 3586 καὶ
