2625 4092
242 343 304 408 278
597 345 904 407 AOYKIANOY

236 505 424 592 Ὀλυμπίων
437 514 665 592 διακαρτερεῖν
676 511 841 587 διψῶντας
855 509 909 576 καὶ
918 507 959 594 νῆ
971 515 1039 576 Δία
1048 536 1086 596 γε
1098 512 1151 576 καὶ
1162 507 1238 576 άπο·

239 608 403 693 θνήσκειν
422 604 566 686 πολλούς
580 603 692 674 αὐτῶν
712 603 778 672 ὑπό
801 611 960 690 σφοδρῶν
976 614 1045 674 τῶν
1063 608 1190 693 νόσων,
1210 615 1240 675 ιδ

170 721 222 779 344
240 705 320 782 τέως
337 702 390 771 διά
406 703 442 771 τό
459 704 562 790 ξηρόν
578 710 777 788 τοῦχωρίου
792 705 828 770 ἐν
843 712 955 794 πολλῷ
972 712 1018 793 τῷ
1034 708 1156 792 πλήθει
1172 709 1239 773 ἐπε-

239 803 399 883 πόλαζον·
428 803 482 870 καλ
497 810 600 868 ταῦτα
617 807 709 885 ἔλεγε
729 807 837 867 πίνων
853 807 914 866 τού
928 799 1034 868 αύτοῦ
1049 801 1180 882 ὕδατος.
1201 801 1239 880 ὡς

240 903 274 969 δὲ
289 909 411 986 μικροῦ
423 907 625 970 κατέλευσαν
637 897 742 968 αὐτόν
753 901 989 986 ἐπιδραμόντες
1000 900 1161 989 άπαντες,
1173 905 1238 969 τότε

238 1000 299 1085 μὲν
314 1002 364 1067 ἐπὶ
380 997 441 1066 τόν
455 1005 522 1068 Δία
538 996 743 1083 καταφυγών
758 996 776 1064 ὁ
791 1012 945 1083 γενναῖος
959 991 1037 1082 εύρε
1049 998 1086 1067 τό
1103 1000 1148 1087 μῆ
1163 999 1239 1066 άπο-

238 1111 367 1169 θανεῖν.
404 1104 452 1164 λθ.
469 1101 502 1176 ἐς
525 1098 561 1164 δὲ
578 1096 639 1182 τῆν
661 1099 734 1183 ἑξῆς
752 1095 956 1182 Ὀλυμπιάδα
975 1099 1079 1183 λόγον
1100 1099 1174 1166 τινά
1189 1099 1238 1166 διό

237 1196 403 1277 τεττάρων
414 1201 496 1264 ε’τῶν
508 1197 645 1273 συνθεὶς
653 1202 722 1262 τῶν
733 1194 787 1262 διά
798 1198 902 1280 μέσον
911 1197 1064 1282 ἐξήνεγκε
1076 1194 1159 1278 πρός
1168 1194 1240 1273 τούς

239 1291 399 1378 Ἕλληνας
425 1300 563 1361 ἔπαινον
586 1291 670 1374 ὑπὲρ
694 1299 755 1358 τοῦ
776 1291 813 1358 τό
838 1291 930 1374 ὕδωρ
952 1294 1176 1379 ἐπαγαγόντος
1191 1296 1241 1360 καὶ

237 1390 422 1478 ἀπολογίαν
432 1390 514 1473 ὑπὲρ
525 1399 582 1477 τῆς
593 1389 666 1457 τότε
678 1397 796 1475 φυγῆς.
822 1389 883 1476 ήδη
896 1391 932 1456 δὲ
943 1388 1170 1478 ἀμελούμενος
1182 1388 1239 1475 ὑφ’

238 1488 397 1557 ἁπάντων
411 1492 463 1557 καὶ
477 1486 596 1576 μηκέθ’
610 1485 730 1574 ὁμοίως
741 1496 956 1575 περίβλεπτος
972 1485 1020 1555 τόν
1034 1530 1069 1538 -
1084 1491 1170 1556 ἕωλα
1181 1488 1241 1574 γάρ

237 1582 280 1674 ῆν
295 1586 425 1656 ἅπαντα
447 1591 499 1657 καὶ
516 1585 615 1654 οὐδὲν
633 1593 678 1653 ἔτι
696 1601 909 1671 καινουργεῖν
927 1587 1086 1669 ἐδύνατο,
1109 1583 1163 1670 ἐφ’
1179 1584 1241 1675 ὅτῳ

237 1688 388 1773 ἐκπλήξει
414 1685 492 1764 τούς
515 1687 778 1772 ἐντυγχάνοντας
797 1685 851 1752 καὶ
874 1687 1061 1770 θαυμάζειν
1084 1686 1137 1751 καὶ
1163 1683 1242 1768 πρός

237 1783 341 1852 αὐτόν
355 1783 558 1873 άποβλίπειν
576 1785 722 1869 ποιήσει,
746 1774 851 1866 ούπερ
868 1785 899 1862 ἐξ
915 1780 1016 1869 άργῆς
1030 1783 1154 1867 δριμύν
1170 1808 1241 1847 τινα

238 1891 343 1966 ἔρωτα
364 1886 451 1964 ἐρῶν
468 1884 624 1969 ἐτύγχανε
647 1923 685 1932 -
707 1878 744 1948 τό
766 1889 956 1948 τελευταῖον
974 1889 1073 1946 τοῦτο
1095 1880 1242 1965 τόλμημα

238 1984 458 2068 ἐβουλεύσατο
481 1979 516 2048 τό
538 1983 612 2063 περὶ
629 1986 686 2065 τῆς
707 1985 831 2064 πυράς,
857 1980 912 2047 καλ
933 1977 1068 2045 διέδωκε
1089 1977 1194 2062 λόγον
1214 1981 1244 2054 ἐς
1300 1974 1301 2039 λ

237 2080 315 2159 τούς
326 2079 487 2167 Ἕλληνας
504 2077 610 2158 εὐθύς
626 2077 686 2146 ἀπ’
702 2077 890 2164 Ὀλυμπίων
905 2085 973 2144 τάν
991 2083 1186 2162 ἔμπροσθεν
1203 2075 1244 2153 ὡς
1299 2098 1300 2143 ι

236 2181 269 2256 ἐς
283 2174 424 2245 τοόπιόν
435 2179 571 2246 καύσων
583 2176 712 2248 ἑαυτόν.
736 2182 785 2246 21.
802 2180 855 2244 καὶ
866 2184 931 2244 νῦν
942 2173 1026 2244 αύτά
1038 2183 1142 2242 ταῦτα
1153 2186 1243 2242 θαυ-
1298 2178 1300 2249 λ

235 2291 423 2362 ματοποιεί,
448 2275 491 2354 όός
507 2300 606 2363 φασι,
631 2277 763 2362 βόθρον
779 2276 929 2358 ὀρύττων
945 2276 999 2342 καὶ
1019 2274 1101 2354 ξύλα
1120 2296 1244 2358 συγκο-
1297 2280 1299 2351 λ

235 2379 336 2460 μίζων
360 2375 413 2441 καὶ
441 2377 555 2460 δεινήν
582 2404 655 2442 τινα
681 2374 742 2462 τῆν
767 2381 943 2458 καρτερίαν
967 2373 1242 2460 ὑπισχνούμενος.
1296 2380 1297 2459 λ

236 2476 334 2557 ἐχρῆν
355 2475 407 2556 δέ,
429 2471 533 2558 οἶμαι,
556 2473 697 2558 μάλιστα
715 2473 777 2558 μὲν
799 2477 989 2558 περιμένειν
1011 2469 1071 2538 τόν
1090 2473 1244 2540 θάνατον
1295 2488 1297 2563 γ

234 2569 342 2656 καλμῆ
355 2572 570 2654 δραπετεύειν
582 2575 689 2640 ἐκτοῦ
698 2579 789 2659 βίον·
814 2578 844 2640 εί
852 2575 887 2640 δὲ
898 2576 953 2639 καὶ
961 2572 1094 2649 πάντως
1104 2577 1243 2657 διέγνω
1293 2576 1296 2668 ή

166 2685 216 2739 ³45
235 2671 293 2737 στό
314 2673 348 2736 οἶ
360 2667 644 2750 ἀπαλλάττεσθαι,
663 2669 707 2757 μῆ
722 2673 802 2756 πυρὶ
822 2672 905 2757 μηδὲ
922 2685 989 2749 τοῖς
1004 2670 1070 2738 άπό
1090 2681 1149 2757 τῆς
1164 2696 1243 2756 τρα-

235 2772 357 2857 γιμδίας
371 2767 502 2847 τούτοις
514 2776 675 2855 χρῆσθαι,
691 2768 764 2837 ἀλλ’
782 2771 898 2852 ἔτερόν
909 2797 984 2838 τινα
1000 2774 1154 2839 θανάτου
1166 2771 1243 2854 τρό-

234 2892 317 2949 πον,
340 2874 471 2954 μυρίων
493 2865 616 2950 ὄντων,
643 2870 803 2955 ἑλόμενον
825 2866 995 2936 ἀπελθεῖν.
1028 2874 1060 2937 εί
1074 2871 1109 2936 δὲ
1132 2874 1186 2936 καὶ
1208 2867 1241 2934 τό

235 2973 303 3047 πῦρ
321 2963 365 3042 ὡς
383 2963 579 3051 Ἡράκλειόν
594 2995 624 3034 τι
644 2967 838 3047 ἀσπάζεται.
861 2973 896 3034 τί
913 2968 954 3052 δή
971 2993 1051 3035 ποτε
1070 2965 1144 3053 ούχλ
1160 2966 1242 3035 κατά

235 3061 333 3149 σιγῆν
356 3064 511 3149 ἑλόμενος
531 3065 608 3149 ὅρος
629 3067 812 3149 εὔδενδρον
839 3070 875 3133 ἐν
895 3071 1010 3156 ἐκείνῳ
1029 3065 1152 3134 ἑαυτόν
1172 3069 1241 3134 ἐνέ-

234 3183 340 3248 πρησε
355 3161 457 3246 μόνος
478 3166 537 3230 ἕνα
558 3164 632 3232 τινά
651 3161 723 3233 οἷον
738 3169 886 3250 Θεαγένη
901 3171 1022 3231 τοῦτον
1035 3166 1240 3252 Φιλοκτήτην

235 3260 456 3347 παραλαβύνς
479 3259 497 3328 ὁ
516 3263 551 3330 δὲ
566 3265 602 3330 ἐν
615 3261 774 3351 Ὀλυμπίᾳ
788 3271 845 3348 τῆς
860 3263 1077 3348 πανηγύρεως
1089 3265 1239 3350 πληθού-

235 3381 294 3444 σης
307 3359 415 3444 μόνον
430 3355 491 3426 ούκ
508 3363 559 3428 ἐπὶ
577 3369 702 3447 σκηνῆς
718 3360 851 3448 ὀπτήσει
870 3363 1006 3430 ἑαυτόν.
1028 3360 1093 3430 ούκ
1108 3361 1239 3442 ἀνάξιος

236 3453 284 3524 ύν
295 3454 340 3543 μά
352 3455 412 3524 τόν
422 3455 603 3543 Ἡρακλέα,
628 3468 661 3527 εί
675 3485 714 3545 γε
727 3459 788 3548 χρῆ
809 3463 863 3530 καὶ
881 3461 961 3540 τοὺς
974 3469 1176 3544 πατραλοίας
1189 3464 1237 3528 καὶ

232 3553 313 3635 τούς
331 3553 455 3633 άθέους
475 3560 567 3634 δίκας
583 3559 714 3626 διδόναι
730 3569 798 3627 των
817 3559 1053 3643 τολμημάτων·
1084 3564 1138 3631 καλ
1159 3559 1238 3629 κατὰ
