2625 4092
412 273 730 336 ΧΑΡΙΔΗΜΟΣ.
1013 275 1076 337 433

55 438 229 519 ’Ἄφιδναν
239 435 369 520 ἐκόμισε
387 439 445 520 της
457 430 619 521 Ἀττικῆς,
638 438 694 504 καὶ
705 437 873 524 τοσαύτην
890 442 961 522 ἔσχε
978 437 1076 527 χάριν

58 533 153 625 αύτῷ
173 542 231 620 τῆς
253 538 438 619 συμμαχίας
459 539 613 619 ταυτησί,
637 533 725 602 ὥσθ’
741 533 847 613 οὕτως
864 539 998 620 ἐφίλησε
1016 537 1077 602 τόν

57 630 192 700 ἅπαντα
203 630 343 719 χρόνον,
363 628 447 698 ὥστε
463 632 518 699 καὶ
531 644 601 711 τοις
611 635 856 721 ἐπιγενομένοις
867 633 1076 719 παράδειγμα

56 730 219 815 γενέσθαι
229 726 293 817 τήν
304 730 438 815 Θησέως
448 729 502 797 καὶ
514 736 681 813 Πειρίθου
692 735 815 816 φιλίαν.
836 727 948 817 ἐπειδή
961 730 997 798 δὲ
1009 735 1076 799 ἔδει

56 825 216 897 κάκεῖνον
233 831 270 896 έν
282 825 399 894 ’Ἅιδου
416 828 575 911 γενέσθαι
594 825 656 915 τήν
673 828 851 915 Δήμητρος
866 829 1075 916 μυηστευσό-
1093 845 1148 899 628

57 954 165 1013 μενον
175 926 297 1014 κόρην,
317 926 429 1013 ἐπειδή
440 923 547 994 πολλά
562 933 738 1012 παραινῶν
749 925 811 995 ούκ
823 925 979 1014 ήδυνήθη
992 926 1076 994 ταύ-

57 1053 118 1112 της
137 1023 243 1093 αύτόν
256 1033 314 1110 τῆς
330 1033 446 1109 πείρας
467 1021 672 1111 ἀποσχέσθαι
693 1039 906 1110 καταπεῑσαι,
930 1048 1074 1112 συνηκο-

57 1124 232 1211 λούθησεν
249 1122 341 1214 αύτῷ
350 1123 477 1211 ταύτην
494 1128 689 1209 πρέπουσαν
703 1123 854 1210 οἰόμενος
867 1122 959 1214 αὐτῷ
972 1150 1075 1191 κατα-

56 1222 180 1311 θήσειν
187 1220 250 1310 τήν
260 1223 359 1308 χάριν
367 1224 442 1306 περὶ
452 1231 510 1310 τῆς
521 1230 627 1310 ψυχῆς
636 1220 720 1305 ὑπὲρ
732 1220 838 1291 αύτοῦ
847 1227 1072 1291 κινδυνεῦσαι,

57 1325 109 1389 17.
124 1324 379 1389 ἐπανελθοῦσαν
390 1319 423 1388 δ’
436 1319 623 1407 εἰς’Ἀργος,
635 1313 737 1399 αὖθις
748 1320 1001 1408 ἀποδημοῦντος
1010 1318 1074 1388 αύ-

56 1427 130 1502 τού,
146 1418 257 1506 ἐπειδή
270 1417 350 1487 καθ’
364 1417 457 1507 ὥραν
467 1412 511 1507 ήν
521 1421 650 1505 γάμων,
668 1427 773 1487 καίτοι
784 1446 822 1504 γε
833 1426 962 1505 ἔχοντες
971 1420 1074 1499 καλάς

56 1545 94 1586 τε
112 1521 168 1587 καί
186 1510 224 1586 εύ
237 1525 413 1607 γεγονυίας
432 1520 469 1585 έκ
489 1527 546 1605 της
557 1514 713 1596 Ἑλλάδος
729 1527 845 1604 σφίσιν
862 1515 975 1596 αὐτοῖς
993 1516 1072 1603 ἀγε-

57 1627 141 1686 σθαι
154 1632 317 1704 γυναῖκας
328 1621 363 1686 ολ
371 1624 429 1703 της
439 1614 596 1696 Ἑλλάδος
606 1623 767 1702 βασιλεῖς,
786 1623 821 1686 ολ
834 1619 871 1685 δὲ
881 1617 1074 1686 συνελθόν·

56 1743 112 1795 τες
129 1715 370 1803 ἐμνηστεύοντο
387 1715 513 1801 ταύτην
523 1712 582 1792 τάς
599 1713 702 1794 ἀλλας
713 1715 843 1795 ἁπάσας
854 1712 1073 1801 ὑπεριδόντες

58 1814 104 1894 ὡς
121 1817 336 1900 φαυλοτέρας.
367 1810 507 1900 γνόντες
523 1810 555 1880 δ’
574 1810 627 1880 ότι
647 1814 867 1901 περιμάχητος
887 1819 993 1900 ἔσται,
1016 1815 1072 1882 καὶ

57 1919 226 1992 δείσαντες
246 1910 291 1999 μή
313 1913 456 1997 πόλεμος
476 1915 611 1998 γένηται
637 1922 678 2000 τη
698 1911 845 1996 Ἑλλάδι,
875 1916 1071 1998 μαχομένων

57 2011 143 2099 πρὸς
154 2009 335 2098 ἀλλήλους,
352 2008 570 2096 ὀμωμόκασιν
581 2009 687 2097 ὅρκον
699 2014 830 2080 τουτουὶ
848 2012 951 2101 ψήφῳ
963 2021 1069 2100 κοινή,

56 2104 80 2195 ἦ
91 2110 157 2196 μήν
169 2108 404 2194 ἐπικουρήσειν
414 2114 460 2196 τῷ
472 2110 594 2198 ταύτης
604 2108 782 2190 ἀξιωθέντι
792 2108 869 2196 μηδ’
883 2111 1070 2190 ἐπιτρέψειν

55 2207 101 2295 ἥν
110 2234 159 2286 τις
171 2204 299 2276 ἀδικεῖν
309 2209 450 2293 ἐγχειρῇ,
458 2205 596 2285 ἕκαστος
606 2206 758 2293 οἰόμενος
769 2208 894 2292 ταύτην
905 2204 1069 2298 αὐτῷτὴν

56 2318 247 2393 συμμαχίαν
274 2305 548 2389 παρασκευάζειν.
581 2313 639 2393 τής
660 2307 722 2393 μὲν
746 2299 808 2374 οὖν
829 2309 914 2384 ἰδίας
934 2307 1069 2393 γνάμης

55 2404 221 2491 ἀπέτυχον
238 2403 359 2482 πάντες
375 2401 463 2490 πλήν
474 2405 670 2488 Μενελάου,
688 2412 746 2491 τῆς
766 2413 880 2491 κοινῆς
890 2405 923 2472 δ’
935 2407 1069 2488 ἐπειρά-

54 2513 169 2589 θησαν
180 2499 315 2571 αύτίκα·
338 2499 380 2569 ού
397 2510 510 2592 πολλςό
525 2501 590 2588 γάρ
607 2502 751 2588 ὕστερον
768 2509 876 2588 ἔριδος
887 2508 1070 2591 γενομένης

55 2616 126 2680 ταῖς
139 2611 234 2680 θεαῖς
251 2602 326 2686 περὶ
339 2601 501 2686 κάλλους,
520 2604 731 2687 ἐπιτρέπουσι
747 2601 810 2689 τήν
827 2609 937 2688 κρίσιν
948 2603 1070 2689 Πάριδι

55 2707 104 2791 τῷ
114 2701 288 2786 Πριάμου,
307 2699 325 2767 ὁ
338 2702 373 2769 δὲ
387 2707 455 2768 των
466 2701 527 2785 μὲν
538 2702 704 2788 σωμάτων
717 2707 786 2769 τῶν
799 2709 893 2768 θεῶν
903 2697 1068 2788 ἡττηθείς,

56 2807 125 2867 τῶν
136 2805 272 2884 δωρεῶν
289 2796 321 2868 δ’
334 2796 558 2885 ἀναγκασθεὶς
570 2802 730 2886 γενέσθαι
740 2799 869 2885 κριτής,
887 2802 943 2868 καὶ
953 2799 1068 2868 διδού-

55 2922 116 2984 σης
134 2896 239 2983 Ἤρας
251 2901 314 2983 μὲν
334 2894 397 2984 τήν
408 2902 468 2983 τής
482 2894 589 2976 Ἀσίας
610 2896 732 2985 ἀρχήν,
753 2895 791 2966 τό
808 2894 841 2964 δ’
860 2899 897 2965 έν
915 2902 1068 2982 πολέμοις

50 2995 199 3084 Ἀθηνᾶς
215 2995 351 3082 κράτος,
373 2993 567 3084 Ἀφροδίτης
584 2997 620 3066 δὲ
636 2995 697 3063 τόν
719 3003 777 3083 τῆς
793 2993 926 3082 Ἑλένης
948 2997 1068 3083 γάμον,

53 3097 109 3163 καὶ
131 3094 276 3181 φαύλοις
296 3098 359 3178 μὲν
380 3091 576 3178 ἀνθρώποις
595 3097 757 3181 γενέσθαι
775 3093 818 3162 ἀν
834 3119 915 3162 ποτε
931 3104 1070 3180 νομίσας

55 3192 118 3261 ούκ
139 3192 261 3261 έλάττω
279 3198 468 3278 βασιλείαν,
486 3189 618 3280 Ἑλένης
635 3190 667 3259 δ’
680 3190 801 3260 οὐδένα
818 3197 887 3261 τάν
899 3195 1069 3278 έπιγιγνο-
1107 3206 1109 3216 ’

53 3293 167 3377 μένων
183 3288 385 3377 ἀξιωθῆναι,
404 3296 574 3373 προείλετο
590 3288 652 3358 τόν
668 3290 790 3377 ταύτης
807 3291 924 3378 γάμον.
950 3295 999 3360 18.
1012 3319 1069 3377 γε·

53 3391 198 3476 νομένης
215 3391 252 3456 δὲ
268 3396 327 3474 τῆς
342 3383 554 3474 ὑμνουμένης
570 3391 698 3476 ἐκείνης
715 3395 885 3472 στρατείας
901 3386 985 3456 κατά
1000 3397 1070 3458 τοῖν

42 3489 186 3576 ’Τράων
200 3491 328 3576 καὶτῆς
345 3484 514 3575 Εύρύπης
533 3488 605 3557 τότε
622 3498 755 3574 πρῶτον
779 3489 861 3558 κατὰ
884 3496 941 3574 της
959 3487 1068 3571 Ἀσίας

138 3614 245 3655 tum.
268 3599 314 3655 111.
885 3593 926 3655 28
