2625 4092
200 227 261 291 248
549 237 852 300 ΛΟΤΚΙΑΝΟΤ

200 387 338 459 ἁπασῶν
350 396 479 483 ῥηιδίως.
501 403 566 462 νύν
578 393 610 462 δ’
621 395 721 465 άπιθι
732 405 929 486 λουσομένη,
943 409 973 468 εί
982 401 1135 487 ιἰφίιιοιτο
1147 410 1195 474 καὶ

199 488 343 577 τήμερον
358 489 394 560 τδ
410 495 583 578 μειράκιον
598 489 615 560 δ
630 493 806 577 Εὔκριτος·
828 495 1018 584 ὑπισχνεῖτο
1034 502 1108 585 γάρ.

613 645 782 656 ——

686 753 714 812 7.

393 863 567 916 ΜΗΤΗΡ
591 866 675 916 ΚΑΙ
701 864 1006 921 ΜΟΤΣΑΡΙΟΝ.

282 1001 310 1062 l.
335 1003 448 1064 MHT.
463 993 524 1063 ’Ἁν
538 994 570 1063 δ’
587 1001 634 1064 ἔτι
654 1003 806 1063 τοιοῦτον
827 997 967 1085 ἐραστήν
982 999 1150 1088 εὕρωμεν,
1173 998 1195 1069 ά
1294 1066 1295 1083 2

197 1092 414 1178 Μουσάριον,
432 1089 499 1171 οἷος
511 1091 528 1160 ὁ
540 1097 683 1175 Χαιρέας
697 1096 780 1176 ε’στί,
796 1102 901 1164 θῦσαι
913 1097 973 1183 μέν
987 1107 1028 1185 τῇ
1037 1099 1197 1192 πανδήμῳ

198 1191 306 1275 δεήσει
321 1189 446 1276 λευκήν
466 1195 613 1277 μηκάδα,
638 1198 677 1279 τή
691 1189 832 1281 οὐρανίᾳ
848 1196 884 1260 δὲ
898 1202 937 1282 τη
954 1199 990 1261 ἐν
1004 1197 1122 1280 κήποις
1140 1201 1197 1264 δά·

128 1302 179 1358 296
199 1296 314 1372 μαλιν,
334 1297 543 1374 στεφανῶσαι
555 1291 590 1358 δὲ
602 1292 656 1358 καὶ
669 1286 730 1375 τήν
741 1291 1036 1376 πλουτοδότειραν,
1051 1297 1106 1360 καὶ
1117 1293 1198 1372 ὅλως

196 1386 354 1472 μακάριαι
375 1390 429 1455 καὶ
452 1393 721 1473 τρισευδαίμονες
742 1389 894 1474 ἐσόμεθα.
927 1397 992 1457 νῦν
1013 1389 1094 1478 ὁρᾷς
1109 1389 1196 1474 παρά
1294 1382 1295 1437 Ῐ

195 1495 256 1553 τού
270 1493 448 1554 νεανίσκου
462 1486 559 1572 ἡλίκα
579 1489 809 1573 λαμβάνομεν,
829 1483 865 1564 δς
881 1485 1004 1575 ὀβολὸν
1024 1489 1086 1572 μέν
1102 1489 1198 1557 ούδε-

195 1584 330 1652 πάποτέ
343 1607 395 1653 σοι
413 1589 573 1669 δέδωκεν,
594 1583 655 1652 ούιι
673 1589 815 1670 ἐσθῆτα,
841 1586 903 1672 ούχ
922 1585 1136 1673 ὑποδήματα,
1157 1585 1197 1653 ού

196 1685 322 1769 μύρον,
345 1684 427 1752 άλλά
445 1687 629 1770 προφάσεις
645 1683 697 1751 άεὶ
715 1687 771 1752 καὶ
787 1683 980 1772 ὑποσχέσεις
1000 1691 1055 1755 καὶ
1075 1691 1197 1773 μακραὶ

196 1785 324 1860 ἐλπίδες
341 1785 395 1849 καλ
409 1781 496 1851 πολύ
511 1784 565 1867 τό,
582 1780 641 1850 ε’άν
652 1780 670 1848 ὁ
683 1780 790 1868 πατήρ
808 1835 815 1848 .
830 1834 837 1848 .
854 1785 908 1850 καὶ
922 1785 1037 1866 κύριος
1051 1786 1196 1870 γένωμαι

195 1887 262 1947 τῶν
276 1883 456 1969 πατρῴων,
471 1885 525 1949 καλ
540 1882 647 1948 πάντα
663 1879 715 1947 σά.
738 1879 781 1946 σύ
797 1882 832 1948 δὲ
843 1883 898 1949 καὶ
912 1881 1120 1967 ὀμωμοκέναι
1135 1880 1196 1948 αύ-

195 1976 255 2046 τδν
272 1977 337 2064 φής
350 1979 400 2047 ὅτι
416 1982 508 2069 νόμφ
523 2003 560 2046 σε
576 1977 724 2066 γαμετήν
739 1979 918 2064 ποιήσεται.
1294 2042 1295 2077 η

282 2086 419 2146 ΜΟΥΣ.
433 2077 557 2164 Ὤμοσε
572 2079 652 2164 γάρ,
671 2071 698 2143 ὦ
713 2084 831 2162 μῆτερ,
847 2076 928 2144 κατὰ
944 2091 1017 2148 ταῖν
1031 2087 1127 2145 θεοῖν
1142 2081 1193 2145 καλ
1294 2136 1295 2157 ,

194 2183 251 2261 τῆς
266 2177 431 2252 Πολιάδος
1294 2220 1295 2259 3

280 2282 354 2342 ΜΗ
358 2283 391 2342 Τ.
415 2277 480 2343 Καὶ
492 2274 655 2351 πιστεύεις
671 2274 812 2360 δηλαδή·
835 2275 891 2341 καλ
901 2273 956 2340 διά
966 2280 1065 2340 τοῦτο
1080 2275 1194 2363 πρῴην

195 2371 256 2440 ούιι
269 2379 375 2458 ἔχοντι
390 2371 479 2464 αύτῷ
490 2383 685 2440 καταθεῖναι
697 2371 869 2460 συμβολήν
880 2371 940 2440 τόν
952 2371 1131 2440 δακτύλιον
1142 2376 1195 2440 δέ·
1294 2366 1295 2393 ³

195 2477 302 2550 δωκας
321 2471 510 2558 ἀγνοούσης
530 2475 628 2558 έμού,
650 2469 668 2539 ὁ
687 2473 723 2539 δέ
747 2471 955 2556 ἀποδόμενος
970 2475 1119 2555 κατέπιε,
1143 2473 1196 2538 καὶ
1294 2472 1296 2527 λ

194 2569 293 2640 πάλιν
312 2571 352 2638 τά
373 2571 435 2638 δύο
452 2573 643 2654 περιδέραια
665 2566 704 2636 τά
717 2568 860 2653 Ἰωνικά,
883 2572 1022 2637 ἕλκοντα
1040 2572 1196 2651 ἑκάτερον

194 2672 255 2737 δύο
272 2670 463 2754 δαρεικούς,
488 2668 510 2735 δι’
527 2693 579 2736 σοι
595 2667 706 2747 ὁΧῑος
719 2675 865 2751 Πραξίας
880 2667 898 2736 ὁ
916 2669 1105 2754 ναύκληρος
1123 2669 1195 2736 έκό-

193 2789 266 2854 μισε
283 2769 506 2855 ποιησάμενος
517 2771 554 2835 έν
565 2766 704 2859 Ἐφέσφ·
728 2771 829 2835 ἐδεῖτο
841 2767 906 2854 γάρ
916 2773 1060 2849 Χαιρέας
1074 2774 1195 2851 ἔρανον

193 2869 396 2954 συνεφήβοις
414 2864 618 2952 ἀπενεγκεῖν.
647 2865 773 2944 ὀθόνας
787 2867 851 2952 γάρ
869 2869 922 2934 καὶ
936 2875 1153 2952 χιτωνίσκους
1166 2871 1197 2931 τί

193 2960 235 3030 άν
255 2968 398 3050 λέγοιμι;
421 2967 475 3031 καὶ
497 2963 582 3042 ὅλως
597 2966 735 3050 ἕρμαιόν
751 2993 781 3032 τι
801 2963 881 3051 ἡμῖν
901 2968 955 3031 καὶ
976 2967 1059 3049 μέγα
1076 2961 1195 3046 ὄφελος

192 3067 430 3147 συμπέπτωκεν
449 3056 555 3140 οὗτος.

275 3167 303 3226 2.
317 3167 459 3228 ΜΟῬΣ.
479 3160 574 3230 Ἀλλά
587 3161 687 3241 καλδς
699 3165 754 3231 καλ
764 3161 922 3248 άγένειος,
935 3163 989 3229 καὶ
1001 3164 1104 3247 φησὶν
1115 3163 1195 3246 ἐραν

192 3263 246 3327 καί
268 3261 404 3342 δακρύει
419 3263 473 3328 καλ
488 3265 698 3348 Δεινομάχης
719 3264 773 3328 καὶ
788 3261 936 3346 Λάχητος
957 3260 1028 3337 υἱός
1050 3263 1116 3327 ἐστι
1135 3266 1195 3326 τοῦ

188 3356 421 3442 Ἀρεοπαγίτου
443 3362 496 3426 καὶ
518 3363 620 3446 φησὶν
635 3359 721 3446 ημᾶς
738 3361 899 3447 γαμήσειν
916 3361 970 3426 καλ
985 3360 1128 3444 μεγάλας
1141 3360 1190 3424 έλ·

124 3468 175 3524 297
196 3463 290 3534 πέδας
305 3463 421 3542 ἔχομεν
439 3454 518 3540 παρ’
535 3456 655 3539 αὐτοῦ,
673 3453 715 3543 ἢν
732 3457 749 3524 ὁ
764 3461 873 3544 γέρων
887 3458 995 3542 μόνον
1012 3456 1189 3543 καταμύσῃ.
