2625 4092
412 278 683 339 ΔΙΟΝΤΣΟΣ.
993 276 1052 340 127

32 436 148 516 εὐθὺς
163 442 198 507 δὲ
214 440 254 508 τά
266 442 423 526 τύμπανα
439 442 630 525 ἐπαταγεῖτο
644 440 700 507 καὶ
714 439 754 507 τά
768 440 921 527 κύμβαλα
937 436 974 508 τό
990 466 1051 507 πο-

31 535 179 624 λεμικόν
196 540 353 626 ἐσήμαινε
372 539 509 606 καὶτῶν
523 538 691 621 Σατύρων
704 564 754 616 τις
770 535 884 626 λαβών
901 535 938 605 τό
955 540 1052 621 κέρας

32 636 178 722 ἐπηύλει
192 634 229 706 τό
248 636 371 719 όρθιον
385 638 439 706 καὶ
461 635 477 703 ὁ
492 645 554 704 τοῦ
568 644 738 724 Σειληνοῦ
752 636 831 717 όνος
847 639 1006 708 ἐνυάλιόν
1021 665 1053 705 τι

34 735 216 821 ὠγκήσατο
230 739 284 804 καί
301 741 337 803 αί
346 736 522 814 Μαινάδες
533 733 598 803 σύν
610 732 758 823 ὀλολυγῇ
767 737 977 824 ἐνεπήδησαν
989 733 1053 803 αῦ-

32 850 107 912 τοῖς
136 834 320 919 δράκοντας
341 831 567 920 ὑπεζωσμέναι
594 832 658 902 κάκ
681 842 750 901 νῦν
770 835 913 920 θύρσων
937 832 1052 918 άκρων

33 932 296 1018 ἀπογυμνοῦσαι
319 932 380 1002 τὸν
395 938 544 1019 σίδηρον.
579 937 612 1002 οί
627 930 723 1001 Ἰνδολ
745 936 853 1001 δὲκαὶ
875 936 1052 1020 ἐλέφαντες

34 1030 155 1097 αὐτῶν
176 1030 294 1099 αὐτίκα
317 1034 526 1117 ἐγκλίναντες
548 1028 612 1098 σῦν
635 1028 748 1099 ούδενὶ
770 1033 883 1122 κόσμῳ
906 1037 1052 1117 ἔφευγον
1068 1048 1102 1105 79

34 1126 115 1197 οὐδ’
130 1128 223 1209 ἐντός
237 1134 355 1217 βέλους
365 1132 525 1215 γενέσθαι
535 1126 787 1215 ὑπομείναντες,
800 1133 854 1197 καλ
866 1134 957 1209 τέλος
969 1124 1053 1198 κατά

35 1228 163 1311 κράτος
173 1230 361 1297 ἑαλώκεσαν
371 1231 424 1296 καί
435 1229 633 1314 αἰχμάλωτοι
641 1226 809 1315 άπήγοντο
820 1226 887 1295 ὑπὸ
897 1236 964 1295 τῶν
973 1230 1053 1305 τέως

34 1329 340 1413 καταγελωμένων,
364 1334 449 1418 ἐργςο
464 1326 632 1414 μαθόντες
653 1325 697 1405 ὡς
718 1326 781 1395 οῦκ
797 1332 895 1416 ἐχρῆν
912 1325 978 1395 άπό
996 1334 1052 1414 τῆς

36 1425 174 1511 πρώτης
186 1423 286 1512 άκοῆς
297 1440 523 1511 καταφρονεῖν
538 1428 642 1505 ξένων
658 1431 900 1510 στρατοπέδων.
924 1434 953 1494 5.
967 1424 1051 1494 ἀλλὰ

35 1532 70 1591 τί
88 1521 174 1605 πρός
194 1522 254 1591 τόν
268 1525 441 1593 Διόνυσον
464 1522 481 1591 ὁ
499 1524 670 1603 Διόνυσος
693 1518 807 1608 οῦτος;
831 1536 916 1595 είποι
932 1552 981 1604 τις
998 1524 1049 1592 ἄν.

35 1618 90 1689 ὅτι
106 1646 165 1707 μοι
180 1624 317 1689 δοκοῦσι
327 1663 369 1674 -
379 1625 432 1691 καὶ
447 1618 531 1705 πρός
543 1629 698 1705 Χαρίτων
712 1622 757 1709 μή
772 1650 812 1709 με
824 1630 1051 1711 κορυβαντιᾶν

35 1714 195 1803 ήτελέος
211 1720 353 1805 μεθύειν
370 1718 576 1807 ὑπολάβητε,
595 1728 624 1789 εί
637 1719 723 1807 τάμίι
741 1723 857 1803 είκάζω
874 1736 941 1799 τοῖς
958 1731 1051 1800 θεοῖς

42 1860 75 1866 -
95 1815 218 1903 ὅμοιόν
238 1846 268 1885 τι
284 1819 424 1907 πάσχειν
445 1824 478 1887 οί
491 1821 605 1887 πολλοὶ
627 1817 711 1901 πρὸς
731 1819 810 1899 τοῦς
828 1816 966 1899 καινούς
983 1826 1050 1886 τῶν

37 1917 154 2002 λόγων
175 1930 241 1995 τοῖς
261 1914 374 1997 Ἰνδοῖς
397 1920 535 1995 ἐκείνοις
558 1912 630 1985 οἷον
651 1920 706 1985 καὶ
730 1914 815 2002 πρός
834 1914 913 1996 τοῦς
932 1919 1048 2003 ἐμούς·

37 2016 189 2100 οἰόμενοι
213 2012 278 2101 γάρ
294 2014 455 2101 σατυρικοὶ
473 2018 527 2085 καὶ
543 2018 656 2103 γελοῖά
679 2042 754 2085 τινα
775 2018 829 2083 καί
849 2021 969 2105 κομιδῇ
984 2040 1051 2082 κω-

37 2109 120 2197 μικοὶ
134 2109 215 2196 παρ’
225 2111 321 2199 ἡμῶν
336 2112 543 2183 ἀκούσεσθαι
554 2122 690 2181 τοιαῦτα
703 2114 971 2201 πεπιστεύκασιν,
988 2109 1051 2178 ούκ

38 2212 90 2281 οἶδ
95 2212 104 2236 ’
121 2211 142 2280 ό
156 2240 186 2281 τι
199 2216 300 2293 δόξαν
312 2214 425 2295 αὐτοῖς
435 2214 519 2298 ὑπὲρ
535 2220 632 2301 ἐμοῦ
656 2219 691 2282 oc
703 2215 764 2299 μὲν
779 2213 859 2282 οῦδὲ
873 2213 935 2301 τήν
947 2212 1052 2300 ἀρχήν

38 2312 276 2400 ἀφικνοῦνται,
292 2313 337 2394 ὡς
351 2314 452 2383 οὐδὲν
463 2319 540 2383 δέον
552 2318 709 2401 παρέχειν
719 2312 759 2381 τά
773 2308 840 2381 ὦτα
854 2316 978 2399 κώμοις
988 2340 1051 2400 γυ-

38 2420 200 2491 ναικείοις
226 2415 281 2481 καλ
309 2414 505 2500 σκιρτήμασι
532 2427 723 2496 σατυρικοῖς
750 2414 958 2500 καταβάντας
985 2411 1050 2481 ιἰπό

39 2522 106 2580 τῶν
123 2513 333 2599 ἐλεφάντων,
349 2518 384 2581 οί
396 2515 431 2580 δὲ
444 2510 488 2590 ὡς
499 2514 551 2581 ἐπὶ
565 2513 698 2581 τοιοῦτό
708 2539 739 2580 τι
754 2510 892 2599 ἥκοντες
906 2511 979 2580 άντλ
991 2520 1051 2579 τοῦ

42 2618 157 2681 κιττοῦ
179 2616 318 2697 σίδηρον
336 2610 490 2699 εὑρόντες
512 2609 586 2679 οὐδ’
606 2610 714 2690 οὕτως
736 2614 885 2679 ἐπαινεῖν
905 2619 1050 2696 τολμῶσι

39 2720 82 2804 τῷ
99 2712 278 2803 παραδόξῳ
291 2718 352 2778 τοῦ
365 2713 558 2799 πράγματος
570 2714 844 2798 τεθορυβημένοι.
868 2710 949 2779 άλλά
962 2721 1050 2795 θαρ-
1066 2733 1101 2787 so

40 2820 112 2893 ρῶν
128 2812 369 2897 ἐπαγγέλλομαι
390 2807 518 2895 αὐτοῖς,
540 2808 591 2878 ότι
611 2806 655 2897 ήν
671 2812 725 2878 καλ
740 2818 805 2877 νῦν
822 2808 865 2888 ὡς
885 2809 1051 2895 πρότερόν

40 2938 120 2979 ποτε
136 2908 199 2997 τήν
212 2919 348 2997 τελετην
363 2912 570 2998 ἐθελήσωσιν
585 2911 711 2979 ἐπιδεῖν
725 2911 884 2988 πολλάκις
898 2912 951 2977 καὶ
968 2907 1052 2976 άνα-

41 3014 241 3097 μνησθῶσιν
252 3012 286 3076 οί
299 3010 433 3077 παλαιοί
448 3010 613 3095 συμπόται
626 3008 749 3095 κάμων
761 3016 885 3076 κοινῶν
898 3017 966 3076 τῶν
977 3007 1052 3075 τότε

41 3114 169 3193 καιρῶν
190 3104 305 3193 καὶμὴ
327 3109 606 3196 καταφρονήσωσι
627 3117 695 3177 τάν
711 3108 878 3192 Σατύρων
901 3110 954 3175 καὶ
970 3115 1052 3175 Σει-

41 3214 165 3293 ληυῦν,
177 3214 276 3275 πίωσι
286 3206 322 3275 δὲ
333 3210 365 3286 ἐς
375 3207 478 3293 κόρον
489 3216 549 3275 τοῦ
559 3216 723 3295 κρατῆρος
731 3207 864 3295 τούτου,
875 3209 1052 3294 ἐκβακχεύ-

41 3327 113 3374 σειν
128 3308 184 3374 καλ
206 3302 330 3383 αὐτούς
344 3308 399 3375 καί
418 3308 577 3386 πολλάκις
591 3305 672 3393 μεθ’
689 3305 785 3394 ἡμων
802 3309 890 3393 ἐρεῖν
910 3305 946 3373 τό
970 3302 1049 3373 εῦοῖ.

41 3414 68 3473 6.
86 3397 183 3473 οῦτοι
204 3404 265 3492 μὲν
283 3398 346 3473 οῦν
367 3449 401 3457 -
419 3406 601 3489 ἐλεύθερον
621 3404 685 3492 γάρ
707 3403 791 3492 ἀκοή
808 3447 844 3457 -
862 3406 1053 3474 ποιούντων

41 3503 59 3572 ὅ
78 3534 109 3575 τι
126 3506 182 3573 καὶ
197 3511 314 3591 φίλον,
342 3502 406 3591 ἐγῦ
424 3509 479 3591 δέ,
501 3505 678 3588 ἐπειδήπερ
695 3509 742 3571 ἐτι
758 3507 795 3571 ἐν
807 3502 922 3583 Ἰνδοῖς
943 3506 1052 3588 ἐσμέν,
