2625 4092
243 274 306 335 106
599 274 905 332 ΛΟΤΧΙΑΝΟΤ

244 433 448 518 ἀναπλάσας,
457 433 583 519 Ἄπιθι,
599 439 676 520 ἐφη,
693 435 748 500 καὶ
759 430 820 517 ἀγε
830 437 992 515 Χρυσίδα.
1014 433 1067 498 καί
1080 427 1098 495 ὅ
1113 432 1175 515 μὲν
1188 454 1252 513 πη-

243 530 301 609 λὸς
316 534 486 617 ἐξέπτατο,
510 532 565 599 καὶ
579 528 662 617 μετά
675 527 797 616 μικρόν
821 530 857 597 δὲ
872 532 991 615 ἐπέστη
1007 529 1177 596 κόπτουσα
1194 526 1253 611 τήν

243 632 359 712 θύραν
379 632 489 716 ἐκείνη
507 633 562 697 καὶ
579 636 778 697 εἰσελθοῦσα
799 625 1070 713 περιβάλλειτόν
1084 632 1253 694 Γλαυκίαν

245 726 289 807 ῶς
306 723 349 794 ἀν
365 730 592 813 ἐμμανέστατα
607 730 715 812 ἐρῶσα
729 730 785 793 καὶ
799 733 908 811 συνῆν
923 724 999 811 ἀχρι
1015 723 1056 811 δή
1071 721 1253 807 ἀλεκτρυό-

244 852 315 892 νων
331 822 523 911 ήκοόσαμεν
538 823 701 915 ᾀδόντων.
723 823 798 892 τότε
813 822 853 909 δὴ
864 822 887 909 ή
898 850 932 891 τε
943 824 1077 909 Σελήνη
1092 820 1253 888 ἀνέπτατο

244 928 277 1001 ἐς
291 920 351 991 τόν
363 920 513 1007 οὐρανὸν
523 926 578 991 καὶ
589 920 609 1009 ή
620 921 739 1006 Ἑκάτη
750 926 810 988 ἔδυ
822 920 905 988 κατά
916 928 973 1007 τῆς
984 930 1044 1007 γῆς
1055 922 1110 988 καὶ
1119 919 1161 987 τά
1173 918 1253 986 ἀλλα

244 1021 401 1107 φάσματα
416 1019 589 1108 ἠφανίσθη
607 1022 661 1088 καὶ
683 1017 744 1105 τήν
760 1025 912 1101 Χρυσίδα
933 1023 1162 1106 ἐξεπέμψαμεν
1182 1018 1254 1099 περὶ

244 1117 327 1187 αῦτό
342 1145 409 1187 που
425 1117 545 1205 σχεδόν
558 1118 595 1187 τὸ
609 1121 784 1205 λυκαυγές.
809 1125 859 1187 15.
877 1125 908 1188 εί
915 1126 1019 1187 ταῦτα
1031 1117 1131 1201 εἶδες,
1148 1110 1175 1183 ῶ
1190 1123 1254 1183 Τυ-

242 1218 356 1304 χιάδη,
373 1216 435 1285 οὐκ
447 1215 492 1285 ἀν
506 1224 552 1286 ἐτι
563 1218 745 1305 ήπίστησας
758 1218 842 1286 εἶναι
857 1216 963 1287 πολλά
977 1222 1014 1287 ἐν
1028 1232 1100 1296 ταῖς
1114 1219 1254 1308 ἐπῳδαῖς

195 1332 228 1384 43
244 1316 395 1402 χρήσιμα.
420 1307 473 1383 Εὖ
484 1320 606 1402 λέγεις,
624 1308 669 1402 ήν
684 1314 715 1383 δ’
730 1318 795 1403 έγῶ
804 1344 812 1359 ·
835 1320 1009 1385 ἐπίστευον
1023 1313 1088 1401 γάρ
1100 1313 1161 1398 ἀν,
1180 1322 1215 1380 εί
1221 1337 1255 1396 γε

244 1414 334 1481 εἶδον
357 1412 460 1501 αῦτά,
482 1422 548 1481 νῦν
569 1416 605 1482 δέ
623 1418 822 1501 συγγνώμη,
847 1414 953 1501 οἶμαι,
978 1421 1008 1481 εί
1030 1412 1074 1500 μή
1095 1410 1136 1480 τά
1157 1409 1256 1496 ὅμοια

243 1510 324 1597 ὑμῖν
338 1508 529 1593 ὀξυδερκεῖν
545 1518 616 1599 ἔχω.
647 1510 735 1599 πλήν
752 1511 825 1581 ἀλλ’
844 1512 917 1580 οἶδα
932 1512 996 1599 γάρ
1017 1511 1079 1598 τήν
1092 1512 1255 1593 Χρυσίδα,

243 1610 287 1697 ἢν
302 1613 424 1696 λέγεις,
447 1610 589 1695 ἐραστήν
607 1625 751 1695 γυναῖκα
766 1614 821 1679 καὶ
835 1611 1029 1696 πρόχειρον·
1060 1606 1121 1693 οὐχ
1136 1605 1207 1689 ὁρῶ
1224 1607 1256 1671 δὲ

243 1717 334 1787 τίνος
350 1711 448 1776 ’ἕνεκα
469 1710 629 1796 ἐδεήθητε
650 1708 703 1779 ἐπ’
724 1709 831 1797 αῦτήν
847 1719 908 1778 τοῦ
925 1717 1069 1796 πηλίνου
1089 1714 1256 1792 πρεσβευ-

243 1814 304 1874 τοῦ
322 1808 377 1875 καὶ
396 1808 511 1893 μάγον
524 1814 585 1874 τοῦ
600 1811 632 1889 ἐξ
649 1808 877 1895 Ὑπερβορέων
900 1809 956 1875 καὶ
970 1806 1121 1893 Σελήνης
1144 1804 1256 1888 αὐτῆς,

243 1902 286 1989 ἢν
302 1914 407 1972 εῖκοσι
422 1910 578 1991 δραχμῶν
594 1903 733 1991 ἀγαγεῖν
743 1909 776 1984 ἐς
787 1904 1028 1992 Ὑπερβορέους
1043 1901 1192 1971 δυνατὸν
1204 1895 1255 1987 ἦν.

243 2004 335 2069 πάνυ
349 2002 414 2088 γάρ
429 2008 583 2071 ένδίδωσι
601 2002 684 2089 πρός
699 2004 825 2089 ταύτην
840 2000 902 2089 τήν
913 2000 1046 2091 ἐπῳδήν
1061 1999 1082 2088 ή
1098 1998 1186 2086 γυνή
1204 2001 1257 2065 καὶ

243 2098 280 2167 τό
297 2103 450 2169 ἐναντίον
464 2117 530 2179 τοῖς
544 2102 696 2188 φάσμασι
710 2104 898 2169 πέπονθεν·
928 2104 1037 2167 ἐκεῖνα
1054 2101 1116 2186 μὲν
1133 2096 1200 2184 γάρ
1216 2094 1257 2182 ἢν

243 2199 357 2283 ψόφον
375 2197 504 2287 ἀκοόση
518 2197 676 2287 χαλκοῦή
692 2201 852 2285 σιδήρου,
871 2204 1070 2285 πέφενγε-
1081 2201 1136 2265 καὶ
1153 2204 1256 2264 ταῦτα

242 2297 306 2384 γάρ
324 2296 417 2385 ὑμεῖς
433 2326 517 2384 φατε
536 2342 572 2350 -
588 2298 673 2383 αὕτη
688 2298 724 2366 δέ
745 2296 788 2365 ἀν
803 2298 969 2385 ἀργύριόν
984 2323 1050 2364 που
1065 2303 1177 2384 ψοφῇ,
1202 2302 1257 2378 ἔρ-

242 2424 333 2483 χεται
344 2395 428 2484 πρός
442 2396 503 2465 τόν
518 2392 611 2485 ήχου.
643 2397 751 2475 άλλως
764 2425 799 2465 τε
820 2401 875 2465 καὶ
893 2397 1056 2484 θαυμάζω
1072 2392 1183 2462 αὐτοῦ
1197 2399 1256 2461 τοῦ

243 2497 370 2582 μάγου,
394 2503 422 2564 εί
438 2498 627 2582 δυνάμενος.
642 2494 743 2573 αὐτὸς
763 2500 949 2583 ἐρασθῆναι
969 2493 1052 2577 πρὸς
1066 2500 1134 2560 τῶν
1151 2502 1257 2559 πλου-

244 2596 415 2663 σιωτάτων
432 2602 603 2681 γυναικῶν
625 2597 680 2663 καὶ
697 2596 842 2663 τάλαντα
857 2594 919 2662 ὅλα
940 2592 1021 2676 παρ’
1038 2591 1153 2660 αὐτῶν
1173 2602 1255 2678 λαμ-

243 2697 372 2781 βάνειν,
390 2694 454 2762 ὁδέ
464 2694 631 2781 τεττάρων
642 2702 737 2779 μνῶν
748 2696 841 2761 πάνυ
853 2692 1072 2780 σμικρολόγος
1083 2688 1134 2758 ῶν
1144 2698 1256 2760 Γλαυ-

244 2803 321 2864 κίαν
343 2797 525 2878 ἐπέραστον
546 2792 724 2877 ἐργάζεται.
756 2798 875 2860 Γελοῖα
896 2806 1018 2876 ποιεῖς,
1044 2797 1111 2877 ἔφη
1133 2790 1257 2869 ὁἼων,

244 2892 394 2961 ἀπιστῶν
408 2890 541 2958 ἅπασιν.
567 2896 616 2958 16.
639 2889 704 2975 ἐγῶ
719 2898 805 2977 γοῦν
819 2889 925 2977 ἡδέως
942 2888 985 2956 ἀν
1001 2893 1140 2975 ἐροίμην
1157 2910 1213 2969 σε,
1230 2897 1259 2955 τί

243 2993 318 3072 περὶ
338 2991 468 3057 τούτων
483 2987 549 3076 φής
569 2988 642 3057 ὅσοι
664 2988 745 3068 τοῦς
765 2994 994 3073 δαιμονῶντας
1009 2985 1257 3056 ἀπαλλάττουσι

243 3098 311 3156 τῶν
329 3090 495 3175 δειμάτων
517 3088 606 3155 οὕτω
622 3096 738 3174 σαφῶς
758 3088 931 3176 ἐξᾴδοντες
948 3089 1003 3156 καὶ
1023 3085 1063 3154 τά
1086 3089 1257 3175 φάσματα.

243 3192 411 3256 καὶταῦτα
423 3186 485 3255 οῦκ
498 3186 554 3272 ἐμὲ
564 3186 625 3273 χρὴ
637 3193 762 3274 λέγειν,
780 3186 863 3256 ἀλλά
875 3188 997 3266 πάντες
1008 3198 1099 3257 ῖσασι
1109 3185 1174 3255 τόν
1187 3189 1259 3256 Σῦ-

243 3314 305 3370 ρον
320 3282 381 3353 τόν
404 3288 440 3353 ἐκ
455 3294 513 3371 τῆς
526 3294 768 3373 Παλαιστίνης,
792 3284 853 3355 τόν
867 3288 921 3353 ἐπὶ
933 3289 1063 3354 τούτων
1079 3290 1258 3374 σοφιστήν,

193 3399 228 3453 44
246 3386 347 3463 ὅσους
363 3385 566 3472 παραλαβών
582 3394 847 3464 καταπίπτοντας
862 3383 946 3469 πρός
960 3383 1023 3470 τήν
1039 3388 1191 3473 σελήνην
1206 3390 1259 3455 καὶ
1296 3405 1298 3504 η

242 3483 287 3553 τῶ
304 3482 472 3571 ὀφθαλμῶ
485 3486 746 3570 διαστρέφοντας
759 3488 814 3553 καὶ
824 3484 938 3571 ἀφροῦ
952 3487 1211 3570 πιμπλαμένους
1222 3484 1258 3551 τό
