2625 4092
229 240 291 303 τεο
572 242 891 321 [Αονεικαον]

159 422 211 479 619
229 409 259 471 2.
276 406 400 488 ἔφασκε
417 401 458 491 δὴ
473 401 557 470 ἄλλα
578 430 613 470 τε
633 400 738 472 πολλά
757 411 959 490 γεγενῆσθαι
976 403 1090 473 ἀστεία
1107 407 1164 474 καὶ
1178 432 1223 492 χα-

230 505 357 583 ρίεντα,
376 501 430 568 καλ
446 499 486 586 δὴ
511 503 566 575 καλΙ
584 501 728 579 κάλλους
751 501 895 587 ἐγκώμια
914 509 1068 588 εἰρῆσθαι
1086 519 1158 582 τοῖς
1177 501 1229 569 ἆν-

229 598 365 682 δρόσιν,
380 595 402 664 ἃ
416 601 544 666 ἐκεῖνον
558 601 619 683 μὲν
634 596 679 685 μὴ
695 599 863 666 δύνασθαι
877 606 981 668 είπεῑν
998 598 1064 668 ὑπό
1079 625 1115 669 τε
1128 600 1228 688 γήρως

229 698 485 780 ἐπιλελησμένον
495 695 601 774 άλλως
613 723 647 763 τε
660 698 694 763 δὲ
706 698 760 764 καὶ
775 695 837 764 ούκ
851 697 903 766 ἐπὶ
914 697 1000 764 πολύ
1016 697 1130 784 λόγων
1145 724 1229 785 μετε-

229 793 387 880 σχηκότα,
410 793 446 860 σὲ
464 788 494 859 δ’
513 788 557 859 ἂν
571 795 693 881 ῥᾳδίως
709 799 813 862 εἰπεῖν
827 793 885 864 άτε
901 797 956 864 καλ
970 794 1075 863 αύτδν
1093 798 1229 882 ἐγκεκω

228 889 367 980 μιακότα
376 894 432 963 καλ
440 904 505 970 τοῖς
514 889 712 974 ἄλλοιςπαρ’
721 891 802 960 ὅλον
810 889 848 961 τό
858 892 1047 978 συμπόσιον
1055 915 1229 980 προσεσχη-

228 990 308 1059 κότα
325 988 385 1060 τόν
401 997 495 1059 νοῦν.
569 1006 577 1037 ⁸

314 1096 599 1158 ΧΑΡΙΔΗΜΟΣ.
635 1093 758 1176 Γέγονε
781 1093 903 1175 ταῦτα,
936 1082 1163 1174 όἝρμιπττε.
1198 1089 1233 1156 ού

230 1192 342 1275 μέντοι
357 1216 395 1275 γε
409 1185 483 1256 οὐδ’
499 1191 570 1273 ἐμοὶ
586 1189 705 1277 ῥᾴδιον
721 1183 773 1254 ἐπ’
790 1183 958 1273 ἀκριβείας
975 1185 1104 1255 ἅπαντα
1121 1191 1233 1268 διεξιέ-

228 1312 301 1354 ναι·
330 1284 372 1379 ού
386 1287 450 1370 γὰρ
466 1281 588 1355 οἷόντε
606 1279 650 1371 ἦν
666 1286 803 1352 ’πάντων
816 1283 953 1353 ἀκούειν
970 1288 1130 1373 θορύβου
1155 1298 1234 1354 πολ-

228 1392 290 1453 λοῦ
299 1388 479 1471 γινομένου
488 1393 556 1452 τῶν
566 1410 600 1453 τε
611 1387 883 1470 διακονουμένων
893 1391 960 1452 τῶν
969 1412 1003 1452 τε
1013 1388 1235 1471 ἑστιωμένων.

228 1483 336 1564 ἄλλως
354 1511 389 1552 τε
405 1485 459 1554 καλ
479 1492 546 1551 τῶν
564 1485 830 1569 δυσχερεστέρων
851 1477 891 1548 όν
908 1489 1098 1568 μεμνῆσθαι
1117 1486 1237 1569 λόγους

230 1586 266 1651 ἐν
289 1591 462 1673 συμποσίῳ
486 1587 702 1669 γενομένους·
736 1579 835 1649 οἶσθα
855 1579 918 1666 γάρ
943 1578 986 1659 ὡς
1013 1583 1239 1666 ἐπιλήσμονας

231 1695 321 1749 ποιεί
336 1681 391 1750 καλ
412 1682 491 1761 τοὺς
508 1688 583 1749 λίαν
598 1680 919 1768 μνημονικωτάτους.
955 1676 1043 1764 πλὴν
1063 1676 1154 1747 ἀλλὰ
1177 1676 1239 1766 σην

229 1781 326 1865 χάριν
341 1775 386 1857 ὡς
406 1774 449 1844 ἐν
466 1773 533 1857 οἷός
552 1807 587 1848 τε
609 1773 712 1866 ότήυ
734 1779 888 1864 διήγησιν
909 1777 1111 1863 πειράσομαι
1134 1794 1240 1847 ποιεῖ·

231 1887 329 1960 σθαι,
345 1879 449 1963 μηδὲν
464 1886 678 1960 παραλείπων
693 1868 740 1943 όν
758 1872 800 1944 ἐν
817 1879 1010 1961 ἐνθυμηθῶ.

311 1982 341 2044 3.
357 1982 460 2044 ΕΡΜ.
481 1976 618 2043 Τούτων
631 1975 693 2062 μέν
710 1973 748 2060 δη
766 1977 862 2042 ἕνεκα
874 1971 947 2039 οἶδά
962 1993 1014 2039 σοι
1027 1971 1140 2057 χάριν.
1167 1972 1240 2041 ἀλλ’

228 2083 261 2142 εί
270 2099 326 2158 μοι
338 2099 398 2140 τον
409 2075 517 2141 πάντα
528 2075 631 2160 λόγον
644 2078 676 2154 ἐξ
688 2071 788 2158 ἀρχῆς
799 2070 966 2158 άποδοίης,
980 2069 999 2139 ό
1010 2098 1041 2138 τι
1050 2097 1085 2138 τε
1101 2065 1149 2157 ἦν
1159 2071 1242 2157 ὅπερ
1286 2085 1287 2130 ἒ

226 2170 357 2257 ἀνέγνω
376 2177 507 2260 βιβλίον
524 2171 722 2259 Ἀνδροκλῆς
745 2178 819 2238 τίνα
840 2197 874 2238 τε
895 2176 1046 2256 νενίκηκε
1066 2172 1126 2238 καλ
1150 2179 1243 2249 τίνας

227 2267 313 2354 ὑμᾶς
328 2275 373 2348 είς
384 2269 420 2337 τὸ
434 2271 624 2356 συμπόσιον
636 2274 812 2356 κέκληκεν,
828 2267 934 2348 οὕτως
945 2264 988 2336 άν
999 2267 1126 2356 ίκανὴν
1140 2297 1243 2338 κατα-

226 2377 301 2434 θεῖο
315 2366 378 2455 τὴν
392 2367 499 2453 χάριν.

310 2474 408 2536 ΧΑΡ.
434 2463 479 2534 Τό
500 2469 561 2552 μὲν
579 2465 619 2553 δὴ
635 2474 768 2554 βιβλίον
789 2459 832 2553 ἦν
852 2467 1017 2553 ἐγκόμιον
1033 2465 1244 2550 Ἡρακλέους

227 2571 263 2634 ἐκ
279 2591 370 2646 τινος
386 2563 570 2650 ὀνείρατος,
592 2563 635 2642 ὡς
648 2571 756 2650 ἔλεγε,
774 2567 997 2651 πεποιημένον
1013 2561 1125 2653 αὐτῷ·
1150 2575 1245 2635 νενί-

226 2692 306 2751 κηκε
323 2665 358 2733 δε
369 2667 531 2787 Διότιμον
547 2662 858 2750 τονΜεγαρόθεν’
841 2663 1168 2792 ανταγωνισάμενον
1184 2695 1245 2733 αα

226 2792 271 2854 τω
257 2767 443 2847 περὶτῶν
460 2762 650 2886 άσταχόωγ,
667 2764 845 2850 μᾶλλονδὲ
861 2767 936 2846 περὶ
945 2791 1009 2872 της
1024 2765 1137 2850 δόξης

311 2871 413 2932 ΕΡΜ.
441 2870 483 2930 Τί
498 2856 568 2930 δ’
546 2890 590 2946 ην
608 2889 625 2928 ο
611 2860 802 2942 “ἐκείνος’
785 2865 914 2949 ανέγνω
929 2845 1077 2950 βιβλίον;

309 2970 404 3031 ΧΑΡ.
433 2959 612 3047 Ἐκγκιύμιον
632 2976 703 3028 τοῖν
717 2963 952 3046 Διοσκουροιν
977 2967 1103 3045 ἔφασκε
1130 2964 1172 3031 δὲ
1195 2967 1245 3031 καὶ

155 3081 208 3138 620
227 3058 326 3139 αὐτός
347 3063 383 3128 ἐκ
408 3062 563 3145 μεγάλων
588 3057 805 3127 κινδύνων“
786 3058 843 3127 υπ’
868 3062 936 3128 ἐκεί
922 3067 1005 3127 ίνων
1027 3067 1247 3146 σεσωσμένος

224 3158 350 3243 ταύτην
365 3156 476 3235 αὐτοῖς
493 3169 687 3226 καταθεῖναι
707 3157 770 3245 τὴν
791 3159 904 3245 χάριν,
932 3159 1039 3238 ἄλλως
1053 3186 1089 3226 τε
1106 3163 1169 3230 καὶ
1187 3159 1246 3228 ὑπ’

225 3260 363 3323 ἐκείνων
378 3258 667 3341 παρακεκλημένος
683 3255 735 3324 ἐπ’
750 3256 863 3342 άκροις
878 3263 991 3337 λστίοις
1003 3260 1126 3338 ἐντοῖς
1144 3263 1246 3346 ἐσχό-

225 3379 293 3430 τοις
307 3353 478 3430 κινδύνοις
494 3360 678 3439 φανέντων.
701 3361 732 3424 4.
750 3364 904 3443 παρῆσαν
918 3359 1029 3442 μέντοι
1040 3365 1089 3446 τῷ
1106 3379 1246 3444 συμπο-

225 3458 285 3529 σίω
300 3452 355 3518 καὶ
372 3449 467 3517 ἄλλοι
486 3456 602 3520 πολλοὶ
623 3459 657 3521 οί
671 3454 732 3536 μὲν
753 3469 926 3542 συγγενεῖς
945 3452 1054 3541 αύτῷ,
1077 3461 1117 3524 οἱ
1132 3457 1175 3525 δὲ
1197 3460 1247 3524 καὶ
