2625 4092
497 341 674 402 ΝΕΡΩΝ.
1024 338 1091 402 439

167 509 271 570 ΕΡΜ.
286 501 492 586 Εάδαίμονές
501 527 555 586 γε,
568 507 602 569 οἳ
609 502 764 588 τοιαύτης
776 501 1024 570 ἀπολελαύκατε
1035 509 1093 588 τῆς

81 610 273 679 συνουσίας.
308 597 427 686 σχεδὸν
452 596 483 666 δ’
509 597 572 685 ἤδη
598 596 690 685 κάγώ
716 597 817 668 οῦδὲν
839 604 975 667 έλαττον
994 598 1091 687 ὑμῶν

80 705 203 785 ἔσχηκα
218 697 271 765 διά
288 701 333 765 σέ.

488 881 653 890 ’.ου-ο.-
659 881 688 889 ..-

84 1064 287 1132 ΝΕΡΩΝ
318 1073 353 1130 Η
390 1051 525 1132 ΠΕΡΙ
558 1064 672 1129 ῬΗΣ
713 1063 945 1132 ΟΡΥΧΗΣ
979 1066 1164 1132 ΤοΥ63σ

474 1184 702 1252 memor.

170 1367 197 1428 1.
214 1367 542 1428 ΜΕΝΕΚΡΑΤΗΣ.
553 1355 711 1443 Ἡόρυχὴ
724 1363 785 1423 τοῦ
796 1354 942 1443 Ἰσθμοῦ,
959 1361 1012 1424 καὶ
1027 1364 1089 1436 σοί,

82 1458 282 1539 Μουσώνιε,
301 1455 355 1523 διά
371 1459 493 1543 χειρός,
512 1457 556 1536 ἀς
570 1477 670 1542 φασι,
684 1469 858 1540 γεγονυῖα,
873 1463 921 1544 τῷ
935 1455 1090 1545 τυράννῳ

84 1563 170 1623 νοῦν
188 1553 272 1640 εἶχεν
279 1553 439 1639 Ἕλληνας

169 1659 460 1722 ΜΟΤΣΩΝΙΟΣ.
479 1651 583 1735 Ἴσθι,
606 1645 633 1718 ὦ
650 1643 879 1735 Μενέκρατες,
901 1654 954 1718 καὶ
974 1657 1091 1736 βελτίω

81 1755 334 1837 ἐντεθυμῆσθαι
347 1755 502 1834 Νέρωνα·
519 1747 577 1827 τάς
587 1750 653 1835 γάρ
664 1747 842 1837 περιβολὰς
851 1757 1089 1834 τὴςΠελοπον-

84 1851 192 1938 νήσου
213 1850 272 1928 τάς
292 1848 378 1932 ὑπὲρ
401 1853 541 1916 Μαλέαν
563 1851 698 1938 ξυνῄρει
720 1865 787 1926 τοῖς
807 1851 1091 1934 θαλαττουμένοις

82 1959 189 2016 εἰκοσι
203 1954 346 2015 σταδίων
360 1955 420 2014 τοῦ
430 1945 565 2033 Ἰσθμοῦ
576 1946 727 2034 ῥήγματα
750 1955 849 2014 τοῦτο
865 1945 896 2014 δ’
910 1942 954 2015 ἀν
965 1950 1019 2014 καὶ
1033 1943 1092 2023 τάς

81 2050 241 2131 ἐμπορίας
262 2045 371 2133 ὤνησε
393 2043 520 2123 καὶτὰς
535 2047 585 2113 έπῖ
607 2047 757 2134 θαλάττῃ
774 2047 887 2122 πόλεις
903 2045 957 2113 καὶ
977 2042 1035 2138 τάς
1055 2047 1091 2111 έν

81 2151 123 2232 τῇ
134 2150 305 2231 μεσογείᾳ·
329 2141 458 2227 καὶγὰρ
470 2141 510 2229 δὴ
527 2141 695 2221 κάκείναις
707 2141 863 2228 ἀποχρῶν
878 2140 896 2209 ὁ
909 2151 994 2212 οίκοι
1008 2167 1091 2224 καρ-

81 2241 162 2325 πός,
181 2236 224 2327 ἢν
238 2239 277 2306 τά
289 2243 505 2308 έπιθαλάττια
521 2235 560 2308 εὖ
578 2242 712 2331 πράττῃ.

168 2346 279 2407 ΜΕΝ.
306 2347 416 2406 Ταῦτα
432 2339 472 2426 δὴ
485 2343 642 2426 διέξελθε,
659 2341 858 2422 Μουσώνιε,
875 2343 1092 2426 βουλομένοις

83 2438 161 2524 ἡμῖν
184 2437 416 2522 ἀκροάσασθαι
438 2446 557 2523 πᾶσιν,
589 2446 619 2506 εί
640 2440 686 2525 μή
707 2465 738 2505 τι
764 2438 952 2506 σπουδάσαι
974 2443 1091 2525 διανοῇ
1110 2451 1163 2508 63ῒ

82 2541 206 2619 ἕτερον.

170 2645 310 2706 ΜΟῬΣ.
335 2648 445 2724 Δίειμι
465 2641 698 2726 βουλομένοις·
727 2635 848 2721 οὐγὰρ
870 2634 932 2702 οἶδ’
953 2633 1020 2702 ὅτι
1034 2661 1093 2720 χα-

82 2743 234 2822 ριζοίμην
253 2733 297 2804 ἀν
318 2747 446 2824 μᾶλλον
466 2753 533 2816 τοῖς
552 2763 591 2822 γε
614 2733 811 2820 ἀφιγμένοις
830 2737 863 2811 ἐς
884 2733 983 2819 ἀηδὲς
1005 2731 1093 2799 οὕτω

83 2839 345 2923 φροντιστήριον
361 2842 413 2906 έιτὶ
428 2845 473 2928 τῷ
489 2836 695 2914 σπουδάζειν.
725 2839 753 2899 2.
769 2835 914 2916 Νέρωνα
928 2840 1044 2899 τοίνυν
1060 2834 1094 2908 ές

82 2932 213 3020 Ἀχαίαν
225 2934 306 3024 ᾠδαὶ
323 2929 409 3023 ἦγον
423 2939 477 3002 καί
489 2933 526 3002 τδ
543 2935 676 3020 σφόδρα
688 2929 793 2996 αὑτὸν
806 2936 996 2998 πεπεικέναι
1011 2927 1090 3016 μηδ’

81 3031 127 3100 ἀν
148 3031 207 3110 τάς
229 3035 371 3112 Μούσας
390 3032 641 3121 ἀναβάλλεσθαι
663 3029 769 3115 ἥδιον.
804 3029 959 3115 ἐβούλετο
982 3029 1017 3095 δὲ
1038 3032 1093 3097 καί

81 3132 122 3200 τά
138 3131 311 3217 Ὀλύμπια,
324 3130 384 3199 τὸν
395 3133 725 3217 γυμνικάτατοντῦν
736 3126 889 3214 ἀγώνοιν,
905 3136 1094 3212 στεφανοῦ-

81 3243 166 3299 σθαι
182 3231 290 3320 ᾇδων·
312 3231 352 3298 τά
368 3231 432 3318 γάρ
447 3233 583 3309 Πύθια,
604 3229 734 3296 τούτων
750 3231 812 3312 μὲν
827 3230 933 3316 ἑαυτῷ
949 3240 1093 3312 μετεῖναι

82 3340 212 3417 μᾶλλον
226 3328 304 3420 W
317 3328 518 3398 Ἀπόλλωνα
541 3333 622 3414 μηδὲ
634 3327 698 3414 γάρ
710 3323 752 3394 ἀν
764 3326 841 3414 μηδ’
855 3331 984 3395 ἐκεῖνον
995 3329 1094 3393 ἐναν-

81 3438 158 3496 τίαν
173 3426 263 3518 αάτῷ
281 3431 430 3511 κιθάραν
442 3455 477 3494 τε
492 3431 547 3495 καὶ
562 3426 653 3518 ᾠδὴν
668 3431 802 3495 θέσθαι.
826 3423 844 3493 ὁ
861 3429 896 3492 δὲ
908 3421 1040 3510 Ἰσθμδς
1052 3421 1094 3491 οῦ

82 3536 152 3595 τῶν
167 3527 299 3595 ἀποθεν
314 3525 404 3615 αὐτῷ
414 3531 708 3614 βεβουλευμένων,
724 3525 798 3594 ἀλλ’
812 3525 960 3610 ἐντυχών
971 3532 1010 3607 τῇ
1025 3521 1094 3606 φῦ-
