2625 4092
413 285 478 343 ΕΠ
486 284 645 342 ΙΓΡΑΜ
650 284 723 340 MA
733 284 799 340 ΤΑ.
1042 279 1106 340 469

100 541 267 621 Πολλάκις
278 541 371 610 ολνον
382 548 529 628 έπεμγας
538 543 651 626 [έμοψ
667 541 721 606 καὶ
733 539 890 616 πολλάκις
901 543 1009 623 έγνων

166 643 219 710 σολ
228 641 343 726 χάριν,
359 638 517 730 ἡδυπότην
528 641 661 721 νέκταρι
672 637 882 722 τερπόμενος.

101 747 168 807 νῦν
179 737 314 824 έέῖπερ
324 765 364 825 με
375 747 498 824 φιλεῖς,
516 735 561 824 μὴ
573 740 719 823 πέμφης·
742 733 785 802 οὐ
795 739 911 819 δέομαι
920 733 984 819 γάρ

166 846 262 905 οίνον
273 835 443 918 τοιούτου,
459 830 574 921 μηκέτ’
586 839 670 918 έχων
684 837 855 915 θρίδακας.

577 964 626 1027 49.

103 1060 148 1127 At
156 1063 289 1140 τρισσαί
298 1083 348 1124 τοι
359 1064 462 1124 ταῦτα
473 1055 512 1123 τά
524 1063 661 1141 παίγνια
672 1065 785 1142 θηκαν
797 1058 931 1140 ἑταῖραι,

162 1155 276 1238 Κύπρι
289 1154 443 1240 μάκαιρ’,
461 1152 563 1240 άλλης
576 1153 661 1239 άλλη
675 1151 733 1220 ἀπ’
747 1157 907 1238 ἐργασίης.

98 1242 151 1318 οἷν
162 1248 226 1317 άπό
239 1253 301 1336 μὲν
311 1259 418 1338 πυγῆς
428 1249 557 1337 Εὐφρώ
567 1250 661 1335 τάδε,
676 1258 779 1318 ταῦτα
793 1252 828 1319 δέ
839 1253 959 1321 Κλειω.

166 1346 210 1426 ως
220 1352 331 1435 θέμις·
353 1347 519 1435 ἡτριτάτη
531 1346 561 1415 θ’
577 1347 686 1426 ’Λτθίς
696 1345 754 1415 ἄπ’
769 1345 945 1432 οὐρανίων.

97 1443 181 1514 ἄνθ’
195 1438 244 1514 οἷν
254 1455 295 1536 τῇ
305 1447 366 1533 μέν
377 1451 484 1532 πέμπε
495 1445 535 1514 τά
546 1445 699 1530 παιδικά,
715 1445 864 1522 δεσπότι,
881 1449 991 1529 κέρδη,

162 1554 202 1633 τη
214 1545 249 1612 θλ
260 1543 300 1611 τά
313 1552 466 1632 θηλείης,
483 1553 523 1633 τῇ
534 1546 570 1612 δὲ
581 1542 620 1610 τά
633 1547 819 1629 μηδετέρης.

102 1768 231 1850 Μηθείς
241 1791 297 1851 μοι
307 1766 448 1852 ταύτην,
462 1765 708 1848 Ἐρασίστρατε,
724 1771 786 1851 την
798 1765 967 1849 σπατάλην
979 1784 1042 1831 σον

163 1863 311 1950 ποιήσειε
322 1873 431 1947 θεῶν,
450 1857 469 1952 ᾗ
481 1863 524 1932 οὐ
536 1870 799 1950 ιιατασπαταλᾷς,

101 1967 216 2029 ἔσθων
227 1963 431 2043 έκτραπέλως
442 1963 615 2048 στομάχων
626 1960 730 2044 κακά,
745 1969 878 2046 χείρονα
889 1967 999 2045 λιμοῦ,

166 2053 219 2126 ota
231 2060 371 2143 φάγοιεν
381 2063 469 2145 έμῶν
479 2059 659 2128 ἀντιδίκων
667 2067 789 2127 τεκνία.

99 2155 292 2242 πεινάσαιμι
303 2154 368 2241 γάρ
380 2150 482 2236 αὖθις
493 2164 540 2225 ἔτι
551 2161 670 2242 πλέον,
686 2153 707 2243 ἢ
722 2159 801 2241 πρὶν
812 2159 952 2224 ἐπείνων

163 2252 416 2343 ἢχορτασθείην
426 2265 483 2344 τῆς
495 2259 585 2340 παρά
597 2280 649 2326 σοι
662 2260 837 2343 σπατάλης.

103 2484 148 2548 At
155 2486 276 2565 τρίχες,
293 2476 336 2566 ἦν
348 2487 459 2570 σιγᾷς,
477 2485 537 2550 είσλ
550 2487 684 2567 φρένες·
708 2477 752 2568 ἢν
762 2484 799 2550 δέ
809 2483 962 2570 λαλησης,

165 2575 208 2657 ὡς
219 2581 256 2645 αλ
264 2585 322 2664 τῆς
331 2577 431 2663 ἥβης,
448 2576 490 2645 οὐ
501 2581 636 2664 φρένες,
651 2576 735 2647 άλλά
745 2585 860 2664 τρίχες.

577 2708 628 2771 52.

26 2801 30 2807 ’
97 2798 204 2886 Ἰητηρ
214 2828 264 2878 τις
273 2803 345 2886 έμοὶ
355 2798 415 2867 τόν
425 2799 481 2868 έόν
492 2808 592 2886 φίλον
603 2800 681 2869 υίόν
692 2807 847 2887 ἔπεμψεν,

164 2895 247 2965 ὥστε
258 2907 381 2982 μαθεῖν
391 2897 471 2978 παρ’
483 2899 554 2983 ἐμοὶ
565 2906 668 2966 ταῦτα
683 2896 722 2964 τά
733 2899 951 2983 γραμματικά.

101 2993 145 3074 ὥς
157 2997 192 3062 δὲ
203 2994 240 3062 τὸ
253 3003 376 3081 ,μῆνιν
388 2994 502 3063 aad&
513 2997 567 3064 καί
576 2993 701 3083 ,,άλγεα
712 2993 805 3083 μνρέ
818 3002 964 3082 έθηκενιι

163 3099 250 3178 ἔγνω
261 3095 316 3161 καλ
326 3090 363 3159 τὸ
375 3101 488 3177 τρίτον
500 3093 606 3162 τοῖσδ’
618 3092 812 3162 ἀκόλουθον
823 3100 910 3177 ἔπος,

99 3190 248 3276 ,πολλάς
260 3188 291 3257 θ’
304 3196 467 3276 ἰφθίμους
478 3191 585 3277 ψυχάς
594 3191 680 3259 ”Arda
690 3198 889 3274 προΐαψεν,“

165 3285 276 3355 οὐκέτι
288 3315 347 3372 μιν
358 3291 478 3373 πέμπει
489 3291 572 3371 πρός
584 3316 624 3374 με
635 3289 882 3375 μαθησόμενον.

100 3384 185 3453 άλλά
197 3381 232 3470 μ’
246 3383 328 3452 ίδών
340 3382 358 3452 ὁ
369 3386 496 3472 πατήρ,
512 3389 575 3456 Σοὶ
586 3387 648 3473 μὲν
658 3387 768 3472 χάρις,
785 3385 892 3473 εἶπεν,
907 3390 1027 3470 ἑταῖρε·

164 3480 271 3564 αὐτάρ
283 3480 302 3551 ὁ
314 3498 391 3562 παῖς
401 3483 480 3562 παρ’
495 3488 566 3565 ἐμοὶ
577 3493 680 3552 ταῦτα
694 3495 816 3567 μαθεῖν
827 3486 976 3554 δύναται.
