2625 4092
232 254 295 320 446
592 260 897 320 AOYKIANOY

233 417 310 488 ἀλλ’
326 420 389 489 οὐκ
403 426 515 490 ἔπεστι
529 429 662 506 κισσίνη
681 421 824 506 σφραγὶς
837 420 964 505 κόμαις.

182 520 319 596 8οτίνες
333 517 416 588 ποθ’
430 518 526 606 ἡμῖν,
544 512 687 606 ὦξίνοι,
705 520 883 607 βεβήκατε;

231 614 355 686 αὐόᾶτε
365 622 420 687 καὶ
432 620 581 700 πρόεσθε
593 626 739 704 νημερτῆ
751 619 863 704 λόγον.

231 722 280 793 τίς
291 711 322 782 δ’
335 721 441 797 ἔστιν,
457 715 501 803 ἣν
512 714 663 803 ὑμνεῖτε,
680 714 805 801 λέξατ’,
823 709 849 782 τό
861 723 964 801 φίλοι.
993 713 995 718 ’

232 820 328 882 ΧΟΡ.
350 813 404 883 Σά
417 811 448 881 δ’
463 811 512 881 ἀν
523 823 571 892 τίς
580 813 667 900 ἡμᾶς
679 817 733 881 καὶ
744 821 846 882 τίνων
857 817 1113 896 προσεννέπειςς

233 908 277 988 ὡς
288 911 353 998 γάρ
365 933 402 980 σε
414 913 561 999 βάκτρον
572 915 626 980 καὶ
637 912 734 1000 βάσις
746 912 924 998 μηνόετον,

181 1017 223 1080 85
231 1008 361 1096 μύστην
373 1007 504 1095 ὁρῶμεν
516 1019 572 1095 τῆς
583 1008 745 1096 ἀνικήτου
756 1017 847 1088 θεᾶς.

231 1112 486 1177 ΠΟΔΑΓΡΟΣ.
509 1104 570 1186 Εἷς
581 1114 646 1194 εἰμι
658 1105 750 1192 κάγὼ
762 1115 819 1193 τῆς
829 1116 913 1186 θεᾶς
925 1111 1076 1193 έπάξιος;

322 1213 417 1275 ΧΟΡ.
445 1206 516 1275 Τάν
532 1206 595 1292 μέν
610 1213 767 1288 Κυπρίαν
780 1205 978 1292 Ἀφροδίταν

398 1306 571 1391 σιαγόνων
585 1311 823 1388 προπεσοῦσαν
837 1302 897 1372 ἀπ’
913 1307 1051 1390 αἰθέρος

398 1402 608 1487 ἀνεθρέψατο
621 1405 764 1490 κόσμιον
775 1401 928 1489 ἀρμογάν

397 1501 500 1581 ἀλίοις
513 1505 561 1570 ένλ
571 1502 697 1587 κύμασι
708 1503 852 1587 Νηρεός.

397 1600 460 1668 τάν
471 1599 503 1670 δ’
518 1600 680 1670 Ὠκεανοῦ
691 1599 783 1683 παρά
795 1615 914 1685 παγαῖς

395 1699 505 1778 Ζανὸς
516 1700 714 1781 παράκοιτιν
726 1697 907 1785 Ὀλυμπίου

321 1841 324 1844 ’
396 1798 606 1867 λευκώλενον
618 1797 729 1881 εὐρέσι
743 1799 880 1878 κόλποις

396 1893 504 1980 Ἥραν
515 1896 692 1983 ἐτιθήνατο
708 1895 832 1982 Τηθύς.

397 2011 579 2081 κορυφαῖοι
591 1999 627 2063 δέ
639 1993 759 2076 κρατός
772 1998 808 2061 έν
818 1992 968 2078 ἀφθίτου

396 2093 549 2179 ἐλόχευσε
561 2094 663 2176 κόρας
673 2091 821 2177 ἀτρομον
832 2090 927 2178 φυάν
1005 2169 1008 2176 ,

395 2196 580 2277 Κρονίδας,
595 2190 670 2276 μέγ’
684 2189 816 2273 ἀριστος
827 2187 1029 2279 Ὀλυμπίων,

396 2287 459 2358 τάν
469 2291 710 2374 ἐγρεκύδοιμον
723 2286 878 2356 Ἇθάναν.

395 2387 458 2456 τάν
469 2386 500 2455 δ’
513 2386 677 2473 ἁμετέραν
688 2386 773 2456 θεόν
784 2387 902 2476 ὀλβίαν
937 2401 939 2404 ’

396 2486 414 2557 ὁ
426 2491 536 2574 γέρων
547 2497 741 2568 λιπαροῖσιν
753 2492 789 2553 ἐν
801 2486 961 2570 ἀγκάλαις

396 2587 533 2670 πρώταν
543 2585 719 2672 έλόχευσεν
735 2584 865 2672 Ὀφίων.

395 2683 445 2752 ὅτ’
459 2685 626 2752 ἐπαύσατο
637 2688 698 2769 μὲν
709 2685 845 2752 σκότιον
856 2684 935 2768 χάος

394 2783 543 2853 ἀνέτειλέ
550 2810 585 2851 τε
596 2787 753 2868 λαμπέτις
766 2780 833 2860 ἀάς

395 2886 449 2952 καὶ
460 2886 614 2970 παμφαὲς
625 2881 740 2950 ἀελίου
754 2885 860 2960 σέλας,

396 2983 469 3051 τότε
479 2985 534 3050 καὶ
543 2982 722 3065 Ποδάγρας
735 2982 843 3067 ε’φάνη
855 2981 985 3063 κράτος.

395 3079 448 3150 ὅτε
459 3080 523 3165 γάρ
535 3081 692 3165 λαγόνων
705 3100 742 3145 σε
753 3087 895 3146 τεκοῦσα

396 3187 509 3260 Μοῖρα
523 3176 655 3246 Κλωθώ
667 3175 736 3244 τότ’
750 3184 898 3260 ἔλουσεν,

394 3281 571 3363 ἐγέλασσεν
582 3275 672 3343 ἅπαν
684 3280 780 3368 σέλας
792 3274 953 3361 οὐρανοῦ,

394 3377 478 3460 μέγα
490 3373 521 3440 δ’
536 3380 678 3442 ἔκτυπευ
690 3372 800 3450 εάόιος
812 3371 930 3460 αἰθήρ·
