2625 4092
219 225 284 290 4³4
567 229 887 308 [Ammon

221 393 405 476 ἐλθούσης,
433 394 562 476 ἔχοντες
583 393 668 458 οἵτε
689 397 799 472 Τρῶες
821 387 1002 472 ἀποδόντες
1023 390 1085 480 τήν
1107 394 1233 478 Ελένην

148 499 203 554 6λ9
222 486 329 571 ἀδεῶς
341 493 444 554 οἰκεῖν
462 484 524 573 τήν
542 485 669 574 αύτῶν,
692 491 727 554 οἵ
741 487 781 555 θ’
794 486 952 574 Ἕλληνες
968 492 1095 578 ταύτην
1113 489 1234 568 αὐτούς

219 587 376 664 ἐάσαντες
387 590 474 672 ἔχειν
485 573 754 655 ἀπαλλάττεσθαι
770 594 839 654 τῶν
857 591 893 654 ἐκ
905 591 1052 675 πολέμου
1066 593 1123 656 καὶ
1138 609 1234 674 στρα-
1289 639 1290 642 ¹

219 690 308 762 τείας
319 688 508 770 δυσχερῶν,
530 687 566 753 οί
573 682 606 750 δ’
619 681 682 751 ούκ
693 683 936 771 ἠβουλήθησαν
951 684 1159 773 ἀμφότεροι,
1176 685 1234 753 ούκ
1289 675 1290 712 f

218 778 263 849 ἄν
272 806 352 849 ποτε
363 789 558 868 νομίσαντες
568 780 681 864 εὑρεῖν
690 781 848 868 ἀφορμήν
856 791 980 852 καλλίω
990 788 1155 872 πολέμου,
1166 787 1234 868 περὶ

218 872 258 968 ής
269 879 535 949 ἀποθανοῦνται.
557 884 611 949 καὶ
621 883 697 949 θεοὶ
710 883 746 949 δὲ
761 880 840 960 τούς
852 878 964 950 αύτῶν
980 888 1101 960 παῖδας
1120 891 1233 968 σαφῶς

219 979 342 1057 εἰδότες
354 975 605 1064 ἀπολουμένους
617 980 655 1046 έν
665 984 711 1067 τῷ
722 981 855 1068 πολέμῳ
866 976 930 1044 ούκ
945 977 1138 1060 ἀπέτρεψαν
1153 986 1233 1064 μᾶλ-

219 1085 296 1162 λον,
319 1074 396 1145 ἀλλ’
414 1076 580 1162 ένήγαγον
595 1083 641 1156 είς
659 1084 758 1144 τούτο
777 1074 839 1143 ούκ
859 1076 981 1144 έλάττω
1000 1078 1103 1156 δόξαν
1124 1074 1235 1152 αὐτοῖς

219 1178 368 1263 οἰόμενοι
385 1178 502 1262 φέρειν
518 1182 580 1244 τοῦ
597 1183 691 1242 θεῶν
706 1178 825 1253 παῖδας
846 1179 1006 1260 γενέσθαι
1026 1174 1065 1244 τὸ
1088 1180 1235 1262 μαχομέ-

219 1301 300 1353 νους
317 1271 403 1356 ὑπὲρ
416 1271 548 1360 Ἑλένης
567 1269 764 1340 ἀποθανεῖν.
788 1275 843 1340 καὶ
864 1279 898 1340 τί
916 1277 1001 1359 λέγω
1019 1272 1100 1352 τούς
1123 1271 1235 1342 αὐτῶν

219 1378 353 1454 παῖδαςς
377 1370 472 1441 αύτοὶ
481 1371 565 1454 πρὸς
575 1369 700 1456 αὑτούς
712 1376 808 1456 μειζοο
820 1375 875 1439 καὶ
894 1371 1085 1456 δεινότερον
1099 1371 1234 1454 ἐνεστή-

218 1498 320 1541 σαντο
334 1479 396 1540 τού
406 1471 490 1557 πρὸς
501 1478 663 1558 Γίγαντας
681 1468 794 1550 αὐτοῖς
809 1473 994 1557 γενομένου
1011 1471 1183 1556 πολέμου·
1203 1474 1235 1535 ἐν

219 1577 334 1662 ἐκείνῳ
346 1569 407 1656 μέν
417 1572 482 1657 γάρ
493 1567 563 1657 μετ’
577 1568 746 1655 ἀλλήλων,
765 1572 915 1636 ἐνταῦθα
930 1571 966 1637 δὲ
976 1568 1142 1654 ε’μάχουτο
1155 1566 1235 1650 πρὸς

218 1669 392 1756 ἀλλήλους.
425 1661 468 1736 ού
487 1675 521 1736 τί
541 1665 664 1754 γένοιτ’
686 1662 730 1733 ἀν
750 1669 989 1752 ἐναργέστερον
1005 1671 1144 1751 δεῖγμα,
1169 1664 1235 1754 ὅσῳ

218 1775 286 1835 τῶν
297 1767 527 1851 ἀνθρωπίνων
537 1764 696 1832 ἁπάντων
707 1763 857 1851 ὑπερέχει
869 1765 906 1832 τδ
919 1765 1041 1843 κάλλος
1052 1761 1136 1848 παρ’
1148 1761 1235 1832 ἀθα-

217 1867 332 1944 νάτοις
349 1879 492 1948 κριταῖςς
515 1861 678 1949 ὅτανγὰρ
696 1861 780 1948 ὑπὲρ
798 1863 859 1949 μέν
876 1865 1073 1932 τῶνᾶλλων
1092 1861 1235 1942 ούδευύς

218 1963 376 2030 ἁπάντων
393 1960 546 2049 ούδαμού
563 1961 599 2030 τὸ
619 1964 780 2047 παράπαν
796 1970 980 2050 φαίνωνται
993 1968 1235 2048 διενεχθέντες,

217 2060 302 2143 ὑπὲρ
315 2063 350 2127 δὲ
362 2060 506 2139 κάλλους
517 2061 559 2129 ού
569 2062 677 2148 μόνον
689 2060 767 2140 τούς
779 2060 875 2142 υίούς
887 2065 1147 2147 έπιδεδωκότες,
1158 2061 1234 2131 ἀλλ’

217 2158 281 2244 ήδη
304 2161 360 2226 καὶ
381 2157 537 2245 ἀλλήλοις
557 2163 690 2227 ἐναντία
712 2160 993 2248 πεπολεμηκότες,
1015 2166 1098 2230 ένιοι
1123 2161 1162 2230 δὲ
1181 2168 1234 2230 καὶ

217 2259 417 2340 τρωθέντες,
441 2262 511 2335 πῶς
528 2255 590 2342 ούχ
605 2254 748 2336 ἆπάσαις
764 2258 891 2345 ψήφοις
901 2267 1110 2346 προτιμῶσιν
1122 2256 1234 2328 ἀπάν-

217 2382 285 2422 των
296 2356 333 2422 τὸ
345 2355 484 2437 κάλλος;
507 2361 556 2423 19.
569 2352 643 2423 ἀλλ’
655 2359 712 2425 ’ίνα
724 2356 768 2443 μή
781 2359 930 2445 δόξωμεν
941 2355 1064 2447 ἀπορίᾳ
1075 2365 1148 2424 τῶν
1159 2363 1233 2440 περὶ

217 2456 362 2533 κάλλους
373 2454 484 2540 λόγων
495 2457 571 2537 περὶ
582 2461 686 2522 ταῦτα
696 2459 877 2544 διατρίβειν
888 2454 949 2544 ἀεί,
961 2454 1009 2541 ἐφ’
1022 2457 1141 2540 ἕτερον
1152 2457 1232 2544 βού-

217 2564 315 2640 λομαι
332 2559 515 2639 μεταβῆναι
536 2549 690 2637 οὐδαμῶς
706 2559 842 2623 ἔλαττον
859 2553 917 2640 ὅν,
940 2551 1024 2622 ὥστε
1041 2558 1149 2634 δεῖξαι
1171 2555 1233 2640 τήν

217 2663 278 2722 τού
290 2653 434 2731 κάλλους
446 2650 558 2738 ἀξίαν,
572 2659 641 2720 τῶν
653 2653 817 2736 πρότερον
829 2655 1022 2740 εἰρημένων,
1033 2653 1098 2738 τήν
1112 2651 1232 2737 'Apud-

218 2758 274 2832 δος
290 2750 522 2837 Ἱπποδάμειαν
538 2753 728 2837 Οίνομάου,
752 2749 853 2830 ὅσους
869 2758 930 2820 τού
946 2751 1069 2836 ταύτης
1086 2751 1233 2830 κάλλους

216 2847 359 2929 ἁλόντας
382 2856 511 2937 μᾶλλον
529 2852 750 2937 αἱρουμένους
770 2847 942 2937 ἀπέφηνεν
958 2846 1197 2933 ἀποθνήσκειν
1213 2845 1233 2934 ἢ

217 2951 337 3035 ταύτης
354 2949 593 3039 διῳκισμένους
608 2947 669 3016 τδν
685 2946 782 3036 ἥλιον
797 2957 979 3034 προσορᾶν.
1006 2944 1050 3025 ὡς
1070 2945 1137 3031 γὰρ
1156 2948 1233 3016 έλύ-

216 3056 293 3135 βετο
304 3056 361 3132 τῆς
378 3047 507 3133 ἡλικίας
523 3045 545 3135 ή
560 3061 636 3126 παῖς
646 3049 701 3116 καὶ
711 3046 769 3126 τάς
780 3047 882 3126 ἀλλας
898 3044 916 3115 ὁ
933 3043 1041 3131 πατήρ
1053 3044 1119 3114 οὐκ
1132 3043 1232 3134 ὀλίγῳ

146 3162 199 3219 630
217 3155 263 3233 τῷ
275 3151 365 3236 μέσῳ
377 3152 652 3232 παρενεγκούσαν
663 3145 760 3227 ἑῶρα,
772 3152 829 3232 τῆς
840 3143 901 3232 μὲν
913 3142 1000 3226 ῶρας
1009 3139 1116 3229 αὐτῆς
1129 3142 1233 3222 ἁλούς

217 3286 255 3295 -
268 3251 432 3313 τοσοῦτον
441 3241 505 3331 γὰρ
519 3241 603 3332 αύτῇ
615 3251 749 3330 περιῆν,
770 3242 853 3311 ὥστε
864 3245 919 3311 καὶ
930 3240 990 3310 τὸν
1002 3241 1229 3329 γεγεννηκύθ’

217 3339 403 3427 ύπηγάγετο
415 3344 504 3423 παρὰ
516 3343 731 3426 φύσιν-καὶ
741 3342 795 3409 διά
806 3337 899 3408 τοῦτ’
911 3338 1013 3420 ἀξιῶν
1023 3337 1136 3424 αύτήν
1147 3345 1231 3426 ἔχειν

216 3436 296 3520 παρ’
310 3439 432 3528 έαυτῳ,
452 3439 637 3524 βούλεσθαι
650 3436 681 3507 δ’
696 3439 864 3508 ἐκδιδόναι
880 3437 1107 3522 πλαττόμενος
1125 3435 1236 3519 αύτήν
