2625 4092
215 302 910 365 ΔΗΜΟΣΘΕΝΟΤΣΕΓΚΩΜΙΟΝ.
1000 302 1061 367 381

50 465 135 552 ἡμῖν
148 465 313 551 κολάκων,
329 468 359 531 εί
368 462 520 550 ἐδεόμην,
535 459 681 540 ἀποστάς
696 459 806 531 ἁπλοῦ
821 489 911 541 τινος
925 465 958 542 ἐξ
968 464 1063 531 ἐλευ-

50 567 158 646 θέρας
174 560 309 647 γνώμης
326 558 468 627 ἀκοῦσαι
488 560 593 645 λόγου
612 563 666 627 καὶ
684 560 895 646 φιλαλήθους
911 568 1063 647 συμβου-

49 668 113 746 λῆς
123 667 327 746 μεταλαβεῖν.
340 664 400 726 καί
406 685 437 725 τι
449 660 503 725 καὶ
515 666 719 745 νουθετῆσαι
729 661 871 743 δίκαιον,
884 656 969 741 ὑπὲρ
980 662 1062 725 οἵων

49 758 164 826 ὄντων
184 764 251 825 τῶν
271 756 460 842 Ἀθηναίων
476 754 538 841 τήν
561 754 754 841 ἀχαριστίαν
776 756 886 823 πάντα
908 757 1062 841 παραβά-

48 868 145 925 λοιτο
156 854 215 924 τόν
226 852 333 923 αὑτοῦ
343 862 428 941 βίον,
441 852 516 933 ἐξὸν
527 851 848 941 εόγυωμονεστέροις
859 855 914 921 καὶ
926 860 1062 940 βεβαιο-

48 958 161 1037 τέροις
176 962 357 1038 κεχρῆσθαι
375 960 493 1039 φίλοις.

139 1058 236 1119 ΑΡΧ.
255 1044 294 1117 Ὦ
308 1056 463 1137 βασιλεῦ,
488 1056 555 1115 των
572 1051 634 1135 μὲν
649 1048 761 1118 ἄλλων
777 1061 857 1130 ῖσως
875 1047 919 1118 όν
939 1056 1060 1137 ἔτυχες,

47 1154 146 1218 ταυτὶ
157 1151 191 1217 δὲ
201 1149 309 1234 μα’την
318 1146 491 1232 άνέλεγες·
504 1145 610 1226 οὕτως
617 1157 767 1233 μανικοῖς
775 1152 1000 1237 φιλαθήναιος
1008 1142 1060 1237 ήν.

137 1254 242 1317 ΑΝΤ.
262 1240 447 1329 Ἠνταυτα,
466 1237 629 1331 όἈρχία·
651 1254 685 1313 τί
693 1245 1061 1334 γὰράνκαίλέγοιμενς

48 1344 137 1415 ἀλλὰ
155 1353 223 1423 πῶς
237 1344 426 1425 άπέθανενς

137 1452 188 1515 43.
208 1454 304 1515 APX.
326 1444 457 1523 Ἔοικας
473 1450 520 1513 έτι
534 1451 682 1531 μᾶλλον,
706 1437 903 1532 αἶβασιλεῦ,
923 1447 1061 1531 θαυμά-

48 1566 142 1611 σειν·
164 1546 218 1612 καί
233 1542 297 1629 γάρ
312 1542 404 1629 ήμεῖς
415 1546 451 1610 οί
461 1546 658 1628 τεθεαμένοι
669 1546 873 1628 διαφέρομεν
889 1542 991 1611 οὐδὲν
1005 1546 1060 1611 ἐκ·

48 1642 167 1730 πλήξει
183 1670 218 1710 τε
234 1644 289 1710 καὶ
300 1641 434 1731 ἀπιστίη
448 1648 516 1709 τόν
530 1640 699 1726 ὁρώντων.
721 1648 808 1710 ἔοικε
824 1638 889 1725 γὰρ
902 1640 941 1727 δή
956 1641 1059 1709 πάλαι

48 1734 118 1810 ὦδε
139 1744 393 1831 βεβουλευμένην
413 1741 488 1822 περὶ
507 1746 563 1825 τής
579 1739 723 1825 ὑστάτης
742 1738 881 1825 ἡμέρας·
910 1744 1008 1826 δηλοῖ
1024 1741 1059 1809 δὲ
1078 1752 1130 1807 522

47 1840 69 1927 ἡ
88 1840 292 1926 παρασκευή.
317 1847 467 1925 καθήατο
478 1840 540 1924 μὲν
553 1838 618 1924 γάρ
634 1844 734 1907 ἔνδον
745 1843 784 1907 έν
797 1847 843 1929 τῷ
854 1847 936 1929 νεῷ,
951 1839 1061 1925 μάτην

48 1942 87 2005 δὲ
106 1946 174 2005 τῶν
188 1937 339 2021 πρόσθεν
353 1936 487 2023 ἡμερῶν
504 1938 625 2022 λόγους
638 1931 723 2024 ἦμεν
737 1938 1016 2017 καταναλωκότες,

136 2045 204 2104 AN
206 2044 240 2104 T.
269 2043 362 2115 Τίνες
376 2034 440 2121 γάρ
455 2030 542 2121 ήσαν
558 2040 591 2103 οἱ
603 2034 683 2120 παρ’
701 2034 798 2123 ὑμῶν
814 2036 923 2122 λόγοις

137 2143 233 2203 ΑΡΧ.
255 2133 369 2202 Πολλά
385 2135 439 2201 καὶ
456 2135 684 2220 φιλάνθρωπα
699 2134 947 2222 προύτεινόμην
964 2135 1059 2205 ἔλεόν

47 2260 126 2302 τινα
137 2230 227 2316 παρά
240 2240 303 2298 σοῦ
315 2233 667 2319 καθυπισχνούμενος,
684 2231 726 2301 οὐ
740 2235 828 2319 μάλα
839 2236 902 2321 μὲν
913 2239 1060 2317 προσδο-

48 2338 122 2399 κῶν
135 2374 178 2386 -
193 2328 236 2397 οὐ
249 2327 314 2417 γάρ
328 2327 533 2417 ήπιστάμηυ,
552 2329 636 2399 ἀλλὰ
648 2331 685 2400 σδ
695 2330 791 2421 ᾤμην
802 2331 845 2399 δι’
859 2330 960 2420 ὀργῆς
973 2339 1060 2419 ἔχειν

47 2429 112 2499 τόν
126 2428 311 2515 ἄνθρωπον
326 2470 368 2481 -
385 2430 546 2518 χρήσιμον
561 2428 592 2497 δ’
609 2423 674 2497 οὖν
694 2428 777 2515 πρὸς
796 2429 832 2497 τό
850 2440 983 2499 πείθειν
999 2458 1060 2499 νο-

49 2536 162 2616 μίζων.

138 2635 241 2696 ΑΝΤ.
258 2625 294 2695 ‘0
310 2626 345 2695 δέ
361 2635 430 2705 πῶς
445 2636 597 2711 προσίετο
614 2626 695 2704 τούς
708 2626 846 2713 λόγονς;
867 2633 927 2694 καί
938 2653 979 2713 με
994 2653 1058 2712 μη-

50 2726 110 2792 δὲν
123 2723 319 2813 άποκρύφη“
341 2727 481 2812 μάλιστα
493 2726 554 2811 μὲν
564 2724 628 2811 γάρ
640 2723 806 2812 αὐτήκοος
817 2721 860 2791 άν
872 2725 1059 2813 ἐβουλόμην

50 2821 170 2909 παρὼν
186 2820 270 2890 εἶναι
288 2830 361 2891 νῦν.
391 2821 474 2891 άλλά
491 2824 535 2891 σά
551 2851 587 2909 γε
607 2821 650 2909 μή
671 2830 858 2912 παραλίπης
874 2827 996 2910 μηδέν·
1017 2821 1059 2889 οὐ

49 2922 116 3007 γάρ
128 2949 179 2989 τοι
190 2918 333 3009 σμικρὸν
344 2926 460 3009 ἔργον,
473 2915 559 3009 ήθος
570 2920 695 3004 ἀνδρὸς
706 2929 865 3009 γενναίου
875 2919 959 3005 πρὸς
970 2920 1060 3010 αὐτῷ

51 3028 97 3109 τῷ
114 3025 199 3089 τέλει
220 3026 280 3086 τοῦ
296 3026 374 3106 βίον
389 3030 610 3105 καταμαθεῖν,
631 3019 775 3103 πότερον
790 3019 910 3100 ἄτονος
922 3021 978 3089 καὶ
992 3046 1060 3087 νω-

51 3115 137 3199 θρός
149 3110 191 3203 ήν
202 3113 223 3204 ή
236 3119 448 3186 παντάπασιν
458 3115 589 3197 άκλινὲς
599 3117 636 3185 τό
652 3128 710 3204 τῆς
720 3126 827 3206 ψυχῆς
841 3118 963 3205 ὄρθιον
974 3122 1060 3207 ἐφά-

53 3225 179 3283 λαττεν.

137 3318 187 3381 44.
209 3321 304 3381 APX.
330 3312 441 3381 Οὐδὲν
456 3312 655 3383 ὑπέστελλεν
671 3316 796 3394 ἐκεῖνός
815 3342 862 3403 γε.
891 3322 962 3396 πῶς
976 3316 1057 3402 γάρς

52 3414 89 3492 ὃς
103 3411 169 3501 ήδύ
186 3416 328 3499 γελάσας
340 3411 423 3499 κάμε
436 3411 476 3500 δή
489 3416 652 3481 σκώπτων
667 3422 713 3494 είς
724 3412 785 3483 τόν
796 3416 962 3501 πρότερον
972 3424 1059 3505 βίον,

51 3508 225 3581 ἀπίθανον
240 3516 303 3597 ἔφη
318 3536 358 3595 με
375 3510 558 3600 ὑποκριτήν
573 3512 658 3582 εἶναι
678 3523 744 3582 τῶν
761 3525 831 3583 σῶν
846 3518 1058 3602 ψευσμάτων.
