2625 4092
83 289 203 347 ΠΕΡΙ
224 290 320 349 TOY
337 289 415 348 ΜΗ
436 288 556 346 PM.
578 286 705 346 ΠΙΣΤ.
728 287 980 347 ΔΙΑΒΟΛΗι
1027 284 1088 349 159

79 456 166 518 ἔνθα
187 446 204 517 ὁ
229 449 291 535 μέν
310 444 450 535 χρηστὸς
472 443 614 532 ἀτεχνῶς
641 443 747 525 εὐθύς
770 443 1009 532 ἀνατέτραπται
1032 450 1086 518 καὶ
1109 470 1158 525 140

77 548 326 631 παρασέσυρται
348 545 402 612 καὶ
422 541 459 611 τὸ
481 553 671 613 τελευταῖον
686 542 808 628 ἀτίμως
824 547 993 630 ἐξέωσται,
1016 542 1089 616 ὁδέ

78 645 402 728 κολακευτικώτερος
417 644 472 710 καὶ
483 640 568 727 πρὸς
578 640 637 720 τάς
650 640 805 720 τοιαύτας
819 649 1020 727 κακοηθείας
1030 670 1087 711 πι-

78 755 274 825 θανοτερος
291 739 473 827 εὐδοκιμεῖ,
491 743 545 809 καί
562 739 648 820 ὅλως
667 741 802 827 φθάσας
814 755 941 823 κράτεί·
964 740 1004 808 τά
1022 738 1087 828 γάρ

77 838 297 926 τοῦὉμήρου
312 841 402 907 πάνυ
420 841 705 926 ἐπαληθεύουσιν,
722 838 773 907 ὅτι
787 867 838 907 τοι

186 936 285 1017 ξυνὸς
300 936 469 1016 Ἐνυάλιος
483 941 538 1006 καί
553 935 614 1005 τόν
631 940 810 1006 κτανέοντα
825 938 972 1004 κατέκτα.

78 1043 260 1122 τοιγαροῦν
275 1033 319 1114 ὡς
340 1033 383 1101 ού
402 1038 477 1120 περὶ
497 1044 627 1122 μικρόν
642 1044 705 1103 τοῦ
718 1034 849 1121 ἀγῶνος
864 1033 961 1114 ὄντος
977 1041 1085 1102 ποικί-

77 1143 138 1211 λας
149 1130 223 1200 κατ’
235 1132 389 1219 ἀλλήλων
404 1131 505 1213 ὁδούς
516 1136 725 1218 ἐπινοοῦσιν,
743 1126 792 1200 οὖν
806 1140 938 1219 ταχίστη
950 1135 1004 1201 καὶ
1014 1136 1087 1200 ἐπι-

78 1231 289 1317 σφαλεστάτη
310 1233 397 1299 ἐστίν
417 1229 438 1318 ἡ
455 1240 514 1318 τῆς
534 1237 707 1319 διαβολῆς,
732 1230 794 1318 τη“ν
817 1233 877 1317 μέν
898 1229 1003 1318 ἀρχὴν
1019 1228 1085 1297 άπδ

78 1326 217 1413 φθόνου
232 1322 254 1414 ἦ
269 1334 386 1412 μίσους
402 1326 573 1407 εὐέλπιδος
586 1328 820 1416 λαμβάνουσα,
844 1329 1035 1412 οἰκτρότερα
1051 1328 1086 1397 δέ

78 1427 134 1492 καί
157 1422 296 1511 τραγικά
320 1427 488 1512 ἐπάγουσα
509 1424 549 1493 τά
572 1428 648 1511 τέλη
671 1428 724 1494 καὶ
746 1432 880 1494 πολλῶν
899 1433 1086 1511 συμφοράν

78 1521 238 1590 άυάπλεα.
264 1528 312 1591 ll.
330 1522 372 1590 ού
387 1529 500 1610 μέντοι
516 1523 637 1610 μικρὸν
653 1522 731 1592 οὐδὲ
747 1522 878 1592 διπλοῦν
893 1527 960 1590 ἐστι
976 1531 1086 1606 τούτο,

79 1618 123 1698 ὡς
137 1619 180 1687 άν
190 1647 239 1698 τις
250 1619 430 1710 ὑπολάβοι,
446 1621 529 1690 άλλᾶ
541 1631 666 1708 πολλῆς
677 1625 739 1708 μέν
750 1625 880 1708 τέχνης,
897 1621 959 1690 ούιι
970 1619 1084 1707 ὀλίγης
1105 1643 1149 1697 141

77 1719 116 1786 δὲ
131 1717 308 1803 άγχινοίας,
322 1717 484 1808 άκριβοῦς
499 1725 538 1788 δέ
548 1747 638 1798 τινος
649 1725 833 1807 ἐπιμελείας
846 1722 1020 1805 δεόμενον·
1042 1717 1085 1786 ού

78 1815 144 1901 γάρ
160 1811 203 1881 άν
216 1825 361 1886 τοσαῦτα
373 1817 566 1907 ἐβλαπτενὴ
578 1822 733 1906 διαβολή,
752 1825 782 1886 εί
790 1818 834 1905 μὴ
846 1818 996 1886 πιθανόν
1009 1842 1084 1884 τινα

78 1915 206 1997 τρόπον
222 1916 360 1998 ἐγίνετο·
385 1915 458 1983 οὐδ’
472 1913 515 1984 άν
526 1925 680 2003 κατίσχυε
691 1916 752 2003 τὴν
763 1918 900 1984 πάντων
915 1917 1084 2001 ίσχυροτέ-

78 2038 145 2093 ραν
160 2011 341 2098 ἀλήθειαν,
359 2022 389 2082 εί
401 2015 445 2101 μὴ
461 2013 547 2084 πολύ
562 2013 599 2084 τό
613 2015 788 2101 ἐπαγωγὸν
802 2019 857 2083 καὶ
871 2013 1020 2083 πιθανὸν
1030 2017 1084 2082 καὶ

78 2119 182 2196 μυρία
193 2110 276 2180 ἄλλα
289 2117 536 2197 παρεσκεύαστο
548 2115 630 2184 κατά
642 2125 711 2183 των
721 2113 924 2184 άκουόντων.
947 2122 996 2184 12.
1010 2120 1084 2183 δια-

78 2211 235 2296 βάλλεται
248 2210 316 2295 μέν
331 2206 395 2278 ούν
412 2211 455 2290 ὡς
470 2213 508 2281 τὸ
526 2213 613 2282 πολύ
633 2215 774 2300 μάλιστα
795 2213 813 2280 ὁ
831 2213 1014 2300 τιμάμενος
1030 2216 1083 2280 καὶ

79 2305 136 2374 διά
150 2315 246 2374 τοῦτο
259 2325 328 2390 τοῖς
341 2310 614 2399 ὑπολειπομένοις
631 2311 737 2380 αὐτοῦ
753 2317 952 2398 ἐπίφθονος·
975 2312 1084 2378 άπαν-

80 2433 132 2484 τες
149 2405 212 2492 γάρ
228 2407 307 2497 τῷδ’
326 2413 567 2493 ἐπιτοξάζονται
588 2413 741 2498 καθάπερ
757 2440 787 2479 τι
801 2411 939 2497 κάλυμα
953 2415 1007 2478 καὶ
1026 2415 1084 2496 ἐμ-

79 2505 200 2572 πόδιον
217 2509 463 2594 προορώμενοι,
487 2512 542 2578 καὶ
566 2514 700 2589 ἕκαστος
718 2520 820 2579 οίεται
838 2517 967 2592 πρῶτος
984 2508 1084 2589 αύτδς

79 2612 216 2672 ἔσεσθαι
238 2602 297 2672 τδν
318 2623 506 2693 κορυφαῖον
523 2612 652 2677 ἐκείνου
672 2610 932 2696 ἐκπολιορκήσας
953 2611 1084 2692 καὶτῆς

80 2711 192 2790 φιλίας
209 2702 532 2792 ἀποσκευασάμενος.
557 2703 629 2775 οἷόν
642 2736 674 2775 τι
689 2711 742 2776 καὶ
760 2710 812 2776 ἐπὶ
827 2722 895 2785 τοῖς
909 2722 1083 2793 γυμνικοῖς

79 2801 207 2889 άγῶσιν
219 2806 348 2870 ἐπὶτῶν
360 2806 511 2889 δρομέων
522 2815 684 2891 γίγνεται·
708 2806 804 2874 κάκεί
811 2806 876 2891 γάρ
894 2803 910 2872 ὁ
927 2807 988 2892 μὲν
999 2803 1083 2890 άγα-

78 2900 143 2979 θός
161 2899 304 2988 δρομεὺς
316 2910 373 2988 τῆς
386 2900 578 2988 ὕσπληγγος
593 2903 697 2983 εὐθύς
712 2904 961 2988 καταπεσούσης
975 2903 1081 2988 μόνον
1103 2926 1151 2979 142

78 3007 140 3067 τού
155 3000 271 3084 πρόσω
283 3002 453 3085 ἐφιέμενος
464 3004 518 3068 καὶ
529 3001 590 3086 τὴν
602 3004 755 3070 διάνοιαν
766 3001 940 3077 άποτείνας
952 2999 1034 3084 πρὸς
1044 3000 1081 3068 τὸ

78 3105 179 3185 τέρμα
198 3096 262 3164 κάν
277 3113 343 3176 τοίς
359 3103 434 3166 ποσὶ
451 3098 513 3186 τὴν
526 3104 641 3167 ἐλπίδα
655 3109 713 3187 τῆς
729 3107 822 3185 νίκης
839 3106 923 3186 ἔχων
937 3109 981 3187 τῷ
998 3109 1083 3186 πλη-

78 3205 154 3264 σίον
170 3194 270 3263 οὐδέν
287 3212 470 3283 κακουργεῖ
485 3197 567 3267 ούδέ
579 3227 609 3266 τι
629 3207 691 3266 τοῦ
708 3198 789 3267 κατὰ
806 3199 885 3278 τούς
899 3198 1084 3285 ἀγωνιστάς

78 3305 367 3381 πολυπραγμονεῖ,
391 3295 408 3362 ὁ
427 3297 462 3365 δέ
478 3295 579 3376 κακός
599 3301 723 3374 ἐκεῖνος
745 3302 799 3365 καὶ
816 3297 965 3376 άυαθλος
982 3297 1083 3366 άντα-

77 3392 242 3480 γωνιστὴς
257 3392 426 3481 ἀπογνούς
439 3394 501 3482 τὴν
511 3400 546 3464 ἐκ
557 3404 618 3464 τού
627 3398 747 3481 τάχους
761 3401 875 3464 ἐλπίδα
888 3400 939 3466 ἐπὶ
950 3395 1011 3484 τὴν
1022 3425 1084 3464 κα-

78 3503 251 3581 κοτεχνίαν
266 3493 440 3580 ἐτράπετο,
458 3497 510 3562 καὶ
526 3496 741 3579 τοῦτομόνον
754 3495 942 3574 ἐξάπαντος
956 3513 1082 3576 σκοπεῖ,
