2625 4092
312 280 400 336 ΔΙΣ
420 278 912 336 ΚΑΊἮΓΟΡΟΤΜΕΝΟΣ
1095 273 1115 335 5

109 439 141 506 τό
166 445 201 506 δε
225 447 290 505 νῦν
309 437 391 506 εἶναι
413 437 473 523 οάχ
494 437 574 526 ὁρᾷς
595 436 667 504 ὅσοι
689 445 847 524 τρίβωνες
865 442 919 506 καὶ
941 445 1116 525 βακτηρίαι

108 538 160 606 καὶ
176 546 294 622 πήραι;
318 534 510 622 ἁπανταχοῦ
531 537 654 622 πτόγων
670 539 781 624 βαθῦς
801 542 855 605 καὶ
876 545 1007 626 βιβλίον
1023 540 1059 604 ἐν
1075 543 1116 621 τῇ

108 635 278 723 ἀριστερᾷ,
300 636 355 702 καὶ
369 635 490 713 πάντες
504 633 588 718 ὑπὲρ
606 643 670 702 σοῦ
684 644 925 722 φιλοσοφοῦσι,
949 639 1061 722 μεστοὶ
1080 634 1115 701 δὲ

108 741 139 802 οί
149 743 323 816 περίπατοι
338 733 420 802 κατά
436 744 508 813 ἴλας
520 739 575 804 καὶ
589 737 763 823 φάλαγγας
773 735 927 823 ἀλλήλοις
938 736 1115 804 ἀπαντών-

107 861 189 918 των,
212 835 266 900 καὶ
283 832 392 912 οὐδεὶς
408 832 498 913 ὅστις
513 833 555 902 οῦ
570 836 732 920 τρόφιμος
747 845 805 922 της
822 835 939 922 ἀρετῆς
957 835 1041 903 εἶναι
1057 840 1116 901 δο-

107 946 176 998 κεῖν
191 931 362 1018 βούλεται·
385 934 501 999 πολλοὶ
515 941 600 1017 γοῦν
617 932 675 1010 τάς
691 936 805 1020 τέχνας
821 933 960 1019 ἀφέντες
975 931 1014 1011 ἀς
1028 931 1116 1017 εἶχον

107 1031 203 1111 τέως,
225 1029 276 1096 ἐπὶ
292 1027 353 1113 τήν
371 1030 483 1112 πήραν
502 1028 639 1118 ᾄξαντες
656 1033 711 1098 καὶ
731 1029 768 1098 τό
785 1029 983 1119 τριβώνιον,
1007 1033 1061 1098 καὶ
1077 1027 1114 1095 τό

108 1135 201 1211 σῶμα
212 1127 295 1209 πρὸς
309 1127 370 1194 τόν
382 1125 479 1212 ήλιον
491 1130 523 1204 ἐς
537 1125 573 1194 τό
587 1128 792 1196 Αἰθιοπικὸν
806 1131 1040 1214 ἐπιχράναντες
1054 1126 1117 1193 αῦ-

106 1229 265 1310 τοσχέδιοι
285 1225 466 1310 φιλόσοφοι
481 1230 516 1293 ἐκ
534 1226 783 1316 σκυτοτόμωυή
798 1230 965 1296 τεκτόνων
980 1253 1117 1309 περινο-

107 1332 221 1390 στοῦσι
240 1325 276 1392 σέ
297 1327 352 1391 καὶ
369 1321 431 1410 τήν
448 1323 512 1410 σήν
532 1323 655 1412 ἀρετήν
675 1331 899 1407 ἐπαινοῦντες.
929 1327 1012 1394 ὥστε
1033 1323 1116 1392 κατὰ

105 1420 167 1506 τήν
181 1428 379 1507 παροιμίαν,
404 1430 531 1490 θᾶττον
548 1424 592 1491 ἀν
604 1453 653 1504 τις
669 1430 706 1494 ἐν
726 1434 830 1516 πλοίφ
845 1424 958 1493 πεσών
974 1425 1116 1509 διαμάρ-

107 1545 156 1586 τοι
173 1519 275 1598 ξῦλου
290 1515 311 1606 ή
326 1526 411 1588 ἔνθα
426 1517 470 1588 ἀν
482 1519 582 1611 ἀπίδη
598 1521 615 1591 ὁ
632 1523 823 1611 ὀφθαλμός,
842 1523 1003 1609 ἀπορήσει
1019 1530 1115 1606 φιλο·
1136 1533 1186 1587 799

107 1620 226 1703 σόφου.

192 1722 220 1786 7.
237 1725 330 1787 ΔΙΚ.
347 1721 413 1788 Καὶ
424 1717 491 1805 μήν
507 1712 666 1804 οῦτοίμε,
683 1715 803 1806 ἀΖεῦ,
821 1725 1023 1788 δεδίττονται
1034 1716 1117 1799 πρὸς

107 1814 272 1902 ἀλλήλους
287 1821 446 1901 ἐρίζοντες
457 1819 511 1886 καὶ
523 1816 800 1904 ἀγνωμονοῦντες
811 1822 847 1886 ἐν
859 1817 971 1895 αὐτοῖς
983 1813 1031 1894 οἱς
1042 1818 1118 1902 περὶ

107 1919 189 2000 ἐμοῦ
211 1917 440 2001 διεξέρχονται.
475 1919 556 2001 φασὶ
580 1920 615 1984 δὲ
639 1919 694 1985 καὶ
712 1915 791 1995 τοῦς
811 1925 984 1995 πλείστους
1005 1913 1118 1983 αὐτῶν

106 2015 143 2078 ἐν
153 2013 215 2097 μὲν
229 2028 296 2090 τοῖς
308 2013 419 2099 λόγοις
431 2025 690 2097 προσποιεῖσθαί
698 2042 754 2101 με,
771 2019 823 2082 ἐπὶ
835 2019 871 2082 δὲ
885 2023 952 2082 τῶν
963 2015 1117 2099 πραγμά-

106 2137 174 2178 των
191 2109 274 2195 μηδὲ
287 2107 324 2176 τό
341 2112 501 2196 παράπαν
515 2115 547 2189 ἐς
562 2109 623 2196 τήν
633 2118 743 2180 οἰκίαν
755 2115 1016 2198 παραδέχεσθαι,
1033 2107 1116 2178 ἀλλά

106 2208 230 2293 δήλους
252 2205 335 2274 εἶναι
353 2207 627 2293 ἀποκλείσοντας,
648 2207 692 2296 ἢν
713 2208 886 2296 ἀφίκωμαί
904 2236 983 2276 ποτε
1006 2206 1122 2285 αῦτοῖς

106 2311 159 2376 ἐπὶ
170 2305 229 2386 τάς
242 2310 369 2395 θύρας·
392 2311 493 2378 πάλαι
509 2310 573 2397 γάρ
588 2307 650 2395 τήν
662 2306 809 2376 Ἀδικίαν
826 2315 1119 2392 προεπεξενῶσθαι

106 2405 229 2484 αῦτοίς.

192 2514 317 2574 ΖΕΥΣ.
344 2505 396 2574 Οῦ
419 2507 557 2592 πάντες,
590 2499 802 2592 ἀθῦγατερ,
829 2513 997 2592 μοχθηροί
1016 2512 1116 2571 εἰσιν·

107 2601 228 2675 ικανδν
244 2607 297 2690 δέ,
316 2601 381 2672 κάν
398 2609 498 2684 ἐνίοις
512 2609 576 2674 τισὶ
593 2620 745 2692 χρηστοῖς
759 2606 904 2690 ἐντῦχης.
933 2601 1004 2671 ἀλλ’
1023 2603 1118 2669 ἀπιτε

106 2704 188 2792 ήδη,
205 2701 248 2782 ὡς
265 2702 330 2774 κάν
345 2703 453 2790 ὀλίγαι
468 2707 613 2792 τήμερον
629 2708 881 2771 ἐκδικασθῶσιν.

190 2809 220 2872 8.
238 2813 342 2872 ΕΡΜ.
361 2813 548 2891 Προΐωμεν,
567 2796 593 2870 ἀ
603 2813 702 2888 Δίκη,
718 2801 844 2887 ταύτην
857 2799 945 2869 εῦθῦ
955 2809 1016 2868 τοῦ
1027 2810 1119 2869 Σου-

103 2908 183 2972 νίου
198 2901 319 2988 μικρόν
337 2901 401 2970 ὑπό
420 2903 481 2972 τόν
498 2902 659 2990 Ὑμηττὸν
680 2905 731 2969 ἐπὶ
751 2899 790 2968 τά
813 2899 889 2968 λαιά
906 2909 963 2987 της
979 2901 1119 2985 Πάρνη-

102 3014 186 3087 θος,
203 3009 289 3070 ἔνθα
308 3007 343 3071 αλ
358 3002 419 3069 δυό
435 3007 557 3071 ἐκεῖναι
573 3001 690 3084 άκραι·
719 2998 762 3067 σῦ
777 2999 842 3085 γάρ
859 3007 968 3078 ἔοικας
985 3004 1119 3086 ἐκλελῆ-

103 3113 188 3169 σθαι
201 3103 303 3168 πάλαι
319 3100 382 3187 τήν
397 3099 488 3168 ὁδόν.
519 3098 602 3167 ἀλλά
619 3107 653 3167 τί
665 3100 822 3184 δακρύεις
836 3102 891 3166 καὶ
907 3099 1119 3185 σχετλιάζεις;

103 3199 148 3287 μή
165 3205 291 3268 δέδιθι·
314 3198 432 3268 οὐκέθ’
446 3199 544 3286 ὅμοια
560 3198 600 3265 τά
616 3202 708 3286 ἐντῷ
723 3205 801 3286 βίφ·
825 3207 987 3266 τεθνᾶσιν
998 3202 1119 3265 ἐκείνοι

103 3299 228 3376 πάντες
250 3305 284 3368 ολ
294 3308 484 3384 Σκείρωνες
504 3302 557 3367 καὶ
573 3298 829 3382 Πιτυοκάμπται
850 3299 905 3365 καὶ
923 3301 1121 3379 Βουσίριδες

104 3401 160 3466 καὶ
171 3399 368 3482 Φαλάριδες,
382 3396 441 3478 οῦς
452 3403 586 3476 ἐδεδίεις
596 3401 680 3481 τότε,
697 3400 775 3463 νυνὶ
785 3399 821 3464 δὲ
831 3403 943 3480 Σοφία
955 3399 1010 3463 καὶ
1023 3393 1119 3462 Ἀκα-
1137 3412 1189 3462 800

105 3504 208 3584 δημία
219 3501 273 3565 καὶ
283 3496 375 3565 Στοά
390 3500 562 3583 κατέχουσι
574 3494 683 3562 πάντα
694 3497 748 3563 καὶ
760 3502 931 3579 πανταχοῦ
942 3516 977 3561 σε
991 3500 1122 3579 ζητοῦσι
