2625 4092
430 310 731 369 ΑΝΑΧΑΡΣΙΣ.
1044 312 1085 377 73

78 463 183 543 ἀλκάς
205 464 333 551 αὐτῶν,
356 464 429 535 ἀλλ’
455 476 525 554 είκῆ
548 470 584 536 έν
605 476 650 559 τῷ
672 478 769 558 πηλῷ
789 474 843 540 καλ
862 482 903 561 τῆ
919 475 1012 541 κόνει
1029 478 1084 543 έκ-

77 568 225 649 χέουτεςς

146 669 265 730 ,Σ’.οΛ
285 658 484 749 Ἔοικας,
457 692 483 731 οι
501 664 694 751 Ἀνάχαρσι,
718 669 848 738 τοιόνδε
863 699 894 739 τι
913 676 1086 762 δυνάμεως

76 767 153 843 πέρι
172 760 348 847 ἐννοεῖν,
326 790 371 841 ως
382 774 462 855 οίνφ
477 792 497 850 η
485 758 646 831 ’ὕδατι
625 792 646 850 η
659 765 803 855 ἀλλφν
762 776 831 833 τάν
841 767 957 857 ὑγρῶν
967 769 1087 857 ὁμοίαν

77 858 186 946 αὐτὴν
207 854 328 928 οὖσαν·
353 832 463 940 δέδιάς
481 870 565 947 γοῦν
586 860 629 947 μῆ
647 862 758 947 ὥσπερ
781 864 852 945 ἐξ’
833 875 970 952 αγγείου
987 896 1085 952 κερα-

76 966 162 1043 μεού
182 962 272 1048 λύθη
288 966 481 1045 διαρρυεῖσα
503 963 539 1027 ἐν
559 975 627 1039 τοῖς
643 963 760 1041 πόνοις
780 968 863 1052 κάτα
883 962 964 1051 ήμίν
983 966 1085 1036 κενόν
1109 995 1159 1049 ςιη

77 1082 133 1122 και
122 1055 250 1142 ξηρὸν
267 1056 435 1145 οίχηται
403 1085 439 1125 το
452 1065 546 1143 σῶμα
559 1059 814 1127 καταλιποῦσα
798 1087 864 1128 υπο
854 1060 1018 1148 μηδενὸς
1029 1070 1085 1131 έν-

77 1158 184 1220 δοθεν
199 1152 509 1241 ἀναπληρούμενον.
533 1182 570 1222 το
560 1154 621 1222 δὲ
638 1156 698 1242 ούχ
713 1156 820 1236 οὕτως
835 1164 899 1244 ἔχει
916 1180 984 1245 σοι,
1008 1154 1083 1229 ἀλλ’

77 1250 147 1344 ὅσῳ
162 1280 211 1331 τις
232 1249 275 1320 ἀν
296 1251 403 1340 αὐτήν
420 1257 557 1343 ἐξαντλῇ
572 1270 641 1333 τοῖς
661 1256 794 1337 πόνοις,
817 1265 942 1348 τοσῷδε
956 1267 1084 1344 μᾶλλον

76 1354 209 1433 ἐπιρρεῖ
217 1350 298 1418 κατὰ
314 1349 374 1419 τόν
394 1354 468 1433 περὶ
482 1359 540 1437 τῆς
550 1351 671 1436 Ὕδρας
686 1360 817 1439 μῦθον.
842 1366 875 1423 εί
890 1384 965 1423 τινα
979 1356 1085 1443 ῆκου-

77 1470 156 1535 σας,
176 1446 219 1528 ὡς
230 1448 303 1517 ἀντὶ
315 1456 393 1536 μιᾶς
408 1456 554 1536 κεφαλῆς
565 1459 746 1537 τμηθείσης
763 1451 817 1519 δύ’
834 1451 883 1520 ἀεὶ
896 1452 992 1521 άλλαι
1005 1453 1084 1522 ἀνε-

76 1551 219 1636 φύοντο.
246 1544 290 1638 ἢν
308 1548 344 1617 δὲ
364 1548 575 1634 ἀγύμναστος
597 1554 628 1629 ἐξ
644 1548 746 1636 ἀρχῆς
761 1554 814 1618 καὶ
830 1547 984 1641 ἀτονοςή
1001 1554 1084 1639 μηδδ

76 1654 197 1734 διαρκῆ
214 1648 276 1735 τῆν
291 1648 376 1735 ύλην
392 1652 447 1735 ἒχη
464 1644 757 1735 ὑποβεβλημένην,
772 1651 846 1718 τότε
861 1648 927 1716 ὑπὸ
940 1659 1008 1717 τῶν
1023 1680 1084 1717 κα-

75 1750 192 1834 μάτων
212 1748 391 1836 βλάπτοιτο
415 1743 459 1814 ἀν
479 1748 535 1815 καὶ
561 1753 853 1830 καταμαραίνοιτο,
882 1743 956 1815 οἷόν
978 1775 1008 1814 τι
1032 1751 1084 1817 ἐπὶ

76 1842 184 1928 πυρός
200 1850 254 1914 καὶ
269 1846 396 1929 λύχνου
412 1852 574 1930 γίγνεται·
597 1842 661 1911 ὑπό
675 1842 739 1930 γάρ
751 1852 796 1934 τῷ
808 1842 898 1933 αύτῷ
914 1846 1083 1931 φυσήματι

75 1942 112 2010 τδ
130 1944 194 2028 μὲν
215 1950 283 2026 πῦρ
301 1938 525 2019 ἀνακαύσειας
541 1938 584 2008 α”ν
601 1944 654 2008 καλ
671 1948 781 2027 μεῖζον
802 1947 837 2008 ἐν
852 1949 970 2029 βραχεῖ
987 1947 1083 2029 ποιή-

75 2062 168 2118 σειας
186 2040 394 2125 παραθήγων
409 2046 454 2128 τῷ
470 2039 650 2124 πνεύματι,
674 2042 726 2107 καί
742 2038 779 2107 τὸ
796 2048 856 2106 τού
870 2042 996 2126 λύχνου
1013 2068 1085 2125 φιις

76 2137 296 2225 ἀποσβέσειας
307 2134 370 2204 οὐκ
381 2143 457 2221 έχον
468 2134 669 2221 ἀποχρῶσαν
679 2142 736 2221 τῆς
746 2135 828 2222 ὕλης
842 2135 904 2222 τήν
916 2149 1085 2224 χορηγίαν,

76 2236 120 2315 ὡς
134 2242 253 2321 διαρκῆ
269 2232 449 2318 εἶναιπρὸς
463 2232 499 2301 τό
512 2232 708 2301 ἀντιπνέον·
732 2232 774 2299 ού
788 2231 852 2318 γάρ
866 2231 924 2301 ἀπ’
938 2242 1084 2321 ἰσχυράς,

75 2333 185 2421 οἶμαι,
202 2342 258 2420 τῆς
272 2336 361 2419 ῥίζης
376 2332 552 2418 ἀνεφύετο.

163 2436 213 2497 36.
229 2438 364 2498 ΑΝΑΧ.
386 2433 487 2498 Ταυτὶ
497 2433 569 2514 μέν,
586 2421 756 2515 άΣόλων,
774 2426 815 2496 ού
828 2429 919 2498 πάνυ
930 2437 1083 2516 συνίημι·

77 2529 257 2611 λεπτότερα
273 2528 337 2613 γάρ
351 2524 373 2613 ῆ
389 2523 461 2594 κατ’
480 2528 535 2613 ἐμὲ
552 2535 686 2611 εἴρηκας
696 2524 857 2613 ἀκριβοῦς
872 2554 961 2605 τινος
977 2553 1085 2612 φρον-

76 2632 168 2704 τίδος
177 2654 232 2692 και
222 2629 392 2703 διανοίας
403 2621 463 2703 ὀξύ
475 2628 671 2709 δεδορκυίας
683 2626 834 2708 δεόμενα
861 2628 967 2692 έκεῖνο
981 2629 1019 2691 δέ
1027 2649 1085 2710 μοι

77 2726 211 2801 πάντως
235 2728 322 2807 εἰπέ,
345 2726 477 2801 τίνος”
456 2748 554 2791 ενεκα
575 2720 646 2825 ούχδ
671 2724 725 2787 καί
746 2726 872 2801 ἐντοῖς
893 2721 997 2810 ἀγῶσι
1018 2735 1086 2800 τοῖς

75 2821 271 2905 Ὀλυμπίασι
288 2774 342 2887 κάὶ
357 2819 548 2903 Ἰσθμοῑκαι
559 2827 678 2887 Πυθοῖ
686 2823 740 2887 και
757 2834 825 2897 τοῖς
836 2817 998 2906 ἀλλοις,
985 2821 1085 2888 οπότε

77 2926 212 3002 πολλοί,
229 2915 366 3003 ὡςφής,
384 2924 540 2983 συνιασιυ
550 2914 712 3003 οψομενοι
722 2943 802 2995 τους
813 2922 912 2997 νέους
923 2916 1084 3004 ἀγωνιζο-

77 3022 219 3101 μένους,
238 3014 398 3083 ούδέποτε
410 3019 447 3083 ἐν
462 3013 578 3092 ὅπλοις
588 3027 739 3084 ποιεῖσθε
749 3016 811 3103 τήν
823 3016 983 3101 ἀμιλλαν,
999 3012 1083 3084 ἀλλά
1102 3036 1153 3093 917

76 3109 229 3199 γυμνούς
248 3115 280 3190 ἐς
299 3112 337 3180 τό
361 3116 464 3199 μέσον
486 3114 736 3198 παραγαγόντες
758 3116 1011 3199 λακτιζομένους
1030 3113 1087 3180 καὶ

78 3212 282 3296 παιομένους
303 3213 508 3279 ἐπιδείκνυτε
525 3212 579 3277 καὶ
601 3210 754 3294 νικήσασι
771 3219 858 3297 μῆλα
876 3213 930 3278 καὶ
951 3210 1088 3278 κότινον

78 3312 203 3385 δίδοται
226 3305 319 3388 ἀξιον
337 3304 401 3394 γάρ
417 3311 538 3377 είδέναι
554 3307 653 3375 τοῦτό
668 3333 722 3391 γε,
738 3300 871 3385 οὗτινος
886 3310 985 3375 ἕνεκα
998 3305 1087 3374 οὕτω

79 3420 211 3475 ποιεῖτε.

163 3512 267 3573 ΣΟΛ.
293 3502 489 3591 Ἡγούμεθα
514 3506 597 3591 γάρ,
630 3498 656 3571 ιδ
681 3503 874 3590 Ἀνάχαρσι,
902 3502 963 3590 τῆν
986 3507 1018 3579 ἐς
1045 3499 1106 3577 τάΔ
