2625 4092
356 298 476 358 ΠΕΡΙ
493 297 792 355 ΠΑΡΑΣΙΤΟΥ.
1035 292 1079 357 49

157 464 207 526 55.
223 460 289 527 Καὶ
300 456 368 543 μὴν
382 459 436 523 καὶ
446 454 569 533 πάντες
580 452 667 539 ὁμοῦ
679 456 860 539 φιλόσοφοι
872 458 926 522 καὶ
941 457 1079 541 ῥήτορες

72 562 258 643 φοβοῦνται
272 555 428 640 μάλιστα·
450 552 529 631 τούς
544 553 585 637 γέ
598 578 649 619 τοι
666 559 841 629 πλείστους
856 550 969 619 αὐτῶν
985 552 1079 636 εὕροι

73 680 120 731 τις
132 648 176 719 ἀν
187 649 270 739 μετὰ
283 652 386 731 ξύλου
401 650 596 733 προϊόντας,
613 647 675 716 οὐκ
689 645 733 715 ἀν
744 650 786 734 δή
801 660 884 728 που,
900 657 931 719 εί
939 649 984 736 μὴ
996 654 1079 736 ἐφυ·

74 756 213 837 βοῦντο,
233 746 476 833 ὡπλισμένους,
501 750 555 815 καλ
573 746 631 823 τὰς
647 748 759 829 θύρας
773 748 810 815 δὲ
826 750 915 833 μάλα
932 753 1080 836 ἐρρωμέ-

72 874 139 925 νως
157 844 412 930 ἀποκλείοντας,
437 846 482 932 μή
503 872 551 923 τις
572 843 637 927 ἀρα
660 844 793 928 νύκτωρ
808 848 1078 931 ἐπιβουλεύσειεν

71 943 183 1023 αὐτοῖς
200 942 363 1021 δεδιότας·
386 941 404 1010 ὁ
421 945 457 1011 δδ
474 940 535 1027 τὴν
550 942 666 1025 θύραν
680 950 742 1009 τοῦ
759 947 927 1026 δωματίου
941 950 1078 1026 προστί-

72 1052 176 1127 θησιν
191 1046 279 1125 εἰκῆ,
294 1044 458 1110 καὶτοῦτο
474 1038 573 1126 όςμὴ
590 1038 649 1107 ὑπ’
668 1039 797 1126 ἀνίμου
814 1041 1003 1127 ἀνοιχθείη,
1021 1067 1078 1127 γε·

72 1142 217 1223 νομίνου
238 1138 275 1207 δὲ
292 1139 408 1223 ψόφου
424 1140 558 1219 νύκτωρ
575 1135 676 1207 οὐδέν
692 1167 722 1206 τι
738 1147 866 1225 μᾶλλον
881 1147 1078 1227 θορυβεῖται

70 1234 149 1323 ἢμὴ
167 1240 366 1323 γευομένου,
388 1238 443 1304 καλ
458 1233 504 1303 δι’
523 1239 658 1321 ἐρημίας
679 1238 715 1305 δὲ
730 1234 841 1305 ἀπιών
858 1236 941 1307 ἀνευ
960 1243 1078 1321 ξίφους

69 1334 195 1403 ὁδεύει·
215 1340 365 1421 φοβεῖται
376 1331 442 1419 γάρ
453 1331 554 1403 οὐδὲν
566 1332 728 1421 οὐδαμοῦ.
745 1333 956 1420 φιλοσόφους
967 1332 1077 1419 δὲῆδη

69 1432 132 1517 ἐγω
153 1433 315 1510 πολλάκις
336 1430 442 1515 εἶδον,
470 1429 609 1509 οὐδενός
629 1430 726 1509 ὄντος
749 1436 878 1514 δεινοῦ,
904 1430 981 1511 τόξα
1002 1433 1075 1497 ἐνε-
1093 1440 1145 1495 879

70 1538 333 1619 σκευασμένους·
363 1533 445 1612 ξύλα
461 1533 522 1617 μὲν
543 1530 607 1617 γάρ
629 1538 741 1619 ἔχουσι
760 1536 815 1601 καὶ
837 1537 883 1609 είς
897 1539 1076 1617 βαλανείου

70 1629 225 1709 ἀπιόντες
237 1633 292 1697 καλ
314 1626 365 1699 ἐπ’
380 1628 531 1715 ἄριστον.
566 1636 616 1699 56.
633 1638 819 1715 παρασίτου
833 1632 947 1715 μέντοι
967 1627 1076 1708 οὐδεὶς

71 1735 134 1813 ἔχει
155 1737 379 1813 κατηγορῆσαι
393 1735 544 1813 μοιχείαν
564 1724 584 1814 ἢ
599 1736 678 1815 βίαν
696 1726 889 1814 ἦάρπαγὴν
904 1723 926 1813 ἦ
942 1726 1024 1796 ἀλλο
1044 1753 1076 1797 τι

69 1824 214 1911 ἀδίκημα
228 1824 358 1903 ἁπλοῖς·
388 1828 458 1895 ἐπεὶ
472 1824 545 1911 ὅγε
565 1834 715 1905 τοιοῦτος
731 1825 794 1895 ούκ
807 1822 851 1894 ἀν
866 1836 916 1912 είη
931 1826 1076 1910 παράσι-

69 1950 138 2005 τος,
150 1921 230 2001 ,ἀλλ’
243 1922 363 1995 ἑαυτὸν
375 1927 500 2001 ἐκεῖνος
510 1921 626 1993 ἀδικεῖ.
651 1922 732 1996 ὥστ’
743 1932 774 1993 εί
782 1925 960 2010 μοιχεύσας
970 1925 1074 2011 τύχοι,

69 2019 136 2106 ἅμα
150 2028 198 2109 τῷ
213 2018 390 2111 ἀδικήματι
402 2025 456 2091 καὶ
467 2020 615 2107 τούνομα
623 2022 872 2109 ,μεταλαμβάνει
887 2030 947 2089 τοῦ
958 2020 1075 2108 ἀδική-

68 2144 179 2202 ματος.
210 2116 320 2203 οἵσπερ
341 2117 414 2189 δὲὸ
437 2116 539 2197 κακός
556 2117 597 2186 οὐ
619 2117 655 2185 τὸ
675 2116 820 2205 ἀγαθός,
840 2117 924 2188 ἀλλά
946 2129 1075 2204 φαῦλος

70 2220 153 2291 εἶναι
168 2224 342 2310 λαμβάνει,
357 2222 474 2307 οὕτως,
492 2221 592 2309 οἶμαι,
609 2220 831 2306 όπαροίσιτος,
848 2221 908 2287 ἐάν
921 2248 952 2287 τι
964 2217 1073 2307 ἀδικῇ,

69 2319 148 2388 αὐτὸ
173 2323 234 2407 μὲν
248 2331 346 2390 τοῦτο
364 2322 447 2406 ὅπερ
461 2325 552 2396 ,ἐστὶν
568 2321 767 2409 ἀποβάλλει,
791 2320 1019 2406 ἀναλαμβάνει
1037 2318 1074 2385 δὲ

69 2416 87 2486 δ
100 2416 216 2487 ἀδικεῖ.
240 2418 424 2507 ἀδικήματα
442 2424 478 2489 δὲ
492 2429 628 2491 τοιαῦτα
642 2422 795 2508 ρητόρων
805 2423 861 2489 καὶ
875 2421 1074 2504 φιλοσόφων

68 2516 208 2602 ἄφθονα
219 2516 261 2584 ού
271 2520 378 2605 μόνον
389 2530 486 2607 ῖσμεν
499 2517 590 2587 αὐτοὶ
604 2521 766 2605 γεγονότα
781 2516 861 2587 καθ’
875 2516 971 2603 ἡμᾶς,
989 2514 1073 2584 ἀλλὰ

68 2614 131 2683 κάν
145 2630 215 2695 τοῖς
229 2624 371 2704 βιβλίοις
380 2615 642 2703 ἀπολελειμμένα
656 2616 877 2703 ὑπομνήματα
892 2622 1009 2701 ἔχομεν
1025 2607 1074 2681 τόν

68 2715 238 2802 ἠδίκησαν.
261 2714 422 2802 ἀπολογία
437 2714 577 2801 μὲνγὰρ
594 2718 797 2799 Σωκράτους
812 2717 879 2782 ἐστὶ
894 2715 949 2783 καλ
959 2719 1073 2797 Αἰσχί-

69 2838 130 2881 νου
152 2816 208 2881 aaz
223 2811 398 2895 Ὑπερίδου
415 2816 468 2881 καί
486 2818 729 2899 Δημοσθένους
752 2818 808 2882 καλ
826 2822 895 2881 τῶν
910 2818 1073 2884 πλείστων

67 2912 187 2997 σχεδόν
203 2936 234 2979 τι
248 2912 402 3000 ῥητόρων
419 2916 472 2981 καὶ
489 2919 626 2999 σοφῶν,
649 2920 834 2996 παρασίτου
852 2912 888 2979 δὲ
907 2909 969 2978 οὐκ
983 2915 1074 2979 ἔστιν

68 3007 229 3094 ἀπολογία
244 3008 318 3079 οὐδ’
337 3016 402 3096 ἔχει
419 3038 468 3088 τις
481 3017 585 3079 εἰπεῖν
598 3016 695 3098 δίκην
710 3010 795 3098 πρός
809 3011 996 3098 παράσιτόν
1007 3035 1074 3077 τινι

69 3114 309 3197 γεγραμμένην.
333 3115 382 3181 57.
401 3107 483 3181 ἀλλά
495 3108 537 3197 νὴ
547 3117 615 3181 Δία
626 3109 717 3197 ὁμὲν
730 3119 802 3199 βίος
816 3118 877 3178 τοῦ
888 3115 1074 3195 παρασίτου

70 3214 226 3288 κρείττων
241 3210 308 3277 ἐστὶ
327 3216 389 3277 τοῦ
409 3216 477 3275 τῶν
493 3209 645 3295 ῥητόρων
660 3212 797 3278 καὶτῶν
813 3207 1029 3295 φιλοσόφων,
1053 3204 1072 3272 ὁ

70 3306 103 3371 δὲ
116 3306 266 3385 δόνακος
275 3307 499 3392 φαυλότερος;
521 3307 612 3375 πάνυ
622 3309 685 3394 μὲν
699 3302 763 3377 οὖν
773 3306 971 3375 τούναντίον
982 3303 1072 3387 παρά

70 3402 154 3471 πολὺ
167 3403 473 3489 εὐδαιμονέστερος·
489 3408 699 3492 φιλοσόφους
709 3405 846 3493 μὲνγάρ
857 3417 952 3491 ίσμεν
962 3405 1071 3474 ἀπαν-

69 3528 123 3581 τας
137 3498 158 3589 ἦ
174 3501 254 3583 τούς
267 3513 440 3583 πλείστους
454 3502 579 3584 κακούς
597 3514 707 3583 κακῶς
720 3504 971 3655 ἀποθανόυτφς,
991 3501 1074 3591 τούς
1090 3518 1143 3571 880

150 3614 257 3653 meua.
278 3600 322 3655 111.
