2625 4092
200 299 264 363 218
554 298 863 358 AOYKIANOY

201 467 236 529 οί
246 463 380 531 παλαιοὶ
397 465 553 541 καλοῦσι,
575 463 635 524 καί
645 483 703 541 μοι
719 459 756 524 ε’ν
771 453 860 544 ἀκμῇ
875 463 933 543 της
949 464 1144 542 περιουσίας
1160 460 1214 526 καὶ

200 565 331 644 τρυφῆς
347 558 509 641 ἐπέστητε.

285 661 384 724 ΛΤΚ.
410 651 548 721 Οὐκοῦν
558 647 595 719 τό
608 651 867 738 προχειρότατον
878 660 995 738 τοῦτο,
1013 649 1216 734 κοινῦςῈρ-

200 762 264 841 μᾶς
281 774 381 839 φασι,
404 754 459 819 καὶ
476 755 509 831 ές
523 752 626 836 μέσον
648 758 819 818 κατατίθει
834 753 948 836 φέρων
968 749 1029 818 τόν
1048 758 1213 820 πλοῦτον·

200 851 293 932 ἄξιον
303 848 369 938 γὰρ
379 848 567 918 ἀπολαῦσαι
578 847 615 917 τό
625 854 725 936 μέρος
736 857 856 935 φίλους
865 849 962 929 ὄντας
970 858 1028 937 τῆς
1039 849 1214 935 Ἀδειμάν-

202 975 263 1017 του
276 955 414 1033 τρυφῆς.

285 1053 447 1114 ΑΔΕΙΜ.
466 1041 691 1130 Ἀπελείφθην
702 1043 764 1130 μέν
775 1042 872 1131 ὑμῶν
884 1043 990 1125 εῦθῦς
999 1049 1036 1114 έν
1046 1053 1087 1134 τῇ
1098 1047 1216 1135 πρώτη

201 1151 233 1224 ἐς
250 1142 311 1231 τὴν
327 1152 416 1212 ναῦν
429 1141 596 1230 ἐπιβάσει,
615 1143 686 1210 ἐπεὶ
702 1147 755 1229 σέ,
778 1135 957 1226 ύΛυκίνε,
982 1148 1166 1230 κατέστησα
1183 1150 1216 1223 ἐς

200 1245 237 1312 τό
259 1243 421 1331 ἀσφαλές·
450 1251 731 1329 περιμετροῦντος
752 1245 817 1330 γάρ
835 1270 902 1329 μου
921 1252 979 1329 τῆς
1002 1242 1151 1331 ἀγκύρας
1175 1243 1212 1311 τό

199 1344 304 1427 πάχος
320 1338 382 1408 οὐκ
402 1338 476 1407 οἶδα
492 1339 579 1408 ὅπου
595 1337 689 1425 ὑμεῖς
704 1338 873 1428 ἀπέστητε.
903 1346 953 1410 13.
969 1338 1053 1409 ίῦων
1068 1344 1104 1408 δὲ
1124 1339 1214 1427 ὅμως

198 1437 238 1506 τοὶ
257 1439 365 1505 πάντα
380 1435 512 1526 ἠρόμην
528 1437 685 1506 τινὰτῶν
702 1445 854 1522 ναυτῶν,
870 1435 999 1524 ὁπόσην
1013 1435 1177 1525 ἀποφέρει
1192 1437 1213 1524 ἡ

200 1545 284 1616 ναῦς
299 1544 345 1626 τῷ
362 1538 507 1626 δεσπότῃ
527 1535 571 1617 ύς
585 1540 637 1605 ἐπὶ
652 1535 690 1605 τό
708 1537 795 1606 πολῦ
814 1535 887 1605 κατ’
904 1543 976 1616 ἔτος
996 1540 1138 1607 ἕκαστον
1151 1535 1215 1624 τὴν
1307 1529 1308 1576 1

200 1643 440 1723 μισθοφορίαν.
463 1633 535 1704 όόέ
546 1662 619 1722 μοι,
637 1636 796 1720 Διόδεκα,
813 1643 894 1723 ἔφη,
912 1634 1037 1704 Ἀττικὰ
1053 1638 1213 1723 τάλαντα,

158 1724 166 1740 “
199 1733 785 1821 είπρόςτούλύχιστόντιςλογίζοιτο.
802 1727 1214 1804 τοῦντεῦθενοῦυέπανι-

200 1831 251 1900 οῦν
268 1834 480 1919 ἐλογιζόμην,
503 1843 536 1900 ελ
546 1860 595 1911 τις
609 1841 704 1900 θεῶν
718 1831 779 1919 τὴν
796 1840 883 1900 ναῦν
902 1832 1001 1920 ἄφνω
1017 1833 1099 1920 ἐμὴν
1113 1833 1214 1920 ποιή-

199 1953 289 2001 σειεν
310 1931 412 2017 εἶναι,
438 1927 511 1999 οἷον
532 1929 591 2016 ἄν,
617 1929 662 2009 ὥς
682 1928 865 2017 εῦῦαίμουα
885 1938 961 2019 βίον
985 1934 1151 2018 ἐπεβίωσα
1172 1923 1212 1998 εύ

200 2039 307 2100 ποιῶν
318 2029 396 2110 τοῦς
408 2038 527 2116 φίλους
540 2030 596 2098 καὶ
607 2032 772 2099 ἐπιπλέων
784 2032 889 2098 ἐνίοτε
900 2030 961 2116 μὲν
973 2027 1090 2115 αὐτός,
1106 2033 1213 2098 ἐνίοτε
1309 2036 1310 2070 λ

128 2150 179 2204 257
200 2133 236 2198 δὲ
254 2133 380 2208 οίκέτας
400 2131 592 2215 ἐκπέμπων·
620 2127 688 2195 εἶτα
710 2131 746 2196 ἐκ
762 2135 830 2195 τοῖν
846 2128 975 2197 δώδεκα
994 2131 1133 2197 ἐκείνων
1152 2155 1213 2195 τα-

199 2230 331 2298 λάντων
343 2234 453 2297 οἰκίαν
462 2254 498 2295 τε
510 2226 572 2314 ἤδη
585 2224 854 2316 ᾠκοδομησάμην
865 2231 903 2295 ἐν
914 2231 1073 2318 ἐπικαίρῳ
1088 2222 1210 2313 μικρὸν

198 2327 283 2412 ὑπὲρ
300 2324 361 2414 τὴν
372 2333 551 2412 Ποικίλην,
573 2323 637 2412 τὴν
659 2324 749 2411 παρὰ
765 2324 827 2393 τόν
845 2324 986 2395 Ἰλισσόν
1003 2331 1136 2412 ἐκείνην
1149 2324 1213 2411 τὴν

199 2424 359 2515 πατρῴαν
378 2423 491 2511 ἀφείς,
514 2427 570 2493 καὶ
587 2427 714 2502 οἰκέτας
737 2422 897 2510 ύνούμην
917 2427 972 2493 καί
989 2429 1133 2512 ἐσθῆτας
1156 2427 1213 2492 καὶ

199 2524 296 2609 ζεύγη
312 2525 367 2591 καὶ
382 2525 523 2602 ἵππους·
546 2525 624 2590 νυνὶ
639 2523 744 2590 δὲκαὶ
760 2527 879 2591 ἔπλεον
895 2521 958 2609 ὑφ’
973 2523 1135 2592 ἁπάντων
1152 2521 1214 2591 εύ-

198 2618 469 2705 δαιμονιζόμενος
484 2628 553 2687 των
566 2623 732 2708 ἐπιβατῶν
753 2618 898 2707 φοβερός
916 2635 985 2700 τοίς
999 2623 1140 2700 ναύταις
1156 2623 1213 2688 καί

197 2720 379 2805 μονονουχὶ
394 2717 550 2807 βασιλεῦς
565 2720 791 2805 νομιζόμενος.
813 2725 861 2787 ἔτι
875 2723 912 2785 δέ
926 2746 984 2805 μοι
997 2717 1037 2786 τὰ
1049 2718 1134 2787 κατὰ
1148 2719 1214 2805 τὴν

197 2824 285 2884 ναῦν
301 2816 503 2900 εὐθετίζοντι
523 2820 580 2886 καὶ
598 2821 630 2896 ἐς
646 2820 765 2904 λιμένα
789 2816 970 2902 πόρρωθεν
986 2816 1213 2903 ἀποβλέποντι

198 2915 347 2998 ἐπιστάς,
367 2907 394 2981 ιύ
410 2923 552 3001 Λυκῖνε,
570 2918 754 2994 κατέδυσας
768 2913 827 2982 τόν
842 2923 989 2983 πλοῦτον
1003 2918 1059 2983 καλ
1072 2913 1210 3000 ἄνέτρε·

199 3027 264 3092 φας
279 3006 318 3079 εὖ
334 3012 574 3098 φερόμενοντὸ
589 3015 720 3102 σκύφος
733 3014 838 3107 οῦρίφ
848 3026 907 3103 τῆς
921 3014 1018 3104 εῦχῆς
1032 3018 1210 3103 πνεύματι.

225 3116 333 3230 θζ14
351 3119 451 3181 ΛΤΚ.
473 3109 661 3234 Οῦμοῦν,
633 3142 660 3182 ω
671 3131 814 3202 γενναίε,
827 3116 1012 3237 λαβόμενός
1023 3143 1090 3202 μου
1102 3144 1211 3203 απαγε

198 3189 283 3293 πρός
297 3207 358 3278 τόν
369 3212 556 3298 στρατηγόν
572 3239 617 3292 ως
630 3241 706 3281 τινα
719 3214 881 3302 πειρατὴν
895 3211 918 3303 ἢ
932 3217 1211 3302 καταποντιστήν,

199 3305 235 3385 ὃς
249 3316 448 3393 τηλικοῦτον
459 3337 626 3398 ναυαγιον
636 3324 829 3400 εἴργασμαι
840 3315 897 3382 καὶ
906 3341 1010 3382 ταυτα
1021 3316 1113 3382 έν
1069 3342 1113 3404 γη
1124 3342 1211 3382 κατα

198 3433 258 3492 την
275 3409 311 3473 ἐκ
321 3413 489 3491 Πειραιῶς
502 3408 583 3488 ἐς
549 3437 586 3478 το
601 3409 696 3478 ύστν.
719 3409 840 3480 ύλλόι”
821 3438 884 3496 ορα
900 3411 991 3490 ὅπως
1003 3414 1210 3500 παραμυθή-

199 3515 301 3592 σομαί
310 3527 373 3574 σου
382 3506 419 3574 τό
437 3522 597 3595 πταῖσμα·
619 3513 718 3578 πέντε
729 3511 811 3597 γάρ,
827 3519 858 3580 εί
867 3513 998 3600 βούλει,
1015 3519 1140 3580 καλλίω
1154 3514 1211 3582 καί
