2625 4092
230 310 291 373 468
588 311 893 370 AOYKIANOY

708 476 759 540 43.

229 579 359 640 Θαττον
374 577 433 658 ίην
450 570 592 651 λευκούς
606 571 751 656 κόρακας
767 570 893 656 πτηνάς
907 597 941 638 τε
955 571 1107 656 χελώνας

158 679 211 733 690
292 665 440 756 εῦρελνῆ
457 670 597 756 δόκιμον
611 671 736 755 ῥήτορα
751 670 992 754 Καππαδόκην.

226 920 360 1000 Πολλάς
372 923 539 1009 μυριάδας
554 929 707 1008 ψηφίζων
720 921 956 1007 Ἀρτεμίδωρος

290 1022 345 1089 καὶ
362 1020 466 1107 μηδὲν
482 1026 643 1089 δαπανῶν
660 1028 696 1109 ζῇ
712 1027 788 1107 βίον
803 1018 966 1106 ἡμιόνων,

227 1119 387 1198 πολλάκις
402 1126 440 1187 αἳ
453 1127 581 1206 χρυσοῦ
595 1122 759 1206 τιμαλφία
774 1120 903 1204 φόρτον
918 1123 1053 1204 ἔχουσαι

289 1214 417 1286 πολλόν
431 1215 517 1301 ὑπὲρ
532 1218 644 1285 νότου
658 1218 780 1302 χόρτου
797 1220 911 1284 ἔδουσι
924 1215 1040 1302 μόνον.

703 1376 754 1438 45.

224 1475 269 1538 Εί
276 1470 313 1538 τό
325 1473 461 1556 τρέφειν
471 1468 618 1555 πιόγωνα
632 1474 725 1538 δοκεῖ
735 1475 859 1554 σοφίαν
869 1483 1069 1555 περιποιεῖν,

287 1569 342 1636 καί
354 1568 475 1655 τράγος
486 1565 650 1654 εῦπόγων
661 1566 819 1645 εύστολός
830 1569 897 1634 ἐστι
909 1569 1064 1636 Πλάτων.

155 1743 204 1798 σοι
704 1727 755 1791 46.

228 1827 297 1889 Τοῦ
309 1823 564 1907 πωγωνοφόρου
575 1828 744 1907 Κυνικοῦ,
760 1829 821 1889 τοῦ
831 1829 1159 1910 βακτροπροσαίτον,

288 1924 421 2006 είδομευ
432 1924 469 1988 ε’ν
481 1930 605 2010 δειπνφ
615 1948 679 2007 την
689 1943 839 2008 μεγαιην
851 1929 989 2007 σοφίαν·

224 2025 363 2106 θέρμων
374 2017 511 2106 μὲνγὰρ
524 2028 658 2102 πρῶτον
670 2019 827 2106 ἀπέσχετο
839 2023 894 2088 καὶ
904 2023 1118 2106 ῥαφανίδων,

288 2116 332 2204 μὴ
345 2123 416 2185 δεῖν
427 2118 603 2186 δουλεύειν
613 2123 730 2206 γαστρὶ
744 2124 851 2206 λέγων
862 2119 992 2204 άρετήν.

225 2210 300 2285 εύτε
311 2214 342 2284 δ’
357 2219 394 2284 ἐν
405 2213 634 2302 ὀφθαλμοῖσιν
645 2223 717 2286 ίδεν
728 2219 889 2304 χιονώδεα
900 2219 1029 2305 βόλβαν

286 2316 478 2400 στρυφνόν,
493 2312 668 2401 ἣπινυτόν
679 2316 742 2402 ἤδη
756 2324 889 2385 ἔκλεπτε
900 2317 999 2383 νόον·

222 2411 345 2502 ᾔτησεν
356 2409 446 2494 παρὰ
457 2419 663 2496 προσδοκίαν
674 2419 729 2483 καὶ
741 2422 883 2501 ἔτρωγεν
895 2413 1042 2499 άληθῶς,

285 2509 407 2579 κούδὲν
419 2516 483 2597 ἔφη
494 2512 624 2599 βόλβαυ
634 2510 696 2599 τὴν
706 2511 828 2599 άρετην
840 2511 976 2580 ἀδικεῖν.

591 2764 655 2829 Ele
671 2669 864 2836 πδδάχροιν.

224 2848 425 2933 Μισόιττωχε
436 2850 521 2933 θεά,
536 2849 647 2935 μούνη
659 2850 809 2940 πλούτου
821 2850 1012 2934 δαμάτειρα,

283 2941 352 3030 ἡτό
365 2953 473 3024 καλῶς
486 2953 578 3032 ζῆσαι
590 2945 727 3015 πάντοτ’
742 2949 955 3032 ἐπισταμένη·

221 3047 252 3108 εί
262 3042 298 3109 δὲ
309 3045 364 3110 καί
375 3041 560 3127 ἀλλοτρίοις
570 3048 757 3131 ἐπιιζομίνη
769 3047 847 3113 ποσὶ
857 3051 989 3130 χαίρεις,

152 3163 205 3221 6⁹2
286 3137 491 3226 ὁπλοφορεῖν
502 3141 533 3209 τ’
546 3141 637 3222 οἶδας
648 3145 703 3210 καὶ
714 3144 804 3228 μύρα
816 3162 868 3210 σοι
880 3143 1026 3228 μέλεται·

221 3240 332 3321 τέρπει
342 3241 396 3306 καί
408 3241 573 3325 στέφανός
584 3262 621 3308 σε
632 3243 687 3308 καὶ
698 3237 870 3307 Αύσονίου
881 3241 973 3326 πόμα
983 3240 1133 3326 Βάκχου.

284 3345 387 3404 ταῦτα
397 3338 487 3423 παρά
499 3356 639 3425 πτωχοῖς
649 3348 796 3426 γίγνεται
808 3337 976 3407 οὐδέποτε.

221 3431 364 3502 τούνεκά
376 3460 441 3501 νυν
453 3437 590 3521 φεύγεις
602 3445 718 3524 πενίης
728 3436 788 3506 τὸν
798 3435 963 3524 άχάλκεον
975 3435 1095 3515 οῦδόν,

283 3558 387 3620 τερπη
398 3530 430 3597 δ’
443 3527 487 3599 αύ
499 3536 648 3602 πλούτου
660 3534 742 3618 πρὸς
753 3535 859 3616 πόδας
869 3539 1039 3624 ἐρχομένη.
