2625 4092
223 308 266 372 82
575 306 884 372 AOYKIANOP

222 481 364 558 θρηνεῖν
379 470 615 557 ἀληθέστερον,
631 474 685 537 καί
699 465 745 556 δη
756 468 936 559 ἀναλαβών
950 478 982 553 ἐξ
997 471 1240 561 δπαρχηςβόα,

226 574 353 643 Τέκνον
369 569 509 654 ἀθλιον,
527 568 639 637 οὐκέτι
654 570 823 655 δινήσεις,
841 569 956 638 ὀὐκέτι
971 571 1139 657 πεινήσεις
1151 569 1238 639 οὐδὲ

221 669 384 755 ῥιγώσεις.
407 677 480 757 οίχη
494 695 551 755 μοι
563 672 777 754 κακοδαίμων
787 668 948 755 έκφυγών
962 669 1020 750 τάς
1033 672 1176 754 νόσους,
1193 666 1239 735 οὐ

222 766 368 849 πυρετὸν
387 773 433 834 ε”τι
455 766 588 850 δεδιώς,
618 766 660 834 οὐ
680 770 858 853 πολέμιον,
886 767 927 835 οδ
950 769 1137 852 τύραννον·
1170 766 1238 834 οὐκ

222 869 305 945 ἔρως
320 885 357 931 σε
372 862 503 932 ἀνιάσει
520 863 598 931 οὐδὲ
614 872 779 932 συνουσία
794 869 985 949 διαστρέψει
1002 864 1081 933 οὐδὲ
1095 866 1238 949 σπαθη-

223 981 292 1040 σεις
306 962 359 1029 έπὶ
373 962 480 1051 τοάτφ
500 963 549 1041 δὶς
566 958 588 1049 ἦ
604 964 675 1047 τρὶς
688 971 746 1046 τῆς
759 960 898 1049 ἡμέρας,
917 960 949 1031 ώ
969 972 1026 1050 τῆς
1044 970 1235 1049 συμφορᾶς.

222 1057 264 1128 οὐ
281 1060 568 1148 καταφρονηθήσῃ
583 1064 694 1146 γέρων
714 1064 895 1147 γενόμενος
912 1061 991 1130 οὐδὲ
1011 1059 1151 1148 ὀχληρὰς
1164 1067 1237 1149 ’έση

222 1173 290 1237 τοϊς
300 1162 387 1236 νέοις
398 1158 612 1245 βλεπόμενος,
637 1168 686 1229 18.
702 1156 861 1228 ἀνταῦτα
875 1164 982 1250 λέγης,
998 1152 1151 1243 ώπάτερ,
1168 1158 1235 1227 οὐκ

223 1266 285 1325 ολει
309 1253 397 1323 πολὺ
424 1255 631 1345 ἀληθέστερα
660 1259 715 1325 καὶ
740 1260 932 1344 γελοιότερα
955 1262 1093 1327 έκείνων
1122 1259 1237 1339 &pacm

222 1353 307 1424 ἀλλά
321 1353 384 1438 ὅρα
401 1354 449 1443 ’μὴ
466 1356 541 1425 τόδε
557 1377 594 1423 σε
609 1354 689 1445 ἀνιᾷ
703 1360 758 1424 καὶ
774 1362 892 1447 διανοῇ
909 1356 969 1425 τόν
984 1354 1064 1440 παρ’
1081 1353 1163 1441 ἡμῖν
1179 1356 1235 1436 ξό-

222 1460 289 1539 φον
304 1457 357 1521 καὶ
377 1453 414 1520 τὸ
431 1453 518 1523 πολὺ
536 1455 671 1540 σκότος,
694 1448 778 1544 κᾷτα
794 1458 904 1534 δέδιας
921 1458 966 1543 μη’
983 1479 1037 1523 σοι
1054 1452 1237 1537 ἀποπνιγῶ

222 1555 471 1631 κατακλεισθεὶς
485 1556 522 1621 ἐν
536 1560 582 1643 τῷ
602 1555 765 1640 μνήμονες
786 1581 847 1641 χρη
836 1553 900 1623 δε
916 1553 1001 1637 πρὸς
1016 1560 1119 1621 ταντα
1137 1559 1236 1637 λογί-

222 1649 380 1733 ζεσθαι’
360 1676 410 1717 οτι
433 1658 501 1717 τῶν
524 1648 713 1750 ὀφθαλμῶν
735 1647 1008 1720 διασαπέντων
987 1678 1008 1737 η
1027 1653 1081 1719 καὶ
1103 1647 1146 1735 νὴ
1162 1656 1236 1719 Δία

222 1752 373 1817 καέντων
385 1774 444 1834 μετ
449 1744 607 1834 ’ὀλίγον,
626 1760 661 1817 εί
670 1776 708 1835 γε
724 1757 849 1817 καῦσαί
859 1777 900 1836 με
917 1750 1133 1852 διεγνώκατε,
1152 1747 1237 1816 οὔτε

224 1847 341 1923 σκότος
359 1871 436 1913 ουτε
453 1856 529 1941 φῶς
542 1844 627 1931 ὁρᾶν
641 1847 841 1933 δεησόμεθα.
874 1852 929 1917 καὶ
944 1856 1047 1915 ταῦτα
1070 1848 1134 1933 μέν
1152 1857 1237 1925 ίσως

154 1964 202 2021 931
225 1948 350 2031 μέτρια.
375 1950 423 2013 19.
442 1953 475 2013 τί
487 1949 526 2012 δέ
536 1943 610 2031 μεδ
629 1943 779 2024 κωκυτος
789 1945 886 2032 υμῶν
903 1944 1033 2032 ὀνίνησι
1049 1947 1104 2012 καὶ
1115 1942 1136 2030 ἡ
1148 1943 1237 2026 πρὸς
1296 1961 1297 2006 i

224 2042 283 2110 ’τ’ὀν
304 2040 409 2108 αὐλόν
431 2042 515 2135 αὕτη
530 2051 750 2128 στερνοτυπία
770 2042 859 2130 καὶὴ
879 2052 947 2112 τῶν
963 2050 1135 2130 γυναικῶν
1155 2046 1234 2123 περὶ

222 2137 283 2206 τόν
298 2147 430 2224 θρῆνον
440 2138 594 2227 ἀμετρίας
615 2149 650 2210 τί
657 2146 694 2211 δὲ
708 2140 726 2209 ὁ
738 2139 823 2226 ὑπὲρ
835 2148 896 2210 τοῦ
909 2142 1020 2227 τάφου
1031 2148 1128 2219 λίθος
1138 2143 1234 2207 ἐστε·

223 2240 437 2322 φανωμένος;
455 2236 480 2317 ἢ
497 2246 531 2307 τί
549 2237 631 2324 ν’μλν
651 2239 793 2307 δύναται
809 2236 870 2307 τόν
885 2237 1031 2321 ἀκρατον
1047 2238 1191 2323 ε’πιχείν;’
1212 2233 1234 2323 ἢ

223 2344 369 2422 νομίζετε
378 2338 651 2419 καταστάξειν’
609 2337 716 2406 αυτόν
720 2336 788 2432 ές“
769 2345 866 2424 ημῶν
877 2340 1035 2422 καὶμέχρι
1046 2335 1234 2403 του”Ἀιδου

223 2439 404 2517 διίξεσθαί;
433 2435 472 2504 τά
481 2438 557 2555 μέν
576 2435 640 2525 γάρ
660 2440 712 2505 έπλ
732 2444 800 2502 τῶν
823 2442 1043 2519 καθαγισμῶν
1061 2436 1115 2502 καὶ
1135 2432 1232 2502 αὐτοι

222 2532 330 2619 ὁρᾶτε,
342 2532 458 2656 οἶμαι,
455 2533 497 2612 ῶς
506 2534 542 2603 τό
554 2562 616 2620 μεν
625 2536 873 2621 νοστιμώτατον
882 2542 951 2601 τῶν
959 2535 1233 2618 παρεσκευασμέ-

224 2644 294 2701 νων
317 2631 479 2712 ὁκαπνός
499 2632 743 2719 παραλαβῶν”
720 2660 791 2700 ανω
812 2639 844 2711 ές
864 2631 923 2702 τόν
943 2630 1092 2717 οὐρανόν
1108 2641 1234 2717 οἴχεται

223 2738 327 2820 μηδέν
342 2760 372 2801 τι
387 2732 473 2820 ἡμᾶς
487 2730 614 2819 ὀνῆσαν
624 2730 704 2809 τούς
715 2733 822 2813 κάτω,
837 2758 874 2798 το
863 2729 924 2798 δὲ
935 2730 1232 2816 καταλειπόμενον,

223 2831 368 2919 ηκόνις,
392 2832 541 2919 ἀχρείου,
568 2829 661 2907 ε’κτὸς
682 2838 712 2897 εί
731 2830 775 2916 μὴ
793 2829 855 2917 τὴν
874 2828 1002 2902 σποδὸν
1023 2828 1109 2915 ἡμᾶς
1129 2844 1232 2896 σιτεῖ-

223 2942 305 2999 σθαι
319 2932 566 2999 πεπιστεάκατε.
591 2928 651 3015 οὐχ
666 2928 772 3007 οὕτως
788 2930 934 3010 ἀσπορος
948 2926 1026 2995 οὐδὲ
1043 2926 1194 3009 ἀκαρπος
1210 2924 1231 3012 ἡ

223 3036 284 3097 τοῦ
293 3031 493 3106 Πλούτωνος
504 3026 586 3114 ἀρχη
599 3027 678 3095 οὐδὲ
690 3031 896 3096 ἐπιλέλοιπεν
907 3024 992 3113 ἡμᾶς
1003 3024 1021 3093 ὁ
1033 3026 1232 3110 ἀσφόδελος,

223 3131 280 3196 ’ίνα
296 3126 373 3212 παρ’
392 3126 488 3213 ὑμῶν
508 3127 547 3195 τά
571 3136 656 3196 σιτία
675 3128 979 3212 μεταστελλώμεθα.
1014 3124 1097 3192 ώστε
1114 3125 1171 3210 μοι
1183 3124 1231 3211 νὴ

223 3227 285 3312 ’τὴν
309 3227 495 3313 Τισιφόνην
508 3228 625 3295 ’πάλαι
649 3224 691 3313 δη
713 3223 767 3310 ἐφ’
793 3220 843 3304 οἷς
862 3228 1001 3298 ἐποιεῖτε
1028 3227 1083 3292 καί
1105 3221 1231 3311 ἐλέγετε

203 3330 205 3335 ’
224 3330 434 3413 παμμέγεθες
444 3327 541 3414 ’έπῄει
563 3325 807 3412 ἀνακαγχάσαι,
829 3324 1010 3419 διεκώλυσε
1025 3319 1099 3408 δέη
1120 3321 1230 3407 ὀθόνη

224 3424 331 3495 καὶτὰ
349 3432 437 3508 ἔρια,
457 3420 506 3503 οἷς
520 3424 659 3515 μουτάς
674 3424 832 3507 σιαγόνας
846 3420 1075 3506 ἀπεσφίγξατε.
1221 3448 1225 3453 -

310 3530 359 3592 20.
376 3521 420 3601 ώς
430 3518 494 3606 ἀρα
506 3550 565 3604 μιν
577 3523 713 3591 εἰπόντα
724 3523 816 3599 τέλος
827 3520 990 3588 θανάτοιο
1001 3522 1139 3619 κάλυψε.
