2625 4092
443 285 677 387 mmet.
1004 286 1066 349 395
1095 296 1099 306 “

59 449 114 515 καὶ
130 443 267 524 οὐδενός
290 448 432 532 μετέχεις
453 442 565 511 αὐτῶν
581 442 683 511 οὐδὲν
697 452 825 530 μᾶλλον
842 442 864 531 ἢ
885 446 924 513 τά
945 455 1065 535 θηρία·

58 552 163 620 πίνεις
178 541 239 627 μὲν
253 542 316 626 γὰρ
331 538 422 623 ὕδωρ
438 536 520 625 ὅπερ
532 544 587 607 καὶ
601 541 640 608 τοὶ
655 551 775 629 θηρία,
791 552 865 629 σιτῇ
878 546 913 612 δὲ
928 543 1010 629 ὅπερ
1022 541 1065 611 ἀν

57 640 227 728 εύρίσκης,
251 640 361 721 ῶσπερ
376 643 409 705 οί
423 637 538 725 κύνες,
562 637 666 725 εὐνὴν
680 641 716 709 δὲ
732 639 833 709 οὐδὲν
847 650 983 724 κρείττω
997 650 1065 709 τῶν

57 746 172 806 κυνῶν
195 745 291 823 ἔχεις·
324 737 440 823 χόρτος
464 734 530 821 γάρ
552 735 649 820 ἀρκεῖ
668 760 721 805 σοι
741 741 895 824 καθάπερ
917 742 1062 817 ἐκείνοις.

57 844 105 903 ἔτι
120 837 155 904 δὲ
167 838 299 921 ίμάτιον
314 850 428 922 φορεῖς
444 832 544 902 οὐδὲν
556 838 797 921 ἐπιεικέστερον
809 835 968 923 ἀκληρου.
991 845 1065 903 καί-

57 962 108 1002 τοι
128 941 158 1003 εί
172 933 214 1001 σύ
235 935 364 1011 τούτοις
379 931 587 1018 ἀρκούμενος
603 931 715 1015 ὀρθῶς
731 934 926 1021 φρονήσεις,
951 932 1065 1011 ὁθεὸς

57 1032 120 1099 οὐκ
134 1028 245 1115 ὀρθῶς
256 1036 388 1118 ε’ποίησε
399 1039 498 1098 τοῦτο
513 1031 575 1115 μὲν
589 1032 740 1117 πρόβατα
753 1034 893 1118 ποιήσας
905 1039 1063 1119 ἔμμαλλα,

56 1139 155 1198 τοῦτο
168 1128 199 1197 θ’
213 1128 380 1215 ἀμπέλους
393 1126 589 1215 ἡδυοίνους,
605 1136 703 1195 τοῦτο
719 1129 755 1197 δὲ
766 1130 827 1216 την
839 1129 944 1216 ἀλλην
955 1154 1062 1214 παρα·

55 1225 181 1313 σκευὴν
201 1233 403 1312 θαυμαστῶς
423 1234 577 1311 ποικίλην
593 1227 647 1292 καὶ
665 1231 778 1295 ἔλαιον
792 1230 845 1294 καὶ
866 1232 939 1313 μέλι
955 1227 1009 1295 καὶ
1023 1225 1063 1292 τά

54 1326 156 1409 ἀλλα,
181 1324 223 1401 ῶς
238 1331 324 1409 ἔχειν
339 1325 399 1409 μὲν
414 1322 500 1410 ἡμᾶς
517 1330 603 1391 σιτία
618 1326 831 1407 παντοδαπά,
850 1331 936 1410 ἔχειν
952 1328 988 1391 δὲ
1001 1350 1063 1389 πο-

54 1422 115 1489 τόν
136 1419 216 1507 ἡδύ,
244 1427 329 1506 ἔχειν
351 1423 387 1488 δὲ
408 1421 576 1505 χρήματα,
603 1426 690 1505 ἔχειν
715 1422 751 1489 δὲ
774 1418 878 1508 εὐνὴν
898 1423 1062 1507 μαλακήν,

54 1528 142 1605 ἔχειν
165 1520 201 1586 δὲ
225 1524 329 1596 οἰκίας
354 1516 456 1597 καλῶς
477 1520 532 1587 καὶ
554 1517 594 1585 τά
619 1518 702 1587 ἀλλα
729 1520 838 1585 πάντα
860 1526 1063 1605 θαυμαστῶς

54 1619 359 1702 κατεσκευασμένα·
382 1619 436 1684 καλ
451 1614 517 1703 γάρ
534 1610 578 1684 αὖ
598 1616 637 1684 τά
654 1626 722 1684 τῶν
736 1626 861 1704 τεχνῶν
876 1624 955 1704 ἔργα
971 1623 1062 1701 δῶρα

55 1724 124 1781 τῶν
141 1723 233 1781 θεῶν
249 1718 324 1781 ἐστί.
347 1713 384 1781 τὸ
406 1716 441 1781 δὲ
458 1714 595 1781 πάντων
610 1714 740 1781 τούτων
762 1720 818 1801 ζῆν
840 1712 1063 1801 ἀπεστερημέ-

55 1839 119 1880 νον
134 1812 256 1879 ἀθλιον
271 1814 348 1899 μέν,
366 1819 396 1881 εἰ
408 1814 461 1880 καὶ
477 1810 542 1879 ὑπὸ
560 1812 666 1880 ἀλλον
680 1811 769 1891 τινός
784 1812 985 1900 ἀπεστέρητο
999 1840 1062 1879 κα-

53 1912 167 1993 θάπερ
184 1916 217 1979 ot
230 1915 266 1979 ἐν
281 1928 348 1990 τοῖς
365 1916 614 1997 δεσμωτηρίοις·
635 1909 724 1979 πολύ
741 1912 777 1979 δὲ
791 1909 1015 1994 ἀθλιώτερον,
1033 1920 1065 1977 εί

54 2038 103 2087 τις
122 2008 222 2089 αὐτὸς
236 2010 356 2078 ἑαυτὸν
371 2009 567 2097 ἀποστεροίη
580 2011 717 2077 πάντων
731 2018 799 2078 τῶν
814 2017 942 2095 καλῶν,
959 2017 1060 2097 μανία

53 2107 117 2195 ἥδη
134 2109 233 2176 τοῦτό
247 2136 285 2195 γε
300 2111 418 2196 σαφής.

140 2214 170 2274 6.
185 2214 218 2275 Κ
221 2216 290 2275 TN,
303 2206 390 2276 Ἀλλ’
404 2218 483 2286 ἴσως
493 2205 605 2291 ὀρθῶς
616 2210 729 2291 λέγεις.
748 2208 853 2275 έκεῖνο
867 2210 906 2275 δέ
913 2233 969 2292 μοι
980 2209 1060 2288 εἰπέ,

53 2316 87 2373 εί
97 2332 146 2384 τις
162 2304 284 2389 ἀνδρὸς
300 2314 463 2375 πλουσίου
478 2307 665 2391 προθύμως
678 2308 732 2373 καὶ
747 2307 997 2390 φιλανθρώπως
1013 2309 1060 2372 ἔτι

52 2430 87 2471 τε
101 2405 317 2489 φιλοφρόνως
328 2408 501 2484 ἑστιῶντος
513 2406 566 2473 καὶ
580 2410 760 2485 ξενίζοντος
770 2403 915 2483 πολλούς
927 2403 994 2490 ἅμα
1005 2404 1060 2471 καὶ

51 2504 303 2588 παντοδαπούς,
326 2506 404 2585 τούς
419 2506 482 2593 μὲν
501 2503 670 2589 ἀσθενεῖς,
691 2502 770 2583 τούς
788 2506 823 2570 δὲ
840 2506 1059 2589 ἐρρωμένους,

51 2602 192 2670 κάπειτα
213 2608 421 2687 παραθέντος
443 2603 549 2673 πολλὰ
569 2606 623 2671 καὶ
641 2604 853 2687 παντοδαποί,
874 2603 982 2669 πάντα
997 2599 1059 2681 ἀρ-

52 2702 149 2782 πάζοι
165 2703 219 2770 καὶ
232 2704 340 2770 πάντα
355 2706 478 2785 ἐσθίοι,
496 2699 540 2788 μὴ
556 2701 752 2788 τάπλησιόν
767 2701 890 2787 μόνον,
906 2697 989 2768 ἀλλά
1003 2700 1058 2766 καὶ
1077 2721 1130 2775 543

51 2797 91 2865 τά
112 2799 227 2881 πόρρω
241 2798 280 2867 τά
298 2816 366 2881 τοῖς
381 2800 565 2870 ἀσθενοῦσι
581 2804 874 2886 παρεσκευασμένα
897 2796 1060 2884 ὑγιαίνων

50 2895 169 2980 αύτός,
185 2898 352 2966 καὶταῦτα
366 2906 446 2986 μίαν
460 2902 522 2986 μὲν
533 2907 664 2969 κοιλίαν
679 2905 778 2985 ἔχων,
794 2895 917 2981 ὀλίγων
929 2895 964 2963 δὲ
976 2893 1059 2962 ῶστε

51 3005 219 3080 τραφῆναι
229 2998 397 3085 δεόμενος,
408 2995 473 3066 ύπό
484 3006 551 3065 τῶν
562 3006 697 3066 πολλῶν
707 2997 976 3083 έπιτριβησεσθαι
987 2995 1059 3080 μέλ-

50 3105 132 3180 λων,
149 3087 247 3173 οὗτος
261 3094 278 3163 ὁ
290 3094 376 3183 ἀνὴρ
389 3098 482 3175 ποῖός
493 3124 544 3176 τις
556 3103 649 3165 δοκεῖ
658 3117 710 3163 σοι
723 3094 822 3175 ελναι;
846 3086 911 3178 ἀρά
922 3120 959 3180 χε
972 3093 1057 3179 φρό-

52 3221 164 3279 νιμος;

136 3300 236 3362 ΛΥΚ.
261 3292 333 3361 Ούκ
351 3299 471 3380 ἔμοιγε.

136 3398 239 3459 KPN.
267 3399 308 3459 Τί
321 3395 374 3471 θές
394 3393 559 3479 σῶφρων;

135 3498 229 3559 ΛΤΚ
259 3492 348 3560 Οὐδὲ
363 3500 472 3563 τοῦτο.
